3078 4978
309 432 369 497 694
611 485 614 490 ,
711 433 838 485 uonnru
858 435 986 486 cronon

437 589 474 657 Ut
495 606 617 676 nuper,
642 601 732 656 actus
755 611 829 657 cum
850 591 931 657 ireto
953 593 1130 679 Neptunius

476 711 550 775 Dux
570 709 649 798 fugit
671 712 751 777 ustis
773 709 922 788 navibus,

439 831 575 898 Minatus
597 831 674 899 Urbi
697 831 816 908 vincla,
841 853 926 920 quac
949 832 1131 900 detraxerat

475 953 586 1020 Servis
607 954 730 1020 amicus
753 951 894 1040 perfidis.

434 1077 596 1142 Romanus
609 1127 616 1150 ,
640 1073 733 1150 eheu,
746 1111 789 1123 -·-
802 1075 923 1162 posteri
946 1075 1102 1163 negabitis
1115 1114 1158 1125 —

479 1197 704 1283 Emancipatus
726 1194 863 1263 feminae

435 1321 510 1385 Fert
531 1316 650 1384 vallum
671 1327 704 1384 et
725 1337 815 1383 arma
836 1317 929 1384 miles
952 1329 985 1385 et
1004 1317 1205 1404 spadonibus

478 1439 607 1506 Servire
628 1439 756 1526 rugosis
781 1447 902 1526 potest,

372 1622 411 1670 ii.
430 1621 477 1670 tou
493 1621 540 1670 tau
555 1620 582 1670 F.
601 1647 628 1656 —
648 1620 688 1670 η.
707 1618 817 1672 Ultimus
833 1619 912 1670 huius
929 1620 1053 1670 carminis
1070 1633 1095 1668 v.
1114 1620 1141 1672 in
1157 1621 1187 1670 B.

306 1777 401 1828 Athen,
415 1780 439 1838 4,
452 1777 497 1828 28:
512 1769 655 1850 (Όμηρος)
666 1781 728 1840 τοῖς
739 1805 755 1816 -
765 1775 834 1847 βορ-
870 1777 946 1826 veste
963 1775 1090 1826 nimirum
1106 1789 1224 1841 cyanea,
1243 1781 1336 1830 conns
1347 1780 1397 1830 ho-

306 1847 409 1923 βάροις
437 1845 595 1902 ἀποδίδωσι
622 1847 691 1914 τοὺς
715 1845 831 1914 αὐλούς.
870 1851 926 1900 stes
951 1847 1113 1914 pugnabat.»
1143 1853 1228 1902 Con.
1247 1853 1326 1912 Cauo.
1356 1855 1399 1904 Si-

307 1920 543 1997 ΕεῑὴΦρσγιστί,
563 1927 831 1990 quaecompotstioni
870 1922 940 1973 milia
966 1923 1074 1974 tradunt
1098 1925 1147 1976 Dio
1172 1925 1219 1988 ta,
1239 1927 1279 1978 ta.
1306 1926 1396 1978 Aurei.

308 2005 349 2053 est
366 2000 652 2052 accommodatissima.
680 2001 770 2063 uda,
791 2001 831 2063 49,
870 1995 968 2048 Victor.
988 1999 1017 2048 C.
1040 1998 1083 2050 at:
1113 1999 1176 2050 Com
1200 2003 1270 2050 muri
1293 2001 1400 2065 [νοοῦσ-

310 2077 391 2140 i8sq.
406 2073 558 2126 Csr.Catull¹
571 2074 683 2136 sistat:
704 2073 834 2128 Borboro-
868 2077 993 2134 unctor,
1011 2071 1120 2135 Neptuni
1136 2087 1162 2123 aa
1176 2073 1258 2138 μέσον
1274 2076 1400 2139 consonas
1503 2067 1507 2076 “

310 2165 359 2214 quc
382 2151 495 2202 torribiti
516 2150 635 2200 stridebat
659 2150 721 2200 titio
745 2155 831 2200 cantu.
869 2151 918 2208 cst,
945 2159 1051 2210 ισοιονι
1066 2146 1144 2198 bubus
1165 2151 1266 2200 emotis
1288 2155 1312 2200 st
1335 2163 1399 2212 epac

307 2227 463 2290 (Barbarum
473 2239 523 2290 pro
535 2225 663 2288 Phrygtm
676 2225 736 2276 vide
749 2223 830 2276 Stant.
866 2221 989 2283 ptcocoit.
1010 2245 1037 2258 —
1062 2223 1124 2272 ustis
1144 2223 1258 2288 meiius]
1284 2225 1335 2275 Dio
1352 2225 1398 2284 ts,

307 2301 457 2352 addesch.
483 2303 555 2351 Pers.
579 2299 635 2350 ⁴87.
662 2300 754 2361 Hans.)
784 2298 832 2350 atti
870 2295 918 2344 to:
936 2291 1030 2345 πάντα
1046 2289 1083 2346 τὰ
1100 2294 1203 2362 σκάφη
1220 2293 1399 2362 (Σέξτου)τά

307 2378 432 2441 quidem,
456 2380 486 2427 ut
506 2379 584 2440 puto,
608 2377 697 2427 minus
713 2378 787 2426 recte
803 2391 830 2426 v.
868 2383 899 2419 rs
916 2369 947 2433 ἐς
968 2365 1002 2420 τὸ
1019 2367 1175 2437 τεναγῶδες
1195 2364 1354 2423 induem
1370 2368 1399 2437 (ὁ

306 2451 445 2500 barbariam
466 2451 501 2501 de
523 2450 605 2513 Lydia
626 2450 766 2502 harmonia
785 2464 832 2501 ex·
869 2443 994 2516 Καῖσαρ)
1014 2447 1206 2516 κατεπίμκρη.
1230 2473 1258 2484 -
1286 2449 1400 2498 utem

306 2523 413 2589 plicant.
444 2551 472 2560 -
505 2525 578 2573 itane
611 2529 703 2574 autem
735 2518 833 2575 αὐλῶν
872 2520 931 2569 Urbi
940 2521 1033 2586 mocio]
1052 2533 1162 2586 semper
1173 2524 1274 2584 tamen,
1295 2521 1400 2588 veiper

309 2595 382 2670 πρὸς
406 2593 496 2668 λύραν
518 2599 671 2647 κοινωνίαν
696 2599 832 2662 Ephippus
869 2607 1007 2655 nummos.
1026 2595 1110 2659 patris
1126 2595 1261 2646 vindicem
1282 2609 1345 2648 sese
1362 2598 1401 2648 ie-

306 2674 445 2740 μεγίστην
460 2673 565 2743 τέρψιν
581 2673 660 2722 vooat
676 2685 718 2738 ap.
734 2673 830 2724 Athen.
870 2681 942 2720 rens.
963 2697 991 2706 -
1009 2669 1101 2734 snus]
1123 2671 1173 2720 Dio
1190 2669 1237 2730 ta,
1252 2671 1298 2721 ⁴9:
1317 2667 1353 2722 τό
1369 2685 1399 2722 ra

308 2746 352 2809 tt,
372 2747 411 2808 9.,
431 2749 458 2796 et
474 2747 569 2797 usitata
587 2748 645 2797 erat
666 2748 719 2796 iam
736 2746 832 2797 iudea
869 2743 981 2796 ἐκείνου
1008 2743 1095 2807 (saxa)
1123 2739 1260 2796 ναυτικὸν
1290 2747 1341 2796 καὶ
1364 2734 1398 2798 τὸ

308 2821 473 2886 temporibus
492 2821 639 2872 Homericis
663 2820 691 2872 li.
710 2835 743 2882 ο,
767 2820 830 2872 tat:
869 2815 926 2868 τῶν
943 2813 1055 2869 δούλων
1076 2813 1134 2868 τῶν
1156 2817 1189 2870 ix
1210 2813 1264 2884 τῆς
1279 2813 1399 2884 Ἰταλιας

308 2891 397 2948 Αὖλον
418 2893 578 2964 φόρμιγγές
600 2909 630 2946 τε
651 2891 728 2961 βοὴν
751 2889 829 2956 ἔχον.
869 2887 1093 2958 ἀφικνουμένων
1127 2891 1240 2958 πλῆθος
1268 2895 1398 2966 προσλο-

338 2971 411 3021 7-40.
432 2972 462 3020 Ut
477 2971 566 3034 nuper]
583 2969 832 3030 «Quemadmodum
869 2965 931 3031 pov
948 2965 1086 3034 πάμπολυ
1103 2963 1232 3035 ηὐξήθη.
1254 2967 1398 3023 Τοσοῦτοι

307 3045 405 3098 abhinc
422 3048 550 3096 sexennio
569 3046 601 3109 (a.
619 3059 646 3096 u.
665 3059 688 3096 c.
707 3045 773 3108 748.)
792 3046 833 3097 ie-
869 3041 925 3115 γὰρ
949 3039 984 3108 δὴ
1014 3037 1216 3109 ηὐτομόλουν,
1245 3037 1322 3096 ὥστε
1349 3048 1397 3096 καὶ

307 3122 406 3182 cimus,
425 3123 455 3170 ut
466 3119 595 3171 sollemne
608 3121 760 3171 convivium
772 3133 833 3183 age-
869 3115 922 3182 τὰς
938 3113 1147 3190 &camacum
1163 3120 1228 3170 καθ’
1248 3115 1333 3188 ἱερᾶν
1354 3113 1399 3172 εὖ·

307 3207 398 3244 remus
414 3197 525 3258 propter
541 3195 601 3244 Sex.
615 3195 771 3259 Pompeium
787 3194 834 3244 de-
869 3189 978 3258 ξασθαι
1005 3191 1196 3260 ἐπισχεθῆναι
1226 3193 1313 3256 σφῶν
1346 3195 1398 3259 τὰς

306 3271 406 3320 victum
433 3268 467 3318 ab
497 3269 637 3319 Octaviano
664 3270 691 3318 et
717 3269 832 3332 Agrippa
869 3263 1056 3334 αὐτομολίας.
1070 3271 1145 3320 Oros.
1159 3271 1188 3330 6,
1202 3271 1245 3322 ta:
1265 3271 1396 3332 ommno,

305 3356 390 3409 prope
417 3344 567 3395 Messanam
592 3346 619 3393 et
646 3347 731 3392 uetiam
755 3341 833 3407 (διω-
869 3349 1033 3395 cumcontra
1051 3349 1156 3407 pactum
1176 3345 1307 3407 Pontpeim
1327 3347 1397 3410 [uqi-

306 3419 429 3478 χθέντα,
448 3417 575 3482 iugatum)
602 3430 635 3466 ex
659 3416 727 3467 freto
744 3417 832 3468 Siculo
870 3419 1081 3482 tiocsudtcporet,
1099 3424 1128 3468 ut
1144 3419 1221 3469 bostis
1236 3419 1337 3470 babitu
1353 3425 1395 3470 cst.

307 3495 464 3558 (posteaque
481 3493 508 3543 in
527 3493 588 3543 Asia
606 3492 775 3543 interiectum
797 3493 831 3544 ab
870 3495 924 3546 Cir.
943 3494 1027 3559 Epod.
1040 3492 1070 3555 t,
1090 3493 1131 3544 49.
1149 3492 1241 3544 Vellei.
1255 3495 1286 3556 2,
1305 3495 1347 3546 73.

306 3567 479 3632 antonianis).
494 3569 657 3632 Oppressum
667 3570 759 3619 autem
771 3570 830 3620 Sex.
903 3567 999 3620 44-44.
1017 3570 1169 3620 Ronanu-
1179 3595 1195 3606 -
1206 3569 1395 3634 Emancipatmi

306 3643 463 3705 Pompeium
498 3645 633 3707 tamquam
664 3641 832 3708 praeludium
867 3644 1039 3706 Emcooiport
1055 3655 1080 3693 sc
1096 3643 1174 3692 οὶιοοῑ
1191 3645 1232 3693 est
1250 3655 1296 3694 ose
1316 3643 1396 3694 veiah'

306 3717 387 3780 atque
412 3729 493 3766 omen
518 3717 644 3768 victoriae
661 3717 696 3768 de
719 3719 832 3768 Antonio
870 3719 896 3770 in
913 3719 972 3770 aius
989 3719 1153 3782 mancipium
1169 3717 1329 3780 transferre,
1356 3721 1397 3768 to-

307 3789 485 3853 reportandae
498 3793 640 3842 memorat.
653 3819 681 3828 -
693 3793 834 3855 Neptunia
869 3795 926 3846 tum
938 3806 968 3844 so
980 3791 1055 3843 alteri
1067 3791 1200 3843 baden.»
1219 3793 1314 3856 (minor
1327 3793 1398 3843 m

309 3865 381 3926 Diae]
398 3866 427 3914 In
445 3865 503 3916 Sex.
524 3867 642 3931 Pompeii
662 3879 772 3917 nummo
792 3869 834 3918 ast
869 3867 1051 3932 ιιὶὸιίμιιισ.»
1069 3865 1157 3928 voss.)
1173 3865 1257 3916 Plaut.
1268 3867 1394 3918 sacchia.

307 3942 445 4004 Neptunus
462 3939 579 4004 aplustre
592 3953 673 3990 manu
685 3943 793 4003 gestans
805 3945 833 3994 et
870 3943 899 4004 i,
928 3943 955 4003 i,
982 3941 1030 3992 ta:
1058 3941 1144 4002 Νινιι,
1170 3941 1273 4001 mitior,
1299 3941 1343 3991 tibi
1357 3955 1397 3992 m

307 4014 397 4064 addita
414 4028 503 4078 prora.
531 4013 632 4078 (uutler
648 4015 753 4064 Dentm.
766 4017 786 4066 1.
800 4019 830 4066 N.
870 4029 1024 4078 enimtotpm
1054 4015 1119 4065 Titus
1133 4027 1204 4076 suns,
1229 4014 1274 4064 titi
1292 4027 1396 4077 opero

307 4087 375 4151 tta.)
404 4088 636 4151 «Senpompeius
653 4099 683 4137 se
700 4087 834 4140 ffliumdi·
870 4091 910 4141 do.
941 4089 996 4141 Cic.
1015 4089 1080 4140 Phil.
1099 4091 1129 4151 2,
1146 4090 1195 4140 st:
1213 4090 1396 4140 ammom

308 4162 388 4212 oebat
405 4175 465 4213 asse
483 4163 612 4226 Neptuni,
631 4163 661 4212 ut
676 4163 713 4212 ait
729 4164 830 4225 Livius,
870 4165 949 4216 ditm
960 4164 1231 4227 aumoncncpatcm
1241 4163 1396 4228 tribunatu

309 4233 392 4286 einais
415 4249 506 4286 rorum
529 4236 595 4286 mari
619 4238 754 4299 gestarum
774 4237 833 4290 ieli-
869 4239 979 4290 consitiis
999 4241 1087 4290 vestm
1105 4241 1228 4302 oppositis.
1258 4241 1313 4290 ram
1332 4251 1396 4304 pro·

309 4309 402 4368 citata,
429 4323 513 4372 quare
536 4311 562 4361 in
589 4310 680 4362 habitu
700 4313 831 4378 Neptuni,
870 4315 928 4380 prie
962 4313 1072 4379 quidem
1104 4327 1174 4366 unus
1207 4314 1334 4365 Auianius
1365 4326 1395 4362 sc
