3080 4980
573 447 631 497 Lis.
651 447 669 496 l.
707 447 735 496 C.
756 448 773 496 l.

335 604 504 668 Terrarum
526 601 674 670 dominos
695 601 802 670 evehit
823 602 865 668 ad
886 601 983 680 deos3

336 726 444 800 lluuc,
468 725 494 790 si
518 723 683 791 mobilium
705 723 799 790 turba
821 724 991 806 Quiritium

210 933 234 981 6.
254 933 353 982 eamme
368 931 452 982 Bentl.
472 933 538 981 coni.
555 959 581 966 -
595 933 629 980 ed
645 933 709 980 deos.
723 932 794 982 Hunc
811 932 889 982 LCtF.
906 958 933 966 -
946 933 970 980 7.
988 933 1108 982 nobilium
1124 933 1189 984 de.

176 1007 206 1056 ln
223 1008 251 1056 B.
270 1005 390 1055 ιιοίιίίίιιοι
405 1018 538 1071 superscr.
557 1017 591 1054 m.
611 1005 724 1069 (Habent
738 1005 866 1055 nmbdtrmr
876 1004 923 1072 βγ,
941 1021 959 1054 κ
974 1019 1028 1056 sec.
1049 1019 1095 1068 m.,
1115 1012 1193 1070 quat-

177 1085 237 1132 tuor
254 1080 364 1142 Blend,
383 1085 438 1132 tres
457 1081 589 1143 Pettierii.)

144 1253 325 1314 respueretur.
371 1249 411 1298 Ad
437 1261 514 1298 usum
541 1247 667 1312 loquendi
703 1248 843 1299 suetudine
860 1249 959 1310 Latina,
978 1251 1119 1302 odoarium
1129 1250 1228 1303 metere

143 1324 190 1374 cir.
214 1325 268 1374 Sat.
293 1323 317 1382 l,
341 1321 365 1382 4,
389 1323 433 1371 30:
457 1323 541 1384 pellois
556 1323 669 1372 σοίίιοίαι
706 1325 803 1386 (iuven.
823 1325 846 1384 4,
859 1323 920 1385 384,
940 1325 1019 1374 etiam
1036 1327 1062 1375 in
1073 1339 1226 1389 prosaora-

141 1399 253 1459 turbine,
273 1411 337 1462 «per
353 1403 444 1448 aerem
461 1409 570 1460 sparsus
588 1399 667 1462 atque
706 1399 775 1446 tione
787 1398 1001 1460 tollereodustra,
1012 1399 1150 1450 medelum
1162 1403 1225 1465 (Cic.

141 1473 382 1538 conglomeratus.»
408 1472 556 1522 Simonides
568 1474 595 1523 in
607 1473 668 1536 Epi·
705 1471 738 1522 de
757 1474 799 1521 Or.
813 1471 837 1532 3,
855 1473 897 1532 46,
916 1472 972 1523 iot.
986 1473 1021 1523 ed
1032 1477 1084 1524 att.
1099 1476 1123 1536 2,
1137 1477 1178 1537 25,
1192 1478 1225 1540 4.)

140 1551 210 1600 nicio
228 1548 301 1611 apud
319 1547 482 1598 Schneidew.
501 1546 558 1597 Dei.
569 1561 595 1612 p.
609 1547 666 1597 384.
706 1545 846 1606 «efficere,
865 1548 906 1606 ut,
926 1561 988 1598 cum
1005 1550 1124 1599 omnium
1140 1548 1227 1599 laudi-

139 1626 179 1675 Fr.
194 1625 225 1674 7:
244 1622 338 1673 Κονία
354 1617 386 1672 δὲ
403 1617 480 1692 παρὰ
493 1617 600 1690 τροχὸν
615 1635 668 1685 με·
705 1619 756 1670 bus
774 1619 929 1672 extollantur
946 1625 1025 1686 atque
1041 1621 1130 1672 felices
1147 1638 1228 1687 prae-

139 1693 288 1763 ταμώνιος
304 1691 407 1767 ἀέρθη.
428 1723 455 1733 -
479 1696 601 1760 octoque]
618 1709 668 1759 pro
705 1695 838 1754 dicentur,
857 1696 905 1758 ipsi
922 1709 1029 1759 quoque
1045 1698 1160 1748 maiores
1173 1701 1228 1762 spi·

139 1775 193 1824 bis:
217 1778 262 1822 «et
278 1785 340 1835 quos
356 1777 423 1822 mem
440 1775 518 1834 cetu,
537 1775 567 1822 ut
578 1773 666 1822 carm.
705 1771 769 1820 dtus
781 1773 914 1820 sumant.»
941 1771 992 1822 Cir.
1006 1773 1112 1824 Luciau.
1125 1776 1226 1825 Auacb.

139 1849 198 1899 Sec.
220 1847 262 1896 46.
276 1875 304 1882 -
321 1846 432 1910 [mittis]
452 1847 593 1908 «vertigine
611 1847 668 1910 ipsa
705 1845 749 1894 to:
765 1838 852 1914 Ὁρᾷς
868 1843 919 1895 τὸν
936 1842 1095 1911 νικήσαντα
1113 1850 1148 1912 (in
1159 1847 1228 1900 ludis

140 1921 319 1974 calentibus.»
338 1923 429 1971 Scuou.
449 1921 518 1984 virg.
537 1923 630 1984 Georg.
642 1921 667 1982 3,
704 1919 825 1984 publicis]
869 1917 987 1972 taddaeo
1028 1921 1226 1990 νομιζόμενον.

140 1999 201 2048 ter:
222 1996 292 2046 uolut
306 1998 332 2044 ut
341 1997 452 2060 [nuidtu
463 1998 528 2046 aeis.
547 1998 612 2046 Aen.
626 1997 667 2058 44,
705 1995 779 2046 Ouid.
798 2009 831 2044 ex
848 1997 931 2047 Ponto
943 1999 966 2058 i,
986 1997 1010 2059 9,
1028 1999 1074 2049 36:
1094 2001 1229 2050 imaum

141 2072 202 2121 ios:
225 2072 356 2132 Frenaque
371 2072 536 2135 [eventisque
551 2076 629 2120 rotae.
705 2071 817 2120 dominos
834 2085 909 2132 quom
926 2073 1047 2134 cottsipse
1057 2076 1121 2124 deos.
1140 2075 1188 2125 0d.
1201 2074 1227 2134 4,

170 2148 196 2196 u.
217 2145 330 2209 Εοίίαίο]
352 2146 382 2195 lu
404 2158 437 2195 eo
458 2145 601 2209 praecipue
619 2158 668 2194 au·
705 2147 730 2206 4,
744 2144 788 2194 ii:
808 2147 942 2206 patosEleo
953 2148 1053 2198 dommo
1063 2149 1160 2198 reducit
1166 2150 1228 2210 pal-

139 2221 261 2284 rigorum
283 2232 326 2269 ars
344 2218 517 2280 cernebatur,
541 2222 668 2282 utquam
704 2233 748 2268 nra
759 2219 880 2269 coelestes.
900 2219 973 2270 Falsa
986 2225 1027 2272 est
1039 2223 1227 2286 interpretatio:

138 2296 264 2359 proxime
273 2295 375 2344 circum
386 2297 487 2344 metam
496 2306 605 2344 ctusum
617 2295 668 2344 lle-
706 2294 852 2350 «rieures.
875 2294 997 2344 homiues
1013 2294 1171 2359 plerumque
1188 2295 1230 2346 lo-

140 2372 248 2420 ctereut
264 2383 316 2419 nec
337 2371 428 2420 temen
448 2371 475 2420 iu
493 2382 554 2418 earn
572 2370 668 2433 impiu—
706 2367 838 2432 cupietes,
857 2371 948 2432 utpote
967 2367 1227 2440 ίπποιροφοῦντας,

140 2446 245 2508 gerent.
275 2445 362 2494 bletae
372 2444 458 2508 perite
471 2444 582 2494 evitatae
601 2444 669 2492 ima-
706 2441 839 2492 interdum
853 2455 944 2506 reges,
962 2443 1084 2508 adeoque
1097 2448 1229 2498 terrarum

140 2520 232 2584 ginern
249 2516 334 2568 habes
352 2517 422 2581 apud
439 2517 570 2580 Miliingen
585 2515 668 2567 Cohill
705 2515 785 2566 veluti
802 2517 937 2579 dominos,
961 2519 1060 2570 extollit
1081 2522 1115 2571 ad
1136 2521 1228 2572 deos.»

139 2595 166 2644 T.
191 2593 218 2642 9.
245 2619 273 2628 —
292 2592 389 2655 panna]
413 2593 556 2642 Pausanias
578 2592 603 2652 8,
622 2590 666 2642 48:
705 2591 758 2642 Sed
783 2593 851 2642 haec
876 2587 1022 2658 ἀντίθεσις
1049 2597 1229 2646 recentiorum

138 2661 169 2717 ἐν
190 2661 250 2733 μὲν
271 2659 411 2734 Ὀλυμπίᾳ
426 2667 543 2716 κοτίνου
568 2662 607 2732 τῷ
625 2681 669 2716 νι-
704 2665 853 2729 linguarum
870 2670 1078 2720 Romanensium
1095 2673 1170 2734 po'csi
1187 2671 1229 2720 di-

138 2741 229 2794 κιῑντι
257 2741 367 2794 δίδοται
395 2743 540 2806 στέφανος
564 2744 614 2794 καί
637 2741 669 2792 ἐν
705 2744 870 2806 gniorquam
881 2743 1230 2810 autiquaetsibaudigno·

139 2817 267 2880 Δελφοῖς
293 2814 421 2883 δάφνης,
451 2817 482 2868 ἐν
504 2813 609 2885 Ἰσθμῷ
637 2817 668 2868 dd
704 2831 744 2878 ro,
768 2819 906 2868 abucano
923 2819 948 2878 8,
967 2820 1025 2870 208.
1048 2833 1118 2883 repes
1137 2821 1228 2882 utique

140 2895 225 2956 τίτας
250 2893 301 2943 ιιαί
325 2891 357 2943 ἐν
381 2893 480 2961 Νεμέᾳ
504 2893 612 2944 σέλινα·
639 2894 671 2944 ot
704 2891 793 2940 vocari
818 2897 946 2942 terrum
966 2895 1085 2944 dominos.
1107 2921 1134 2931 —
1156 2893 1229 2944 llaec

138 2965 169 3019 δὲ
194 2961 307 3033 ἀγῶνες
332 2967 465 3030 φοίνικος
491 2961 611 3028 ἔχουσιν
638 2969 671 3019 ot
704 2967 783 3028 igitur
804 2965 837 3015 de
860 2967 980 3028 Graecis,
1003 2967 1100 3030 quibus
1120 2969 1227 3018 victoria

139 3041 244 3093 πολλοὶ
266 3043 421 3102 στέφανον·
443 3041 473 3105 ἐς
496 3040 527 3095 δὲ
547 3038 601 3108 τὴν
621 3041 668 3094 de·
704 3039 841 3104 otympma
853 3055 905 3091 non
918 3043 1004 3092 minus
1016 3045 1074 3092 erat
1084 3043 1228 3092 honorifica

138 3115 206 3182 ξιάν
230 3115 292 3167 ἐστι
313 3116 363 3166 καί
384 3109 534 3174 πανταχοῦ
560 3111 599 3181 τῷ
625 3132 667 3166 νι-
705 3126 786 3176 quarn
798 3115 947 3178 triumphus
958 3117 1091 3166 Romanis.
1106 3117 1168 3180 (Cic.
1179 3129 1228 3180 pro

138 3189 229 3244 κῶντι
237 3191 424 3256 ἐπιθέμενος
434 3185 541 3253 φοῖνιξ.
560 3189 664 3241 Pindar.
704 3187 850 3238 Flaccol3:
865 3189 1048 3250 Olympionices
1057 3191 1230 3251 ememtopud

139 3269 246 3330 Dithyr.
266 3267 306 3316 Fr.
325 3265 349 3316 3.
368 3265 482 3316 Boeclh.
500 3265 547 3316 Ed.
561 3267 625 3316 min.
638 3279 664 3329 p.
705 3263 813 3312 Graecos
831 3275 912 3324 prope
932 3263 1016 3312 neotus
1039 3268 1063 3312 et
1086 3263 1227 3328 peneum,

138 3345 202 3394 209:
220 3335 271 3391 Ἔν
285 3335 393 3412 Ἀργείᾳ
402 3341 500 3408 Νεμέᾳ
515 3339 619 3407 μάντιν
631 3335 666 3392 οὐ
705 3351 782 3399 ouum
802 3338 894 3388 ίίονιιιι
914 3338 1086 3400 trimnpbusse.
1121 3338 1225 3390 Tuscul.

139 3412 280 3468 λανθάνει
291 3416 425 3480 Φοίνικος
437 3409 528 3486 ἔρνος.
559 3419 668 3466 Praeter
703 3414 728 3472 t,
749 3413 792 3462 tu:
813 3413 916 3462 Graecis
934 3413 1106 3475 Olympiorum
1120 3415 1228 3466 uictor-to

141 3504 270 3542 coronam
287 3489 424 3554 Olympiae
445 3505 478 3540 ex
500 3489 607 3542 oleastri
622 3504 667 3540 ra·
703 3489 845 3538 concidatis
855 3489 895 3538 tlte
906 3489 1154 3555 conponendam.)
1172 3491 1228 3540 lam

141 3563 271 3616 musculis
293 3579 405 3626 nexam,
429 3579 482 3628 qua
499 3568 579 3629 caput
595 3565 667 3615 redi·
704 3564 796 3614 transit
813 3562 848 3612 ad
864 3561 1006 3626 populares
1023 3577 1095 3614 suos.

141 3640 243 3690 miebat
259 3641 356 3698 victor,
375 3639 493 3703 palmam
509 3641 602 3690 dextra
619 3653 666 3703 ge·
736 3639 760 3687 7.
786 3637 866 3700 Ηιιιιι]
889 3637 1026 3688 bominem
1044 3637 1223 3700 ambitiosum,

141 3714 231 3764 stabat
264 3712 307 3764 vel
334 3715 395 3776 equi
427 3713 507 3764 iubae
540 3713 663 3777 illigabat.
702 3713 785 3772 ίίίιιιιι,
804 3713 849 3775 qui
866 3711 961 3762 divitiis
981 3713 1149 3777 acquirendis
1166 3727 1226 3764 ma-

143 3787 239 3848 (Paima
252 3791 344 3838 autem
355 3802 371 3839 a
382 3789 485 3838 Theseo
499 3789 614 3852 primum
625 3790 666 3838 vi·
703 3786 741 3848 gis
754 3787 842 3846 inhiat,
855 3788 885 3836 ut
896 3786 1017 3837 solebant
1025 3787 1157 3850 equestris
1167 3786 1226 3850 ple-

144 3865 231 3913 ctores
261 3865 368 3914 ornatos
398 3875 458 3914 esse
492 3864 571 3913 tradit
598 3861 664 3914 Plut.
702 3873 815 3922 rumque
825 3859 924 3910 ordinis
936 3862 1120 3923 negotiatores.
1133 3874 1226 3911 -mo-

143 3937 219 3988 Thes.
238 3939 280 3987 24.
299 3939 338 3987 De
356 3937 478 3988 Romanis
496 3937 542 3987 cir.
555 3939 610 3988 biv,
624 3938 664 3998 40,
702 3935 795 3998 biliam]
816 3934 915 3985 «modo
933 3935 1007 3996 huic,
1027 3935 1106 3986 modo
1123 3933 1158 3984 illi
1175 3936 1225 3986 bo-

143 4008 186 4060 iu:
206 4012 238 4074 (a.
252 4025 278 4061 u.
299 4025 322 4061 e.
341 4011 408 4074 464.)
423 4014 526 4074 pubnce
542 4019 595 4062 tom
608 4012 667 4074 pru*-
702 4023 781 4060 nores
802 4007 981 4072 largientium,
1003 4009 1101 4061 multos
1118 4009 1223 4073 repulsa

142 4097 219 4146 moin,
237 4087 360 4138 trunstoto
376 4100 390 4137 e
406 4088 515 4138 Graecia
530 4101 608 4149 more,
625 4088 665 4138 oi-
701 4084 878 4134 nutantium.»
901 4085 967 4148 Epp.
991 4085 1015 4144 4,
1035 4085 1075 4144 49,
1094 4083 1138 4134 bl:
1162 4097 1224 4132 νιιι-

143 4159 249 4210 aarum
265 4161 361 4226 dutoe)
700 4159 851 4221 tosoeptabis
860 4159 992 4222 mffraptc.
1005 4160 1044 4209 De
1056 4159 1223 4208 comitiorum

177 4234 199 4282 6.
218 4236 303 4299 eoebit]
320 4238 378 4286 Non
396 4239 438 4286 est
449 4236 520 4286 idem
535 4250 566 4287 ac
582 4250 607 4284 v.
621 4235 662 4286 ³0.
701 4234 785 4284 turbis
802 4233 949 4284 luculentos
965 4232 1050 4284 habes
1068 4232 1140 4282 locos
1152 4231 1222 4294 apud

146 4319 183 4354 mr
197 4310 242 4358 Die
257 4311 360 4360 misceat
369 4312 473 4374 uaporis
492 4311 540 4362 sed
555 4323 664 4361 excon-
701 4311 856 4360 Ciceronem
889 4322 937 4372 pro
965 4310 1073 4360 Murena
1105 4308 1145 4367 ti,
1175 4306 1220 4356 35:
