3080 4980
687 360 815 412 honam
834 359 1003 410 CAllllllllUlll

433 545 437 551 ¹
479 517 629 586 Olortes
651 517 829 604 peioraque
851 515 939 603 passi

388 641 513 707 Mecum
535 658 634 725 saepe
656 637 732 714 viri,
756 657 841 703 nuno
862 635 937 701 vino
959 633 1069 723 pellite
1090 655 1203 712 curas;

478 761 557 827 Cras
581 759 693 846 ingens
716 757 903 824 iterabimus
926 777 1058 846 aequor.

303 962 406 1009 Seneca
423 957 517 1009 Troad.
536 956 594 1008 8ll.
617 957 679 1006 huic
695 957 829 1022 αιιιὸιρναι
865 957 951 1008 Teucri
965 969 1017 1006 ooo
1033 956 1218 1006 accomodari
1226 961 1321 1019 potest:
1338 958 1388 1008 Po-

302 1047 390 1084 nerom
406 1032 537 1084 Salamina
554 1034 699 1096 opponunt.
862 1032 915 1082 ttt'c
931 1036 978 1092 ost,
996 1029 1137 1092 micasque
1152 1034 1187 1080 ost
1204 1030 1270 1082 horta

336 1108 377 1159 30.
396 1108 491 1170 Odyss.
509 1123 543 1171 μ,
561 1107 621 1156 208:
641 1096 772 1167 ὦφιλοι,
791 1099 826 1155 οὐ

303 1178 359 1254 ya‘p
377 1177 420 1232 πώ
437 1195 465 1231 τι
486 1177 584 1230 κακῶν
605 1175 770 1246 ἀδαήμονές
787 1180 828 1228 sl·
896 1179 936 1230 3ι.
956 1181 995 1230 32.
1015 1179 1071 1231 Tib.
1091 1180 1114 1242 l,
1133 1181 1157 1240 a,
1177 1179 1220 1229 37:
1244 1179 1325 1242 Scopa
1344 1193 1388 1244 opo

303 1272 357 1322 μιν
374 1273 401 1306 ιι.
419 1271 445 1307 τ.
467 1253 491 1305 λ.
526 1256 596 1318 virg.
623 1257 689 1306 Aen.
717 1255 741 1316 l,
766 1255 825 1304 ⁴98:
864 1255 957 1304 hatoni
973 1269 1049 1305 curos
1071 1255 1272 1316 dopollorooino.
1295 1282 1323 1292 —-
1340 1255 1388 1304 ito-

304 1332 418 1391 Oeocii,
444 1343 524 1392 ncqoo
547 1331 613 1380 onim
638 1330 724 1393 iquori
744 1341 829 1378 ινιιινι
863 1329 976 1378 rohimm
986 1329 1088 1393 ooqoor]
1108 1331 1238 1379 «Rursum
1255 1326 1389 1391 navigabi-

304 1411 362 1457 onto
386 1405 525 1466 macriora,
557 1405 576 1454 0
598 1403 668 1467 passi
694 1405 826 1468 praviora,
864 1416 938 1465 mus,
956 1405 986 1452 ut
1002 1415 1065 1453 cum
1081 1403 1185 1452 Troiam
1202 1400 1387 1466 olimprolecti

304 1481 373 1532 auoit
394 1481 453 1530 dcta
473 1481 511 1530 tia
532 1493 629 1541 quoquo
652 1481 735 1544 fincta
771 1479 825 1529 Cic.
864 1479 945 1541 atque
962 1477 1048 1527 inde
1042 1491 1068 1526 m
1089 1478 1202 1541 patriam
1222 1477 1326 1526 reversi
1342 1490 1389 1528 su-

305 1557 381 1607 huso
401 1557 425 1616 o,
445 1555 489 1606 37:
524 1554 562 1604 Ad
586 1552 829 1606 omnonrottoomr
864 1563 952 1606 mus.»

771 1761 919 1772 n...—

665 1923 1088 2018 excorians·

745 2075 789 2125 ad.
807 2087 851 2124 νν.
870 2076 943 2126 5—.7.

369 2197 461 2248 Utrum
478 2209 520 2246 vv.
539 2197 652 2245 ommino
664 2201 786 2258 perpenso
803 2196 926 2247 Horatius
943 2199 1047 2246 certum
1065 2195 1172 2260 aliquod
1187 2201 1299 2261 poema,
1316 2212 1343 2248 v.
1363 2211 1387 2248 c.

305 2282 334 2328 ut
350 2279 449 2330 Merkel
466 2279 568 2330 Prolus.
592 2278 626 2328 ad
648 2280 694 2328 0v.
716 2277 774 2329 Ibin
797 2292 824 2343 p.
848 2279 905 2330 370.
924 2281 999 2330 ratus
1017 2281 1070 2342 est,
1088 2279 1263 2344 Euphorionis
1280 2280 1389 2344 Μοψο-

304 2364 373 2413 πιαν
389 2355 411 2428 ἢ
427 2355 550 2412 ’Araura
566 2362 719 2425 significarit
736 2375 835 2424 neone,
859 2363 986 2426 equidem
1002 2363 1150 2414 admodum
1166 2365 1299 2414 incertum
1316 2362 1389 2414 arbl-

304 2449 372 2504 tror;
396 2445 487 2510 plures
509 2447 581 2496 enim
604 2449 680 2496 erant
700 2447 834 2510 Atthides,
858 2445 930 2496 velut
951 2447 1092 2510 Hegesinoi
1112 2449 1224 2497 Pausan.
1243 2446 1268 2507 9,
1286 2447 1329 2508 ιιι,
1349 2447 1388 2506 ι.;

303 2529 338 2579 de
356 2529 457 2592 oyclico
475 2533 547 2581 certe
566 2529 683 2581 carmine
706 2543 799 2593 nemo,
818 2531 848 2580 ut
864 2532 967 2595 opinor,
985 2531 1040 2580 iam
1057 2529 1189 2593 cogitabit.
1219 2527 1286 2579 Illud
1298 2531 1390 2580 autom

304 2613 369 2663 mihi
390 2613 482 2664 videre
503 2613 609 2675 videor,
633 2615 660 2664 in
681 2627 724 2664 vv.
744 2613 807 2678 ipsis
824 2614 937 2664 comino
948 2619 1070 2676 perpetuo
1092 2613 1180 2663 lenem
1202 2613 1291 2663 inesse
1308 2613 1391 2683 sipo-

303 2697 391 2747 νείαν·
410 2697 543 2761 siquidem
560 2699 645 2748 totum
661 2698 714 2747 hoc
731 2709 815 2761 genus
836 2699 933 2761 poetae
950 2696 1057 2761 placere
1073 2697 1117 2746 le
1134 2697 1227 2761 potuit.
1256 2723 1284 2734 -
1312 2696 1390 2756 Quod

226 2773 230 2778 '
302 2793 368 2830 vero
384 2780 419 2830 ad
434 2780 580 2844 benignam
597 2782 702 2844 copiam
719 2783 865 2831 Atticarum
886 2779 1035 2830 tabularum
1053 2781 1154 2842 attinet,
1174 2779 1221 2830 clr.
1243 2779 1391 2830 bacinnum

304 2863 339 2914 de
356 2863 419 2914 salt.
439 2863 491 2924 io,
509 2864 556 2914 ubi
573 2865 767 2928 pantomimum
784 2877 864 2915 nosse
876 2863 978 2914 dehere
994 2865 1042 2924 ait,
1062 2855 1121 2913 ὅσα
1138 2864 1202 2935 περὶ
1215 2856 1363 2928 Ἀθηνᾶς-
1376 2893 1391 2903 -

304 2947 355 2998 και
377 2938 451 3010 ὅλως
472 2942 525 3013 τὴν
548 2941 674 3012 Ἀττικὴν
699 2943 798 2997 πᾶσαν
821 2945 1011 3013 μυθολογίαν·
1038 2947 1114 2998 cuius
1139 2959 1201 2997 curn
1223 2947 1287 2998 satis
1307 2945 1391 2997 multa

304 3033 392 3097 capita
409 3033 600 3094 memorasset,
618 3032 654 3081 ita
671 3033 770 3095 pergit:
789 3028 880 3083 ταῦτα
895 3030 951 3097 μὲν
967 3027 1025 3080 τῶν
1038 3024 1196 3096 Ἀθηναίων
1213 3024 1297 3098 ὀλίγα
1314 3026 1391 3082 πάνυ

304 3114 457 3180 δείγματος
479 3107 563 3166 ἕνεκα
583 3113 616 3166 ἐκ
638 3110 752 3165 πολλῶν
772 3112 830 3165 τῶν
852 3113 1122 3187 παραλελειμμένων
1145 3111 1275 3180 διῆλθον.
1311 3115 1389 3176 Quid,

305 3199 377 3264 quod
395 3198 551 3250 Heliodorus
567 3198 736 3250 Atheniensis
753 3200 821 3249 teste
838 3200 975 3250 Athenaeo
987 3201 1011 3261 6,
1024 3200 1081 3249 229.
1100 3199 1129 3249 E.
1159 3199 1213 3249 XV.
1231 3197 1315 3250 libros
1326 3211 1393 3248 con-

306 3284 412 3348 seripsit
429 3281 493 3352 περὶ
509 3277 562 3348 τῆς
575 3275 730 3348 Ἀθήνησιν
747 3277 933 3354 ἀκροπόλεως
952 3285 999 3332 -ι

372 3367 430 3416 hlen
448 3364 557 3428 quidem
575 3366 756 3429 interpretatio
772 3368 865 3431 paucis
882 3367 972 3417 verbis
989 3367 1134 3417 immutatis
1145 3365 1331 3428 nonnullisque
1343 3365 1393 3415 ad-

307 3450 368 3501 ditis
385 3447 482 3499 eadem
499 3450 553 3509 est,
572 3461 654 3512 quam
670 3451 808 3513 proposuit
823 3449 966 3510 Bentleius,
985 3452 1058 3499 recte
1070 3453 1224 3514 comparato
1235 3450 1393 3500 Lucretiano

307 3533 351 3584 illo
369 3533 392 3594 t,
412 3531 472 3583 926:
500 3533 571 3582 tonat
586 3531 696 3595 intepros
712 3533 828 3584 maedam
848 3534 924 3598 fontis
944 3533 1024 3594 Atqoc
1039 3533 1156 3593 heroica·
1181 3535 1301 3594 twotqua
1316 3545 1394 3582 novos

307 3617 438 3678 mearam
452 3617 539 3680 ttoros,
563 3616 734 3680 innocensque
749 3629 803 3667 mco
821 3617 898 3679 copiti
910 3622 995 3678 pomo
1019 3616 1077 3666 inde
1101 3629 1235 3676 corma·
1261 3613 1393 3678 nobisque

308 3699 413 3751 accedit
430 3697 518 3762 neget.
552 3701 609 3750 lam
626 3698 739 3750 aliorum
756 3699 896 3750 rideamus
913 3699 1060 3763 opiniones.
1090 3698 1113 3761 l)
1132 3700 1310 3762 «Neutiquam
1328 3709 1393 3747 vero

308 3782 447 3849 probanda
473 3785 515 3834 est
539 3783 643 3834 Baxteri
669 3781 821 3848 explicatio,
848 3796 930 3846 quam
952 3795 1038 3846 nuper
1059 3782 1165 3833 Iahnius
1188 3781 1262 3845 (Anu.
1284 3779 1347 3847 phil.
1367 3783 1395 3831 et

308 3865 387 3932 paed.
406 3867 437 3916 ll.
457 3867 480 3916 3.
499 3880 525 3931 p.
544 3866 612 3930 ιλιι.)
631 3869 657 3917 in
674 3867 757 3918 tidem
774 3869 854 3931 atque
876 3865 1024 3918 clientelam
1046 3879 1123 3917 suam
1140 3866 1253 3930 recepit:
1281 3863 1394 3915 Palladis

310 3951 406 4001 urbem
424 3949 498 4001 multi
516 3950 653 4002 celebrant
669 3950 832 4002 carminibus
850 3954 876 4002 ot
893 3952 918 4000 in
936 3950 1067 4001 honorem
1079 3951 1136 4000 elus
1148 3948 1302 4000 frontianae
1314 3961 1395 4013 prae·

311 4035 395 4098 ligrrnt
412 4047 538 4085 coronam
556 4033 717 4099 oleaginum,
741 4047 793 4084 non
816 4035 842 4084 in
863 4035 920 4099 ipsa
942 4033 1010 4084 urbe
1031 4033 1140 4084 Athenis
1157 4033 1326 4096 decerptam,
1345 4031 1394 4084 sed

310 4117 464 4182 ubicunque
480 4121 647 4169 versantur.»
664 4119 757 4167 Asana.
792 4117 816 4180 ι)
844 4119 921 4168 «Non
938 4120 993 4168 tam
1010 4119 1150 4182 poetarum
1175 4117 1262 4168 studia
1288 4116 1393 4166 diversa

310 4201 464 4266 praedicare
481 4201 587 4252 videtur
602 4199 719 4262 Flaccus,
739 4213 819 4264 quam
837 4200 974 4252 hominum
992 4200 1086 4251 iudicia
1105 4200 1139 4251 de
1157 4197 1221 4250 locis
1232 4197 1394 4262 quibusdam

759 4479 777 4507 q
