2986 4974
678 443 806 494 HORATll
825 443 994 494 clulssNUll

549 602 639 666 Luna
661 600 756 675 mari,
781 597 955 666 Cnidiusve
979 597 1105 686 Gyges,

466 761 570 838 Quem
597 759 623 824 si
646 757 826 846 puellarum
848 757 1012 824 insereres
1034 756 1149 832 choro,

472 881 550 946 llire
572 899 707 967 sagaces
730 878 854 946 falleret
875 878 1019 966 hospites

510 1002 690 1068 Discrimen
712 1001 888 1066 obscurum
910 998 1024 1066 solutis

553 1122 702 1190 Crinibus
727 1121 944 1210 ambiguoque
967 1120 1062 1186 voltu.

362 1327 402 1376 20.
422 1324 568 1388 auidiusque
585 1323 617 1382 T,
637 1322 786 1382 Gnidiosque
804 1321 835 1380 F,
855 1321 990 1370 dmidiume
1006 1321 1027 1369 J.
1052 1321 1090 1382 (ve
1111 1319 1219 1370 firmant
1241 1319 1348 1380 llecd.)

332 1428 358 1436 -
378 1399 418 1449 ii.
437 1397 523 1448 Habet
538 1398 607 1446 voltu
624 1410 647 1445 o.

299 1578 379 1628 etiarn
415 1577 519 1626 Tacitus
549 1573 631 1625 habet
670 1573 822 1637 aliquoties)
860 1585 970 1636 sapaces.
1007 1573 1378 1636 Sopocesauiempropterea.
1473 1613 1474 1616 ,

299 1652 380 1702 eliam
405 1649 644 1718 proptereatquod
667 1662 692 1698 v.
717 1649 825 1699 renitere
862 1645 935 1709 quod
952 1645 1057 1696 curiose
1075 1646 1187 1712 hospitis
1205 1647 1291 1696 iocum
1310 1646 1381 1695 deta-

300 1727 326 1775 in
345 1738 396 1776 usu
413 1738 465 1774 non
484 1725 564 1774 assei.
862 1733 925 1783 gere
943 1723 1081 1785 cuperent.

332 1800 373 1849 20.
393 1799 480 1863 Gppoe
497 1799 661 1848 mentionem
674 1796 731 1846 fieri
744 1797 825 1847 etiam
895 1797 936 1845 23.
956 1797 1095 1845 Discrimm
1107 1793 1247 1859 obscurum]
1263 1795 1303 1846 Sic
1316 1792 1381 1858 apud

300 1873 335 1922 ab
353 1873 445 1923 Ouidio
468 1872 531 1921 dicit
552 1870 653 1932 schol,
678 1873 750 1921 certe
772 1885 825 1920 nou
863 1871 975 1920 Statium
999 1869 1091 1919 debili.
1119 1870 1148 1931 l,
1175 1869 1232 1920 336.
1273 1867 1381 1920 Achilles

300 1949 326 1996 in
338 1947 379 2009 iis,
393 1958 462 2008 quae
476 1947 590 2005 exstant,
602 1945 744 2009 poematis.
771 1945 826 1994 Ve-
862 1943 932 1994 inter
954 1943 1121 1994 Deidamiam
1143 1947 1171 1994 et
1192 1957 1309 1994 sorores:
1336 1943 1382 2006 sal-

300 2033 361 2070 rum
379 2023 456 2069 acute
473 2019 539 2070 sidit
551 2021 684 2069 Gesnerus
696 2017 769 2068 locos
781 2017 827 2068 ali·
863 2020 940 2080 litque
956 2023 1050 2068 tuentes
1065 2019 1201 2082 Ambipuus
1217 2019 1333 2079 maique
1346 2019 1381 2066 la·

299 2096 365 2157 quot
382 2093 482 2145 similes
500 2093 583 2144 ovidii
600 2093 669 2156 (Met.
686 2093 710 2154 3,
729 2093 785 2142 323.
800 2093 823 2154 9,
862 2097 915 2142 tetis
932 2093 1074 2142 discrimine
1091 2106 1174 2142 sesses.

298 2169 366 2233 742.)
391 2169 425 2219 de
449 2169 540 2233 pueris
563 2183 579 2218 a
601 2167 695 2231 puellis
719 2169 761 2217 rix
784 2167 827 2217 di·
895 2166 936 2217 ul.
973 2165 1098 2230 Crinibus]
1134 2165 1249 2217 Alebant
1281 2177 1380 2216 comam
1475 2199 1476 2202 ,

300 2244 466 2307 stinguendis
488 2243 646 2293 obversatus
664 2256 723 2294 esse
742 2244 827 2293 Sebo-
862 2242 951 2306 pueri,
983 2255 1036 2292 non
1062 2240 1149 2292 solum
1175 2240 1292 2303 delicati,
1325 2240 1380 2295 sed.

300 2309 392 2369 basus.
422 2346 449 2356 -
478 2319 570 2369 Cnidus
594 2331 616 2368 s.
637 2317 746 2379 Gnidus,
774 2318 827 2367 Ca·
863 2318 892 2366 ut
907 2315 1026 2377 videtur,
1053 2318 1134 2366 etiam
1155 2317 1262 2379 ingenui
1283 2329 1315 2366 ao
1336 2329 1381 2380 pu-

300 2393 354 2442 riae
373 2393 446 2443 urbs.
863 2390 928 2452 diei,
951 2403 1037 2453 usque
1055 2388 1120 2440 dum
1132 2393 1380 2455 togampuramsu-

334 2467 375 2516 tt.
397 2467 481 2531 ortem]
501 2467 610 2528 Egregia
630 2466 827 2529 quadamima-
863 2467 975 2515 merent.
1000 2467 1091 2514 quen.
1111 2466 1154 2526 lb,
1183 2460 1245 2514 436:
1272 2463 1381 2530 pupillus

300 2541 359 2604 gine
389 2543 416 2590 et
444 2542 502 2589 ioco
528 2539 561 2588 ad
587 2541 691 2604 priores
715 2553 826 2605 prorsus
863 2541 1075 2604 ingenuus,euius
1098 2541 1232 2590 manantia
1252 2543 1314 2606 fletu
1336 2541 1383 2590 Ora

300 2614 435 2678 apposito,
450 2615 525 2664 ouius
535 2616 705 2665 venustatem
718 2616 825 2666 minime
859 2615 1292 2679 puellaressaciuntincertoccpitli.
1304 2613 1381 2679 Epod.

301 2687 430 2738 intellexit
447 2690 477 2739 li.
497 2691 536 2749 P..
555 2691 643 2752 poeta,
663 2691 692 2739 ut
712 2689 827 2741 decebat
864 2692 908 2751 tt,
933 2691 974 2740 28.
994 2688 1028 2740 de
1050 2689 1176 2740 delicato:
1203 2690 1288 2740 tostis
1306 2689 1382 2752 putri,

301 2765 381 2826 atque
406 2761 562 2828 oportebat,
590 2776 699 2813 carmen
723 2763 824 2816 clausit.
864 2765 965 2828 longam
982 2765 1243 2814 renodantiseomam.
1263 2765 1384 2816 Huiusce·

301 2837 384 2900 Fingit
401 2838 471 2887 euim
486 2837 633 2900 nospitium,
652 2841 769 2890 censivis
782 2839 828 2890 ad·
864 2838 937 2888 modi
954 2836 1101 2902 puellarem
1118 2851 1234 2904 puerum
1252 2839 1286 2888 ad
1305 2849 1385 2890 sero

300 2913 388 2973 venis,
408 2913 453 2977 qui
469 2926 585 2977 puerum
603 2926 656 2963 nou
673 2915 747 2978 prius
763 2928 828 2964 nos·
864 2915 908 2962 cat
918 2917 1058 2964 Anacreon
1076 2915 1116 2963 Fr.
1137 2913 1180 2962 ed.
1193 2914 1288 2976 Bergk.
1303 2927 1330 2978 p.
1343 2913 1382 2962 82:

301 2992 375 3048 sent,
395 2986 531 3037 advocatis
549 2989 575 3038 in
593 2987 719 3038 conclave
738 2989 827 3039 induci
860 2977 895 3036 'dt
913 2993 969 3036 παι·
983 2987 1139 3058 παρθένιον
1155 2985 1286 3048 βλέπων,
1309 2987 1385 3050 Δι’ζη-

301 3060 449 3126 puellarum
467 3063 579 3112 eborum
598 3065 678 3127 atque
696 3063 827 3114 intereas
863 3063 918 3127 pat
935 3075 978 3112 ca.
1000 3089 1027 3099 -
1053 3061 1385 3125 1ungenuum:btsotom

301 3135 425 3187 muliebri
441 3139 517 3188 veste
530 3139 640 3200 Gygam,
660 3137 706 3202 qui
717 3141 829 3202 propter
864 3135 997 3186 obscurum
1011 3137 1110 3199 suamet
1126 3137 1232 3198 hospitas
1247 3133 1386 3186 sumpsi

302 3213 389 3262 crines
400 3223 495 3274 passos
508 3213 535 3261 et
552 3225 635 3276 genas
654 3210 774 3262 nondum
791 3211 829 3262 la·
863 3211 949 3274 aibas,
968 3225 1021 3262 non
1034 3225 1096 3261 cum
1108 3209 1176 3260 aliis:
1195 3207 1386 3260 Discrirnanob-

301 3288 399 3350 nugine
409 3286 538 3336 flaventes
546 3287 589 3335 vix
598 3286 632 3335 ab
646 3284 695 3336 illis
704 3285 828 3350 distingui
864 3285 1386 3350 saummsolutiscrinibaslproptercrines

301 3360 403 3426 posset.
440 3359 521 3408 «Tum
540 3360 710 3422 quantumvis
722 3362 827 3426 perspi·
864 3359 965 3412 solutos
977 3375 1055 3424 aegre
1068 3360 1206 3410 dumtaxat
1225 3362 1387 3426 perspicien-

302 3446 394 3493 eaces,
417 3433 440 3482 si
461 3433 492 3482 iis
509 3433 685 3495 significasset
701 3437 829 3486 conviva·
865 3433 937 3498 dum)
955 3435 1054 3497 falleret
1075 3435 1189 3496 hospites.
1213 3461 1241 3470 -
1260 3435 1386 3500 arnbiguo-

303 3512 345 3560 tur
369 3520 483 3571 puerum
510 3505 592 3557 lutere
618 3507 687 3557 inter
714 3507 826 3573 puellas,
865 3511 920 3575 quc]
937 3509 1061 3560 Similiter
1073 3511 1169 3560 Statius
1181 3507 1273 3560 nendi.
1291 3511 1315 3572 l,
1334 3507 1385 3559 336.

303 3583 401 3633 utinum
412 3582 439 3632 in
451 3583 562 3632 modum
574 3582 763 3647 deciperentur
774 3585 829 3634 vix-
866 3583 899 3634 de
920 3583 1020 3635 Achille
1043 3581 1256 3636 adolescentulo:
1279 3584 1387 3646 sausque

303 3671 356 3722 que
382 3667 445 3704 eum
470 3661 680 3720 agnoscerent.»
708 3687 736 3695 -
763 3661 828 3710 llire
865 3663 959 3710 tuentes
978 3659 1154 3724 Ambipous
1175 3659 1292 3722 tenuique
1316 3660 1387 3709 utens

304 3733 382 3794 iunge
400 3744 463 3781 curn
480 3745 505 3781 v.
523 3731 630 3794 suimet,
650 3745 702 3783 non
721 3747 783 3784 cum
800 3749 826 3784 v.
865 3736 1009 3786 discrimine
1025 3749 1108 3786 senus.
