<?xml version="1.0" encoding="UTF-8"?>
<!DOCTYPE html PUBLIC "-//W3C//DTD XHTML 1.0 Transitional//EN"
    "http://www.w3.org/TR/xhtml1/DTD/xhtml1-transitional.dtd">
<html xmlns="http://www.w3.org/1999/xhtml" xml:lang="en" lang="en">
 <head>
  <title>
</title>
<meta http-equiv="Content-Type" content="text/html;charset=utf-8" />
  <meta name='ocr-system' content='tesseract 3.04.00' />
  <meta name='ocr-capabilities' content='ocr_page ocr_carea ocr_par ocr_line ocrx_word'/>
</head>
<body>
  <div class='ocr_page' id='page_1' title='image "./qhoratiusflaccu02baitgoog/qhoratiusflaccu02baitgoog_0015.png"; bbox 0 0 3080 4980; ppageno 0'>
   <div class='ocr_carea' id='block_1_1' title="bbox 285 435 930 489">
    <p class='ocr_par' dir='ltr' id='par_1_1' title="bbox 285 435 930 489">
     <span class='ocr_line' id='line_1_1' title="bbox 285 435 930 489; baseline 0.003 -5"><span class='ocrx_word' id='word_1_1' title='bbox 285 437 339 486; x_wconf 86' lang='lat' dir='ltr'>vttt</span> <span class='ocrx_word' id='word_1_2' title='bbox 643 472 655 489; x_wconf 91' lang='lat'><em>.</em></span> <span class='ocrx_word' id='word_1_3' title='bbox 744 435 930 487; x_wconf 75' lang='lat' dir='ltr'><strong>PRAEFATIO.</strong></span> 
     </span>
    </p>
   </div>
   <div class='ocr_carea' id='block_1_2' title="bbox 282 589 1377 1288">
    <p class='ocr_par' dir='ltr' id='par_1_2' title="bbox 282 589 1375 1045">
     <span class='ocr_line' id='line_1_2' title="bbox 284 589 1374 662; baseline -0.002 0"><span class='ocrx_word' id='word_1_4' title='bbox 284 603 412 662; x_wconf 87' lang='lat' dir='ltr'>ceterae</span> <span class='ocrx_word' id='word_1_5' title='bbox 441 591 596 659; x_wconf 89' lang='lat' dir='ltr'>lectiones</span> <span class='ocrx_word' id='word_1_6' title='bbox 625 611 737 658; x_wconf 87' lang='lat' dir='ltr'>omnes</span> <span class='ocrx_word' id='word_1_7' title='bbox 767 591 910 658; x_wconf 91' lang='lat' dir='ltr'>nituntur</span> <span class='ocrx_word' id='word_1_8' title='bbox 943 589 1009 658; x_wconf 90' lang='lat' dir='ltr'>fide</span> <span class='ocrx_word' id='word_1_9' title='bbox 1040 590 1195 660; x_wconf 84' lang='lat' dir='ltr'>Codicum</span> <span class='ocrx_word' id='word_1_10' title='bbox 1232 592 1374 660; x_wconf 90' lang='lat' dir='ltr'>bonitate</span> 
     </span>
     <span class='ocr_line' id='line_1_3' title="bbox 282 712 1374 803; baseline 0 -23"><span class='ocrx_word' id='word_1_11' title='bbox 282 713 535 803; x_wconf 77' lang='lat' dir='ltr'><strong>praestabilium.</strong></span> <span class='ocrx_word' id='word_1_12' title='bbox 578 715 729 782; x_wconf 89' lang='lat' dir='ltr'>Ceterum</span> <span class='ocrx_word' id='word_1_13' title='bbox 752 721 904 801; x_wconf 89' lang='lat' dir='ltr'>quattuor</span> <span class='ocrx_word' id='word_1_14' title='bbox 928 712 1010 780; x_wconf 88' lang='lat' dir='ltr'>haec</span> <span class='ocrx_word' id='word_1_15' title='bbox 1032 713 1137 800; x_wconf 88' lang='lat' dir='ltr'>capita</span> <span class='ocrx_word' id='word_1_16' title='bbox 1154 713 1188 780; x_wconf 91' lang='lat' dir='ltr'>in</span> <span class='ocrx_word' id='word_1_17' title='bbox 1203 735 1305 782; x_wconf 91' lang='lat' dir='ltr'>unum</span> <span class='ocrx_word' id='word_1_18' title='bbox 1318 715 1374 782; x_wconf 89' lang='lat' dir='ltr'>ubi</span> 
     </span>
     <span class='ocr_line' id='line_1_4' title="bbox 283 834 1375 924; baseline 0 -20"><span class='ocrx_word' id='word_1_19' title='bbox 283 836 503 914; x_wconf 88' lang='lat' dir='ltr'>coniunxeris,</span> <span class='ocrx_word' id='word_1_20' title='bbox 527 855 649 924; x_wconf 86' lang='lat' dir='ltr'>paucas</span> <span class='ocrx_word' id='word_1_21' title='bbox 671 835 847 904; x_wconf 80' lang='lat' dir='ltr'>admodum</span> <span class='ocrx_word' id='word_1_22' title='bbox 868 834 1040 912; x_wconf 85' lang='lat' dir='ltr'>lectiones,</span> <span class='ocrx_word' id='word_1_23' title='bbox 1064 855 1149 922; x_wconf 90' lang='lat' dir='ltr'>quae</span> <span class='ocrx_word' id='word_1_24' title='bbox 1170 836 1304 924; x_wconf 89' lang='lat' dir='ltr'>quidem</span> <span class='ocrx_word' id='word_1_25' title='bbox 1318 857 1375 904; x_wconf 91' lang='lat' dir='ltr'>co-</span> 
     </span>
     <span class='ocr_line' id='line_1_5' title="bbox 283 956 906 1045; baseline 0 -23"><span class='ocrx_word' id='word_1_26' title='bbox 283 957 423 1045; x_wconf 87' lang='lat' dir='ltr'>gnitione</span> <span class='ocrx_word' id='word_1_27' title='bbox 445 957 561 1045; x_wconf 80' lang='lat' dir='ltr'>dignae</span> <span class='ocrx_word' id='word_1_28' title='bbox 586 956 664 1034; x_wconf 91' lang='lat' dir='ltr'>sint,</span> <span class='ocrx_word' id='word_1_29' title='bbox 689 956 906 1024; x_wconf 82' lang='lat' dir='ltr'>desiderabis.</span> 
     </span>
    </p>

    <p class='ocr_par' dir='ltr' id='par_1_3' title="bbox 284 1077 1377 1288">
     <span class='ocr_line' id='line_1_6' title="bbox 346 1077 1377 1165; baseline -0.001 -20"><span class='ocrx_word' id='word_1_30' title='bbox 346 1077 524 1146; x_wconf 84' lang='lat' dir='ltr'>Familiaris</span> <span class='ocrx_word' id='word_1_31' title='bbox 552 1086 661 1146; x_wconf 90' lang='lat' dir='ltr'>autem</span> <span class='ocrx_word' id='word_1_32' title='bbox 690 1098 789 1165; x_wconf 92' lang='lat' dir='ltr'>quam</span> <span class='ocrx_word' id='word_1_33' title='bbox 817 1078 931 1146; x_wconf 84' lang='lat' dir='ltr'>vocavi</span> <span class='ocrx_word' id='word_1_34' title='bbox 963 1079 1184 1165; x_wconf 80' lang='lat' dir='ltr'>interpretatio</span> <span class='ocrx_word' id='word_1_35' title='bbox 1218 1099 1283 1145; x_wconf 92' lang='lat' dir='ltr'>non</span> <span class='ocrx_word' id='word_1_36' title='bbox 1310 1089 1377 1146; x_wconf 88' lang='lat' dir='ltr'>tam</span> 
     </span>
     <span class='ocr_line' id='line_1_7' title="bbox 284 1197 1376 1288; baseline 0.001 -22"><span class='ocrx_word' id='word_1_37' title='bbox 284 1200 521 1277; x_wconf 82' lang='lat' dir='ltr'>Grammaticis,</span> <span class='ocrx_word' id='word_1_38' title='bbox 549 1219 648 1288; x_wconf 88' lang='lat' dir='ltr'>quam</span> <span class='ocrx_word' id='word_1_39' title='bbox 672 1219 787 1265; x_wconf 91' lang='lat' dir='ltr'>eorum</span> <span class='ocrx_word' id='word_1_40' title='bbox 808 1200 881 1266; x_wconf 91' lang='lat' dir='ltr'>usui</span> <span class='ocrx_word' id='word_1_41' title='bbox 910 1197 1070 1266; x_wconf 86' lang='lat' dir='ltr'>destinata</span> <span class='ocrx_word' id='word_1_42' title='bbox 1090 1209 1156 1277; x_wconf 85' lang='lat' dir='ltr'>est,</span> <span class='ocrx_word' id='word_1_43' title='bbox 1184 1201 1240 1288; x_wconf 92' lang='lat' dir='ltr'>qui</span> <span class='ocrx_word' id='word_1_44' title='bbox 1261 1201 1376 1267; x_wconf 89' lang='lat' dir='ltr'>etiam-</span> 
     </span>
    </p>
   </div>
   <div class='ocr_carea' id='block_1_3' title="bbox 188 1318 1377 1398">
    <p class='ocr_par' dir='ltr' id='par_1_4' title="bbox 188 1318 1377 1398">
     <span class='ocr_line' id='line_1_8' title="bbox 188 1318 1377 1398; baseline 0.002 -12"><span class='ocrx_word' id='word_1_45' title='bbox 188 1347 193 1358; x_wconf 92' lang='lat'><em>·</em></span> <span class='ocrx_word' id='word_1_46' title='bbox 282 1341 368 1387; x_wconf 89' lang='lat' dir='ltr'>nunc</span> <span class='ocrx_word' id='word_1_47' title='bbox 401 1318 585 1386; x_wconf 89' lang='lat' dir='ltr'>huiusmodi</span> <span class='ocrx_word' id='word_1_48' title='bbox 612 1321 860 1387; x_wconf 88' lang='lat' dir='ltr'>commentarios</span> <span class='ocrx_word' id='word_1_49' title='bbox 896 1319 1085 1396; x_wconf 87' lang='lat' dir='ltr'>consulunt,</span> <span class='ocrx_word' id='word_1_50' title='bbox 1124 1319 1157 1388; x_wconf 92' lang='lat' dir='ltr'>id</span> <span class='ocrx_word' id='word_1_51' title='bbox 1191 1331 1260 1398; x_wconf 88' lang='lat' dir='ltr'>cst,</span> <span class='ocrx_word' id='word_1_52' title='bbox 1300 1343 1377 1389; x_wconf 88' lang='lat' dir='ltr'>cum</span> 
     </span>
    </p>
   </div>
   <div class='ocr_carea' id='block_1_4' title="bbox 205 1440 1383 4315">
    <p class='ocr_par' dir='ltr' id='par_1_5' title="bbox 282 1440 1379 2256">
     <span class='ocr_line' id='line_1_9' title="bbox 282 1440 1377 1529; baseline 0.002 -21"><span class='ocrx_word' id='word_1_53' title='bbox 282 1441 507 1509; x_wconf 81' lang='lat' dir='ltr'>adolescentes</span> <span class='ocrx_word' id='word_1_54' title='bbox 539 1441 679 1527; x_wconf 92' lang='lat' dir='ltr'>primum</span> <span class='ocrx_word' id='word_1_55' title='bbox 720 1440 842 1508; x_wconf 90' lang='lat' dir='ltr'>Horatii</span> <span class='ocrx_word' id='word_1_56' title='bbox 876 1441 1019 1508; x_wconf 88' lang='lat' dir='ltr'>earmina</span> <span class='ocrx_word' id='word_1_57' title='bbox 1057 1440 1171 1508; x_wconf 90' lang='lat' dir='ltr'>lecturi</span> <span class='ocrx_word' id='word_1_58' title='bbox 1203 1441 1254 1508; x_wconf 86' lang='lat' dir='ltr'>vel</span> <span class='ocrx_word' id='word_1_59' title='bbox 1292 1463 1377 1529; x_wconf 87' lang='lat' dir='ltr'>quas</span> 
     </span>
     <span class='ocr_line' id='line_1_10' title="bbox 282 1561 1376 1652; baseline -0.002 -22"><span class='ocrx_word' id='word_1_60' title='bbox 282 1562 369 1651; x_wconf 89' lang='lat' dir='ltr'>apud</span> <span class='ocrx_word' id='word_1_61' title='bbox 403 1571 634 1651; x_wconf 86' lang='lat' dir='ltr'>praeceptores</span> <span class='ocrx_word' id='word_1_62' title='bbox 666 1562 839 1630; x_wconf 90' lang='lat' dir='ltr'>audierunt</span> <span class='ocrx_word' id='word_1_63' title='bbox 874 1561 1154 1648; x_wconf 85' lang='lat' dir='ltr'>interpretationes</span> <span class='ocrx_word' id='word_1_64' title='bbox 1187 1564 1376 1652; x_wconf 89' lang='lat' dir='ltr'>repetituri;</span> 
     </span>
     <span class='ocr_line' id='line_1_11' title="bbox 283 1681 1378 1772; baseline 0.001 -23"><span class='ocrx_word' id='word_1_65' title='bbox 283 1694 350 1750; x_wconf 88' lang='lat' dir='ltr'>tum</span> <span class='ocrx_word' id='word_1_66' title='bbox 371 1683 447 1760; x_wconf 91' lang='lat' dir='ltr'>viri,</span> <span class='ocrx_word' id='word_1_67' title='bbox 475 1684 531 1772; x_wconf 92' lang='lat' dir='ltr'>qui</span> <span class='ocrx_word' id='word_1_68' title='bbox 553 1683 623 1751; x_wconf 89' lang='lat' dir='ltr'>aliis</span> <span class='ocrx_word' id='word_1_69' title='bbox 644 1683 782 1770; x_wconf 89' lang='lat' dir='ltr'>negotiis</span> <span class='ocrx_word' id='word_1_70' title='bbox 804 1681 953 1749; x_wconf 89' lang='lat' dir='ltr'>civilibus</span> <span class='ocrx_word' id='word_1_71' title='bbox 979 1691 1034 1749; x_wconf 90' lang='lat' dir='ltr'>aut</span> <span class='ocrx_word' id='word_1_72' title='bbox 1052 1682 1311 1751; x_wconf 87' lang='lat' dir='ltr'>sacerdotalibus</span> <span class='ocrx_word' id='word_1_73' title='bbox 1326 1685 1378 1752; x_wconf 91' lang='lat' dir='ltr'>di-</span> 
     </span>
     <span class='ocr_line' id='line_1_12' title="bbox 282 1803 1378 1890; baseline 0.002 -19"><span class='ocrx_word' id='word_1_74' title='bbox 282 1805 395 1882; x_wconf 90' lang='lat' dir='ltr'>stricti,</span> <span class='ocrx_word' id='word_1_75' title='bbox 423 1804 584 1871; x_wconf 91' lang='lat' dir='ltr'>interdum</span> <span class='ocrx_word' id='word_1_76' title='bbox 605 1813 711 1870; x_wconf 88' lang='lat' dir='ltr'>tamen</span> <span class='ocrx_word' id='word_1_77' title='bbox 734 1804 776 1870; x_wconf 93' lang='lat' dir='ltr'>ad</span> <span class='ocrx_word' id='word_1_78' title='bbox 799 1809 943 1890; x_wconf 71' lang='lat' dir='ltr'>potitam,</span> <span class='ocrx_word' id='word_1_79' title='bbox 971 1804 1063 1871; x_wconf 91' lang='lat' dir='ltr'>cuius</span> <span class='ocrx_word' id='word_1_80' title='bbox 1088 1804 1164 1871; x_wconf 92' lang='lat' dir='ltr'>inde</span> <span class='ocrx_word' id='word_1_81' title='bbox 1187 1803 1228 1871; x_wconf 89' lang='lat' dir='ltr'>ab</span> <span class='ocrx_word' id='word_1_82' title='bbox 1244 1807 1378 1874; x_wconf 90' lang='lat' dir='ltr'>ineunte</span> 
     </span>
     <span class='ocr_line' id='line_1_13' title="bbox 283 1925 1377 2013; baseline 0.003 -20"><span class='ocrx_word' id='word_1_83' title='bbox 283 1935 388 1994; x_wconf 89' lang='lat' dir='ltr'>aetate</span> <span class='ocrx_word' id='word_1_84' title='bbox 411 1935 535 2013; x_wconf 87' lang='lat' dir='ltr'>gratam</span> <span class='ocrx_word' id='word_1_85' title='bbox 558 1925 747 1992; x_wconf 89' lang='lat' dir='ltr'>memoriam</span> <span class='ocrx_word' id='word_1_86' title='bbox 775 1925 890 1991; x_wconf 89' lang='lat' dir='ltr'>merito</span> <span class='ocrx_word' id='word_1_87' title='bbox 915 1936 1162 2004; x_wconf 87' lang='lat' dir='ltr'>conservarunt,</span> <span class='ocrx_word' id='word_1_88' title='bbox 1197 1927 1241 1993; x_wconf 89' lang='lat' dir='ltr'>ita</span> <span class='ocrx_word' id='word_1_89' title='bbox 1266 1928 1377 1996; x_wconf 90' lang='lat' dir='ltr'>redire</span> 
     </span>
     <span class='ocr_line' id='line_1_14' title="bbox 283 2045 1379 2137; baseline 0 -23"><span class='ocrx_word' id='word_1_90' title='bbox 283 2048 428 2135; x_wconf 89' lang='lat' dir='ltr'>cupiunt,</span> <span class='ocrx_word' id='word_1_91' title='bbox 451 2055 488 2112; x_wconf 94' lang='lat' dir='ltr'>ut</span> <span class='ocrx_word' id='word_1_92' title='bbox 507 2065 548 2111; x_wconf 96' lang='lat' dir='ltr'>ne</span> <span class='ocrx_word' id='word_1_93' title='bbox 571 2045 666 2112; x_wconf 88' lang='lat' dir='ltr'>nimis</span> <span class='ocrx_word' id='word_1_94' title='bbox 689 2045 861 2123; x_wconf 87' lang='lat' dir='ltr'>abstrusis,</span> <span class='ocrx_word' id='word_1_95' title='bbox 885 2046 1033 2134; x_wconf 90' lang='lat' dir='ltr'>operosis</span> <span class='ocrx_word' id='word_1_96' title='bbox 1055 2045 1248 2136; x_wconf 88' lang='lat' dir='ltr'>diffusisque</span> <span class='ocrx_word' id='word_1_97' title='bbox 1263 2048 1379 2137; x_wconf 89' lang='lat' dir='ltr'>dispu-</span> 
     </span>
     <span class='ocr_line' id='line_1_15' title="bbox 284 2166 1377 2256; baseline 0.002 -23"><span class='ocrx_word' id='word_1_98' title='bbox 284 2166 457 2234; x_wconf 88' lang='lat' dir='ltr'>tationibus</span> <span class='ocrx_word' id='word_1_99' title='bbox 479 2167 619 2254; x_wconf 91' lang='lat' dir='ltr'>primum</span> <span class='ocrx_word' id='word_1_100' title='bbox 634 2167 834 2244; x_wconf 85' lang='lat' dir='ltr'>intricentur,</span> <span class='ocrx_word' id='word_1_101' title='bbox 862 2189 937 2234; x_wconf 89' lang='lat' dir='ltr'>mox</span> <span class='ocrx_word' id='word_1_102' title='bbox 952 2189 972 2234; x_wconf 90' lang='lat' dir='ltr'>a</span> <span class='ocrx_word' id='word_1_103' title='bbox 985 2167 1125 2256; x_wconf 89' lang='lat' dir='ltr'>legendo</span> <span class='ocrx_word' id='word_1_104' title='bbox 1140 2169 1377 2252; x_wconf 70' lang='lat' dir='ltr'>deterreantur,</span> 
     </span>
    </p>

    <p class='ocr_par' dir='ltr' id='par_1_6' title="bbox 205 2287 1381 3932">
     <span class='ocr_line' id='line_1_16' title="bbox 368 2287 1377 2379; baseline 0.003 -25"><span class='ocrx_word' id='word_1_105' title='bbox 368 2289 473 2369; x_wconf 90' lang='lat' dir='ltr'>Quem</span> <span class='ocrx_word' id='word_1_106' title='bbox 495 2287 629 2376; x_wconf 91' lang='lat' dir='ltr'>quidem</span> <span class='ocrx_word' id='word_1_107' title='bbox 649 2287 817 2365; x_wconf 90' lang='lat' dir='ltr'>adfinem,</span> <span class='ocrx_word' id='word_1_108' title='bbox 845 2308 920 2354; x_wconf 91' lang='lat' dir='ltr'>cum</span> <span class='ocrx_word' id='word_1_109' title='bbox 941 2309 1001 2376; x_wconf 90' lang='lat' dir='ltr'>per</span> <span class='ocrx_word' id='word_1_110' title='bbox 1026 2291 1172 2379; x_wconf 90' lang='lat' dir='ltr'>quinque</span> <span class='ocrx_word' id='word_1_111' title='bbox 1193 2289 1258 2356; x_wconf 90' lang='lat' dir='ltr'>iam</span> <span class='ocrx_word' id='word_1_112' title='bbox 1274 2290 1377 2358; x_wconf 88' lang='lat' dir='ltr'>lustra</span> 
     </span>
     <span class='ocr_line' id='line_1_17' title="bbox 284 2407 1377 2501; baseline 0.002 -25"><span class='ocrx_word' id='word_1_113' title='bbox 284 2409 456 2497; x_wconf 88' lang='lat' dir='ltr'>quotannis</span> <span class='ocrx_word' id='word_1_114' title='bbox 490 2409 658 2476; x_wconf 88' lang='lat' dir='ltr'>Horatium</span> <span class='ocrx_word' id='word_1_115' title='bbox 688 2407 818 2497; x_wconf 91' lang='lat' dir='ltr'>publice</span> <span class='ocrx_word' id='word_1_116' title='bbox 851 2429 1011 2501; x_wconf 87' lang='lat' dir='ltr'>exponam</span> <span class='ocrx_word' id='word_1_117' title='bbox 1026 2410 1246 2478; x_wconf 78' lang='lat' dir='ltr'>‘auditoribus</span> <span class='ocrx_word' id='word_1_118' title='bbox 1277 2413 1377 2488; x_wconf 91' lang='lat' dir='ltr'>meis,</span> 
     </span>
     <span class='ocr_line' id='line_1_18' title="bbox 285 2529 1379 2619; baseline 0.002 -23"><span class='ocrx_word' id='word_1_119' title='bbox 285 2530 394 2597; x_wconf 91' lang='lat' dir='ltr'>denuo</span> <span class='ocrx_word' id='word_1_120' title='bbox 418 2539 524 2597; x_wconf 71' lang='lat' dir='ltr'>mmen</span> <span class='ocrx_word' id='word_1_121' title='bbox 544 2529 669 2618; x_wconf 85' lang='lat' dir='ltr'>perlegi</span> <span class='ocrx_word' id='word_1_122' title='bbox 690 2539 820 2617; x_wconf 88' lang='lat' dir='ltr'>praeter</span> <span class='ocrx_word' id='word_1_123' title='bbox 842 2540 971 2598; x_wconf 89' lang='lat' dir='ltr'>veteres</span> <span class='ocrx_word' id='word_1_124' title='bbox 997 2530 1192 2598; x_wconf 88' lang='lat' dir='ltr'>Scholiastas</span> <span class='ocrx_word' id='word_1_125' title='bbox 1214 2531 1379 2619; x_wconf 89' lang='lat' dir='ltr'>probatis-</span> 
     </span>
     <span class='ocr_line' id='line_1_19' title="bbox 285 2650 1379 2741; baseline 0 -23"><span class='ocrx_word' id='word_1_126' title='bbox 285 2652 384 2718; x_wconf 91' lang='lat' dir='ltr'>simos</span> <span class='ocrx_word' id='word_1_127' title='bbox 403 2671 553 2740; x_wconf 92' lang='lat' dir='ltr'>quosque</span> <span class='ocrx_word' id='word_1_128' title='bbox 572 2652 764 2739; x_wconf 88' lang='lat' dir='ltr'>interpretes</span> <span class='ocrx_word' id='word_1_129' title='bbox 779 2650 820 2716; x_wconf 92' lang='lat' dir='ltr'>ab</span> <span class='ocrx_word' id='word_1_130' title='bbox 839 2651 994 2719; x_wconf 87' lang='lat' dir='ltr'>Lambino</span> <span class='ocrx_word' id='word_1_131' title='bbox 1005 2673 1112 2741; x_wconf 91' lang='lat' dir='ltr'>usque</span> <span class='ocrx_word' id='word_1_132' title='bbox 1129 2652 1172 2718; x_wconf 89' lang='lat' dir='ltr'>ad</span> <span class='ocrx_word' id='word_1_133' title='bbox 1185 2652 1379 2720; x_wconf 88' lang='lat' dir='ltr'>lacobsium.</span> 
     </span>
     <span class='ocr_line' id='line_1_20' title="bbox 284 2772 1378 2862; baseline 0.004 -24"><span class='ocrx_word' id='word_1_134' title='bbox 284 2774 376 2852; x_wconf 89' lang='lat' dir='ltr'>Quae</span> <span class='ocrx_word' id='word_1_135' title='bbox 405 2782 513 2839; x_wconf 89' lang='lat' dir='ltr'>autem</span> <span class='ocrx_word' id='word_1_136' title='bbox 539 2772 626 2859; x_wconf 90' lang='lat' dir='ltr'>apud</span> <span class='ocrx_word' id='word_1_137' title='bbox 658 2792 822 2860; x_wconf 86' lang='lat' dir='ltr'>quemque</span> <span class='ocrx_word' id='word_1_138' title='bbox 853 2773 973 2860; x_wconf 92' lang='lat' dir='ltr'>cuique</span> <span class='ocrx_word' id='word_1_139' title='bbox 1002 2773 1075 2841; x_wconf 89' lang='lat' dir='ltr'>loco</span> <span class='ocrx_word' id='word_1_140' title='bbox 1108 2795 1205 2862; x_wconf 89' lang='lat' dir='ltr'>quam</span> <span class='ocrx_word' id='word_1_141' title='bbox 1236 2774 1378 2842; x_wconf 82' lang='lat' dir='ltr'>maxime</span> 
     </span>
     <span class='ocr_line' id='line_1_21' title="bbox 285 2892 1376 2982; baseline 0.002 -22"><span class='ocrx_word' id='word_1_142' title='bbox 285 2893 432 2982; x_wconf 89' lang='lat' dir='ltr'>apposita</span> <span class='ocrx_word' id='word_1_143' title='bbox 453 2892 655 2969; x_wconf 90' lang='lat' dir='ltr'>viderentur,</span> <span class='ocrx_word' id='word_1_144' title='bbox 682 2892 820 2960; x_wconf 91' lang='lat' dir='ltr'>liberum</span> <span class='ocrx_word' id='word_1_145' title='bbox 835 2905 868 2961; x_wconf 89' lang='lat' dir='ltr'>et</span> <span class='ocrx_word' id='word_1_146' title='bbox 888 2895 1047 2982; x_wconf 86' lang='lat' dir='ltr'>integrum</span> <span class='ocrx_word' id='word_1_147' title='bbox 1061 2893 1217 2961; x_wconf 91' lang='lat' dir='ltr'>iudicium</span> <span class='ocrx_word' id='word_1_148' title='bbox 1232 2903 1376 2971; x_wconf 87' lang='lat' dir='ltr'>secutus,</span> 
     </span>
     <span class='ocr_line' id='line_1_22' title="bbox 286 3014 1379 3103; baseline 0 -21"><span class='ocrx_word' id='word_1_149' title='bbox 286 3035 378 3082; x_wconf 87' lang='lat' dir='ltr'>meos</span> <span class='ocrx_word' id='word_1_150' title='bbox 408 3014 440 3079; x_wconf 96' lang='lat' dir='ltr'>in</span> <span class='ocrx_word' id='word_1_151' title='bbox 468 3034 548 3080; x_wconf 91' lang='lat' dir='ltr'>usus</span> <span class='ocrx_word' id='word_1_152' title='bbox 579 3024 770 3081; x_wconf 90' lang='lat' dir='ltr'>convertere</span> <span class='ocrx_word' id='word_1_153' title='bbox 802 3015 924 3094; x_wconf 88' lang='lat' dir='ltr'>studui,</span> <span class='ocrx_word' id='word_1_154' title='bbox 955 3017 1100 3103; x_wconf 91' lang='lat' dir='ltr'>priorum</span> <span class='ocrx_word' id='word_1_155' title='bbox 1133 3014 1379 3102; x_wconf 86' lang='lat' dir='ltr'>explanatorum</span> 
     </span>
     <span class='ocr_line' id='line_1_23' title="bbox 286 3134 1381 3225; baseline 0.001 -23"><span class='ocrx_word' id='word_1_156' title='bbox 286 3135 402 3203; x_wconf 87' lang='lat' dir='ltr'>merita</span> <span class='ocrx_word' id='word_1_157' title='bbox 422 3145 512 3223; x_wconf 88' lang='lat' dir='ltr'>grato</span> <span class='ocrx_word' id='word_1_158' title='bbox 535 3134 643 3202; x_wconf 89' lang='lat' dir='ltr'>animo</span> <span class='ocrx_word' id='word_1_159' title='bbox 664 3155 796 3224; x_wconf 91' lang='lat' dir='ltr'>semper</span> <span class='ocrx_word' id='word_1_160' title='bbox 811 3156 990 3224; x_wconf 88' lang='lat' dir='ltr'>agnoscens</span> <span class='ocrx_word' id='word_1_161' title='bbox 1011 3157 1072 3204; x_wconf 89' lang='lat' dir='ltr'>nec</span> <span class='ocrx_word' id='word_1_162' title='bbox 1087 3136 1164 3202; x_wconf 88' lang='lat' dir='ltr'>mihi</span> <span class='ocrx_word' id='word_1_163' title='bbox 1180 3135 1267 3203; x_wconf 91' lang='lat' dir='ltr'>aliud</span> <span class='ocrx_word' id='word_1_164' title='bbox 1283 3137 1381 3225; x_wconf 52' lang='lat' dir='ltr'>quid*</span> 
     </span>
     <span class='ocr_line' id='line_1_24' title="bbox 287 3256 1381 3344; baseline -0.001 -20"><span class='ocrx_word' id='word_1_165' title='bbox 287 3277 386 3344; x_wconf 89' lang='lat' dir='ltr'>quam</span> <span class='ocrx_word' id='word_1_166' title='bbox 408 3257 552 3324; x_wconf 85' lang='lat' dir='ltr'>tribuens</span> <span class='ocrx_word' id='word_1_167' title='bbox 576 3256 637 3323; x_wconf 90' lang='lat' dir='ltr'>nisi</span> <span class='ocrx_word' id='word_1_168' title='bbox 659 3277 772 3323; x_wconf 89' lang='lat' dir='ltr'>curam</span> <span class='ocrx_word' id='word_1_169' title='bbox 796 3258 829 3323; x_wconf 88' lang='lat' dir='ltr'>in</span> <span class='ocrx_word' id='word_1_170' title='bbox 850 3257 978 3325; x_wconf 89' lang='lat' dir='ltr'>illorum</span> <span class='ocrx_word' id='word_1_171' title='bbox 1001 3257 1239 3325; x_wconf 84' lang='lat' dir='ltr'>commentariis</span> <span class='ocrx_word' id='word_1_172' title='bbox 1269 3256 1381 3344; x_wconf 87' lang='lat' dir='ltr'>perlu-</span> 
     </span>
     <span class='ocr_line' id='line_1_25' title="bbox 287 3375 1378 3466; baseline -0.002 -20"><span class='ocrx_word' id='word_1_173' title='bbox 287 3377 443 3456; x_wconf 77' lang='lat' dir='ltr'>strandiS,</span> <span class='ocrx_word' id='word_1_174' title='bbox 482 3375 711 3464; x_wconf 83' lang='lat' dir='ltr'>excerpendis,</span> <span class='ocrx_word' id='word_1_175' title='bbox 753 3377 986 3466; x_wconf 89' lang='lat' dir='ltr'>componendis</span> <span class='ocrx_word' id='word_1_176' title='bbox 1027 3377 1142 3445; x_wconf 91' lang='lat' dir='ltr'>sedulo</span> <span class='ocrx_word' id='word_1_177' title='bbox 1178 3376 1378 3445; x_wconf 87' lang='lat' dir='ltr'>collocatam.</span> 
     </span>
     <span class='ocr_line' id='line_1_26' title="bbox 289 3498 1379 3587; baseline 0 -22"><span class='ocrx_word' id='word_1_178' title='bbox 289 3498 496 3587; x_wconf 85' lang='lat' dir='ltr'>Singulorum</span> <span class='ocrx_word' id='word_1_179' title='bbox 524 3519 604 3564; x_wconf 89' lang='lat' dir='ltr'>vero</span> <span class='ocrx_word' id='word_1_180' title='bbox 635 3498 765 3566; x_wconf 89' lang='lat' dir='ltr'>nomina</span> <span class='ocrx_word' id='word_1_181' title='bbox 796 3498 929 3586; x_wconf 89' lang='lat' dir='ltr'>singulis</span> <span class='ocrx_word' id='word_1_182' title='bbox 955 3499 987 3564; x_wconf 92' lang='lat' dir='ltr'>in</span> <span class='ocrx_word' id='word_1_183' title='bbox 1009 3498 1090 3566; x_wconf 89' lang='lat' dir='ltr'>locis</span> <span class='ocrx_word' id='word_1_184' title='bbox 1113 3519 1296 3566; x_wconf 90' lang='lat' dir='ltr'>memorare</span> <span class='ocrx_word' id='word_1_185' title='bbox 1319 3519 1379 3586; x_wconf 91' lang='lat' dir='ltr'>pro</span> 
     </span>
     <span class='ocr_line' id='line_1_27' title="bbox 205 3617 1380 3708; baseline -0.003 -20"><span class='ocrx_word' id='word_1_186' title='bbox 205 3691 209 3698; x_wconf 70' lang='grc'><strong>,</strong></span> <span class='ocrx_word' id='word_1_187' title='bbox 289 3641 363 3688; x_wconf 89' lang='lat' dir='ltr'>meo</span> <span class='ocrx_word' id='word_1_188' title='bbox 394 3619 529 3687; x_wconf 90' lang='lat' dir='ltr'>consilio</span> <span class='ocrx_word' id='word_1_189' title='bbox 557 3617 634 3685; x_wconf 94' lang='lat' dir='ltr'>nihil</span> <span class='ocrx_word' id='word_1_190' title='bbox 657 3619 825 3700; x_wconf 87' lang='lat' dir='ltr'>attinebat,</span> <span class='ocrx_word' id='word_1_191' title='bbox 852 3640 926 3686; x_wconf 90' lang='lat' dir='ltr'>cum</span> <span class='ocrx_word' id='word_1_192' title='bbox 952 3619 1143 3707; x_wconf 86' lang='lat' dir='ltr'>praesertim</span> <span class='ocrx_word' id='word_1_193' title='bbox 1165 3618 1287 3708; x_wconf 90' lang='lat' dir='ltr'>ubique</span> <span class='ocrx_word' id='word_1_194' title='bbox 1312 3619 1380 3686; x_wconf 87' lang='lat' dir='ltr'>lere</span> 
     </span>
     <span class='ocr_line' id='line_1_28' title="bbox 289 3739 1380 3828; baseline -0.002 -22"><span class='ocrx_word' id='word_1_195' title='bbox 289 3741 390 3810; x_wconf 87' lang='lat' dir='ltr'>verba</span> <span class='ocrx_word' id='word_1_196' title='bbox 413 3761 527 3808; x_wconf 86' lang='lat' dir='ltr'>eorum</span> <span class='ocrx_word' id='word_1_197' title='bbox 551 3740 603 3808; x_wconf 92' lang='lat' dir='ltr'>vel</span> <span class='ocrx_word' id='word_1_198' title='bbox 626 3739 845 3810; x_wconf 87' lang='lat' dir='ltr'>contrahenda</span> <span class='ocrx_word' id='word_1_199' title='bbox 868 3739 918 3808; x_wconf 92' lang='lat' dir='ltr'>vel</span> <span class='ocrx_word' id='word_1_200' title='bbox 943 3739 1162 3828; x_wconf 90' lang='lat' dir='ltr'>qualicunque</span> <span class='ocrx_word' id='word_1_201' title='bbox 1185 3740 1284 3808; x_wconf 89' lang='lat' dir='ltr'>modo</span> <span class='ocrx_word' id='word_1_202' title='bbox 1309 3761 1380 3806; x_wconf 91' lang='lat' dir='ltr'>mu-</span> 
     </span>
     <span class='ocr_line' id='line_1_29' title="bbox 291 3861 531 3932; baseline -0.021 0"><span class='ocrx_word' id='word_1_203' title='bbox 291 3861 388 3932; x_wconf 87' lang='lat' dir='ltr'>tanda</span> <span class='ocrx_word' id='word_1_204' title='bbox 412 3873 531 3930; x_wconf 88' lang='lat' dir='ltr'>essent.</span> 
     </span>
    </p>

    <p class='ocr_par' dir='ltr' id='par_1_7' title="bbox 290 3983 1383 4315">
     <span class='ocr_line' id='line_1_30' title="bbox 353 3983 1381 4071; baseline 0 -22"><span class='ocrx_word' id='word_1_205' title='bbox 353 3983 467 4052; x_wconf 87' lang='lat' dir='ltr'>Differt</span> <span class='ocrx_word' id='word_1_206' title='bbox 496 3995 604 4052; x_wconf 87' lang='lat' dir='ltr'>autem</span> <span class='ocrx_word' id='word_1_207' title='bbox 637 3995 747 4052; x_wconf 90' lang='lat' dir='ltr'>nostra</span> <span class='ocrx_word' id='word_1_208' title='bbox 782 3983 1002 4070; x_wconf 88' lang='lat' dir='ltr'>interpretatio</span> <span class='ocrx_word' id='word_1_209' title='bbox 1032 4005 1052 4050; x_wconf 92' lang='lat' dir='ltr'>a</span> <span class='ocrx_word' id='word_1_210' title='bbox 1082 3983 1258 4060; x_wconf 89' lang='lat' dir='ltr'>similibus,</span> <span class='ocrx_word' id='word_1_211' title='bbox 1296 4002 1381 4071; x_wconf 89' lang='lat' dir='ltr'>quae</span> 
     </span>
     <span class='ocr_line' id='line_1_31' title="bbox 291 4103 1383 4192; baseline -0.003 -19"><span class='ocrx_word' id='word_1_212' title='bbox 291 4126 376 4173; x_wconf 92' lang='lat' dir='ltr'>nunc</span> <span class='ocrx_word' id='word_1_213' title='bbox 399 4107 431 4171; x_wconf 94' lang='lat' dir='ltr'>in</span> <span class='ocrx_word' id='word_1_214' title='bbox 453 4105 573 4174; x_wconf 89' lang='lat' dir='ltr'>scholis</span> <span class='ocrx_word' id='word_1_215' title='bbox 596 4105 755 4182; x_wconf 85' lang='lat' dir='ltr'>seruntur,</span> <span class='ocrx_word' id='word_1_216' title='bbox 780 4103 830 4170; x_wconf 90' lang='lat' dir='ltr'>his</span> <span class='ocrx_word' id='word_1_217' title='bbox 854 4104 1058 4192; x_wconf 90' lang='lat' dir='ltr'>potissimum</span> <span class='ocrx_word' id='word_1_218' title='bbox 1078 4103 1282 4172; x_wconf 92' lang='lat' dir='ltr'>nominibus:</span> <span class='ocrx_word' id='word_1_219' title='bbox 1309 4123 1383 4170; x_wconf 91' lang='lat' dir='ltr'>sae-</span> 
     </span>
     <span class='ocr_line' id='line_1_32' title="bbox 290 4223 1383 4315; baseline -0.004 -21"><span class='ocrx_word' id='word_1_220' title='bbox 290 4229 363 4315; x_wconf 87' lang='lat' dir='ltr'>pius</span> <span class='ocrx_word' id='word_1_221' title='bbox 386 4227 602 4296; x_wconf 82' lang='lat' dir='ltr'>diiudicentur</span> <span class='ocrx_word' id='word_1_222' title='bbox 627 4236 660 4294; x_wconf 88' lang='lat' dir='ltr'>et</span> <span class='ocrx_word' id='word_1_223' title='bbox 681 4226 791 4292; x_wconf 84' lang='lat' dir='ltr'>variae</span> <span class='ocrx_word' id='word_1_224' title='bbox 817 4223 972 4292; x_wconf 89' lang='lat' dir='ltr'>lectiones</span> <span class='ocrx_word' id='word_1_225' title='bbox 994 4237 1027 4293; x_wconf 89' lang='lat' dir='ltr'>et</span> <span class='ocrx_word' id='word_1_226' title='bbox 1052 4226 1200 4294; x_wconf 90' lang='lat' dir='ltr'>diversae</span> <span class='ocrx_word' id='word_1_227' title='bbox 1217 4225 1383 4293; x_wconf 89' lang='lat' dir='ltr'>Gramma-</span> 
     </span>
    </p>
   </div>
   <div class='ocr_carea' id='block_1_5' title="bbox 0 0 1553 4980">
    <p class='ocr_par' dir='ltr' id='par_1_8' title="bbox 0 0 1553 4980">
     <span class='ocr_line' id='line_1_33' title="bbox 0 0 1553 4980; baseline 0 0"><span class='ocrx_word' id='word_1_228' title='bbox 0 0 1553 4980; x_wconf 95' lang='lat' dir='ltr'> </span> 
     </span>
    </p>
   </div>
  </div>
 </body>
</html>
