2998 4980
470 467 530 516 Llli.
551 469 568 516 l.
606 467 633 517 C.
654 469 740 518 XXVI.

287 623 418 688 Portare
441 623 559 698 ventis,
584 624 657 711 quis
680 623 741 690 sub
765 629 859 690 Arcto

326 745 393 809 Rex
415 742 540 830 gelidae
563 755 723 811 metuatur
745 767 837 822 orae,

285 900 371 978 Quid
392 900 552 968 Tiridaten
576 913 707 980 terreat,
731 906 826 972 unice

284 1023 435 1087 Securus.
481 1025 524 1097 Ο,
550 1025 797 1110 quaesentibus
821 1027 952 1114 integris

138 1273 160 1324 3.
181 1277 228 1338 (tui
245 1272 262 1325 λ
280 1278 307 1326 et
323 1289 363 1340 pr.
381 1275 410 1336 β.
433 1305 459 1312 -
479 1279 503 1326 a.
524 1277 673 1339 Teradatem
697 1281 707 1326 t
727 1292 789 1330 cum
811 1283 839 1329 G.
866 1281 997 1341 Tehricio,
1024 1285 1126 1334 Teitia-

109 1355 153 1398 αα
177 1363 240 1400 eum
267 1351 359 1402 Cassio
385 1353 468 1402 Dione
495 1355 637 1404 Gesnerus.
673 1355 725 1404 Sed
744 1357 850 1405 Lucian.
871 1357 936 1406 Diei.
957 1371 1024 1408 mer.
1048 1360 1072 1418 9,
1096 1360 1125 1410 2:

109 1421 264 1494 Τιριδάταν.
302 1427 358 1488 (Vr.
378 1428 393 1476 ὅ
411 1429 438 1477 et
455 1427 470 1476 o
488 1427 584 1478 desunt
602 1429 627 1476 in
644 1429 683 1488 Β.)

67 1685 73 1703 ι
115 1637 137 1685 3.
170 1639 276 1689 Portare
312 1639 399 1703 vestu]
435 1641 598 1704 Frequenter
635 1645 697 1692 tunc
721 1644 752 1704 (a.
777 1643 833 1692 730.
859 1645 886 1694 et
907 1645 973 1706 734.)
1000 1647 1156 1708 cotidianus,

82 1713 153 1762 etiam
169 1714 240 1777 apud
258 1717 384 1765 Graecos.
414 1714 533 1779 apollon.
548 1717 595 1766 nn.
635 1728 717 1780 quem
735 1719 834 1768 exitum
854 1718 994 1770 habiturae
1012 1721 1099 1772 iorent
1114 1735 1158 1772 res

82 1785 102 1841 t,
127 1785 201 1838 test:
230 1783 294 1838 ἀλλ’
319 1783 455 1854 ἀνέμοισι
478 1787 597 1854 Δώομεν
635 1791 782 1841 Parthicae.
812 1791 852 1842 sd
876 1793 986 1844 easdem
1005 1794 1098 1846 turbas
1114 1809 1159 1846 re-

82 1851 247 1928 ἁμαλακίην.
301 1864 413 1914 Theocr.
452 1865 493 1924 Ti,
535 1865 596 1914 467:
635 1868 755 1930 spexisse
784 1871 856 1917 recte
886 1871 996 1919 censent
1024 1869 1161 1932 Virgilium

83 1925 170 1984 Ἵοκον
193 1933 294 1988 τοιάδε
318 1934 420 1988 πολλά·
447 1934 483 1988 τὰ
507 1935 531 1986 d'
557 1939 598 2002 εἰς
636 1943 681 1990 Ge.
701 1943 725 2002 i,
738 1941 802 1992 tes:
823 1943 930 2004 (Verum
942 1944 1098 2007 sapientem)
1110 1959 1161 1994 uon

83 2001 159 2076 ὑγρὸν
178 2005 273 2076 ᾤχετο
294 2010 375 2076 κῦμα
394 2009 488 2078 neoti>
505 2007 597 2073 ixota'
631 2029 751 2078 purpura
766 2029 854 2079 repunt
870 2017 952 2066 Fleuit
967 2023 990 2066 et
1001 2019 1088 2082 infidos
1103 2021 1161 2083 aqi-

83 2077 200 2149 ἀνέμοιο.
243 2085 339 2137 Tibull.
364 2088 388 2148 t,
414 2091 439 2150 5,
461 2089 506 2138 35:
532 2103 598 2138 οααο
635 2095 692 2138 tuns
709 2091 835 2140 discordia
851 2091 958 2153 fratres,
982 2092 1077 2152 idest,
1096 2108 1161 2145 con-

83 2159 202 2222 tiurusque
222 2164 354 2224 Notusque
377 2164 458 2212 lactat
482 2166 599 2212 odoratos
636 2165 794 2226 sanguineos
812 2165 954 2214 Phraatem
972 2169 998 2216 ot
1018 2167 1160 2228 Tiridaten,

83 2239 133 2282 uoto
145 2249 190 2297 per
205 2237 347 2286 amentor.
383 2237 457 2288 Ovid.
477 2239 552 2287 Trist.
573 2241 596 2297 t,
635 2237 791 2288 Arsacidum
808 2240 961 2302 uirumque.
998 2238 1081 2303 (Falso
1098 2240 1161 2292 olim

83 2307 102 2366 i,
120 2310 160 2358 ta:
178 2311 355 2374 Terribilisoue
365 2311 445 2360 Notus
454 2313 599 2362 metaturae
636 2310 982 2374 explicabant:=i0uisnam
999 2327 1046 2363 rex
1058 2317 1161 2364 metum

84 2381 141 2430 tou
152 2397 296 2447 precesque.
636 2387 745 2434 incutiat
771 2387 872 2448 regioni
900 2385 1015 2449 boreali,
1047 2387 1075 2436 id
1103 2392 1158 2450 est,

109 2456 130 2506 3.
147 2457 169 2509 l.
190 2463 225 2510 rh
244 2459 343 2523 quihus
359 2473 407 2511 rex
421 2459 522 2523 gelidae
535 2473 598 2510 orae
636 2461 700 2524 ipsis
717 2457 891 2524 popularibus
908 2460 996 2520 suisr;
1015 2475 1084 2524 quae
1102 2461 1161 2512 lan-

85 2531 127 2580 sub
150 2534 335 2597 septentrione
356 2535 471 2598 positae,
499 2534 524 2584 id
548 2539 597 2595 est,
636 2535 789 2596 guidissima
808 2535 936 2597 expositio
954 2547 1039 2598 nuper
1053 2539 1160 2588 recocta

83 2605 229 2667 Scytharum
251 2611 477 2668 reametuatur»,
498 2609 599 2659 scilicet
635 2611 685 2658 est.
717 2609 768 2658 Sed
786 2609 808 2658 si
826 2610 882 2670 quis
898 2611 971 2660 esset
983 2611 1040 2671 τίς,
1059 2611 1159 2660 ridicu-

86 2679 114 2738 iid
130 2682 195 2744 quod
213 2695 266 2746 per
282 2678 457 2748 ἐπεξήγησιν
469 2684 596 2746 adiicitur)
635 2682 688 2732 iam
716 2683 786 2731 hanc
812 2683 972 2732 sententiam
998 2685 1159 2735 contineret:

85 2755 215 2807 aTiridate
235 2757 348 2819 eiusque
367 2757 486 2808 asseclis.
506 2760 595 2808 lustin.
635 2757 725 2804 utrum
752 2757 910 2817 Scytharum
936 2770 1001 2818 rex,
1032 2771 1065 2808 an
1094 2757 1160 2809 alius

84 2826 118 2887 te,
135 2832 160 2879 5:
186 2832 297 2881 Victoria
321 2833 351 2880 de
367 2832 473 2882 Amooio
490 2833 598 2882 insolen-
635 2831 713 2892 quisi
740 2831 801 2891 Quis
821 2829 887 2893 plur.
913 2833 1004 2880 autem
1021 2833 1063 2882 est
1079 2833 1160 2882 etiam

85 2903 126 2950 tior
139 2906 269 2966 Phraates,
289 2906 448 2956 Parthorum
464 2921 520 2966 rer,
538 2909 597 2956 red-
636 2903 779 2967 Epod.,tt,
802 2903 825 2953 e.
854 2905 881 2953 et
902 2905 989 2954 sexies
1011 2905 1037 2953 in
1060 2907 1157 2956 Satiris.

83 2975 147 3038 duas,
163 2995 219 3030 cum
236 2981 318 3030 muita
335 2981 468 3030 crudeliter
484 2983 597 3030 consue-
634 2977 722 3027 Verba
744 2991 810 3027 vero
833 2979 897 3038 Ouid
920 2979 1045 3028 Tiridaten
1068 2985 1162 3029 terreat

83 3057 121 3112 ret,
136 3055 161 3102 in
185 3056 292 3104 aritium
313 3067 331 3103 a
349 3055 443 3116 papate
465 3069 509 3105 sito
522 3057 597 3117 petti-
634 3053 744 3102 minime
787 3050 975 3118 ταυτολογίας
1014 3053 1161 3102 insimulari

83 3128 124 3174 tar.
166 3129 254 3190 ltaque
280 3141 337 3178 cum
364 3143 457 3192 maeno
489 3134 598 3192 ternpore
634 3129 750 3188 queunt,
781 3139 843 3176 cum
868 3127 925 3176 sine
955 3129 1158 3189 interrogatione

81 3198 189 3258 initiatus
221 3204 348 3264 ciuitates,
383 3205 417 3252 ad
443 3208 597 3264 postrmium
634 3199 685 3250 hoc
711 3200 762 3250 sihi
788 3200 882 3251 velint:
914 3203 1042 3264 «praeter
1066 3213 1158 3263 regem

82 3271 175 3332 Septies
189 3277 304 3338 prociduis
323 3277 466 3340 fatigasset,
489 3278 596 3340 stpeha-
633 3276 792 3338 Scytharum
810 3275 938 3326 Tiridates
957 3277 1050 3325 metuit
1068 3276 1159 3324 inlide-

84 3359 133 3395 rum
147 3353 260 3400 marinio
277 3351 376 3400 auritio
392 3353 419 3400 in
435 3365 541 3415 repnum
558 3365 597 3400 re-
633 3347 734 3399 litatem
759 3351 840 3412 atque
863 3349 972 3400 insidias
1000 3350 1158 3400 Parthorum

81 3421 187 3473 stituitur.
222 3425 275 3474 Hoc
297 3425 395 3474 maante
410 3439 494 3488 repem
510 3427 596 3476 Parthi
634 3424 768 3488 ipsorum,
805 3423 902 3486 quibus
937 3437 1007 3474 nunc
1035 3425 1157 3487 precario

85 3494 198 3548 Tiridaten
210 3501 335 3562 quendam
346 3503 534 3562 corutituerant,
553 3501 596 3562 qui
632 3499 800 3562 imperitat»)
816 3526 843 3534 -
853 3499 950 3562 pelidae
965 3499 1033 3562 orae]
1047 3499 1085 3548 Ct.
1096 3497 1158 3548 iilud

82 3571 157 3620 auto
173 3575 281 3624 aduentu
297 3576 448 3636 smum-mi
464 3590 521 3625 οιοα
537 3589 595 3626 ma-
633 3574 730 3623 hucuni
757 3575 786 3634 5,
821 3574 868 3622 55:
905 3573 1001 3637 pelidae
1031 3575 1158 3624 dominum

82 3657 125 3702 poa
147 3650 284 3698 anticorum
306 3662 385 3698 rnanu
406 3653 440 3700 ud
463 3652 595 3700 Caesarem
633 3647 802 3708 Rhescuporis
819 3659 887 3696 orae.

82 3716 103 3763 in
123 3720 266 3782 Hispaniam
287 3723 376 3772 betium
398 3730 456 3774 tanc
479 3727 596 3786 temporis

81 3801 193 3851 duratam
219 3799 280 3860 (sed
308 3799 368 3848 vide
394 3799 592 3862 argumentum)

80 3868 188 3932 trofaeo.
216 3873 268 3922 Clr.
287 3873 336 3922 Dio
354 3875 428 3924 Cass.
447 3875 488 3934 at,
509 3873 548 3924 l8.
568 3876 595 3923 et

82 3937 117 3996 53,
133 3941 171 3991 33.
206 3945 233 3994 td
251 3946 322 4009 quod
341 3949 404 3996 tunc
416 3949 530 3998 manime
542 3953 595 3997 ter-

82 4012 142 4062 retat
157 4017 299 4078 Tiridaten,
319 4023 389 4080 erat,
409 4021 480 4084 quod
497 4023 595 4072 Phrea·
663 4019 687 4068 o.
722 4019 834 4082 talearis]
860 4012 1037 4086 «ἀκηράτοις
1056 4019 1152 4082 (Eurip.

82 4087 116 4134 lis
130 4090 162 4138 ub
181 4096 296 4159 Augusto
313 4097 439 4159 petierat,
462 4099 492 4146 ut
509 4094 591 4154 illum,
631 4091 733 4156 llippol.
752 4092 813 4153 73.i,
832 4106 846 4141 a
866 4093 971 4142 nemine
989 4093 1155 4142 contamina-

82 4171 169 4212 meam
188 4179 259 4218 aium
285 4169 382 4231 (lustin.
407 4169 448 4228 ts,
472 4171 517 4232 5.),
542 4169 593 4219 sihi
631 4165 1155 4229 tiS‚purisatqueillibatismidemsigni-

84 4235 200 4300 traderet,
241 4243 291 4294 sed
331 4241 513 4313 «Τηριδάτην
552 4239 591 4308 τῷ
630 4243 704 4300 licat,
724 4240 833 4303 quodv.
848 4243 887 4290 ao.
900 4241 1082 4304 Mihnnoeis,
1097 4251 1155 4288 our-

84 4305 187 4382 leedan
199 4313 252 4368 oris
263 4314 408 4381 ἐξέδωκε.»
429 4320 523 4368 Sermo
535 4320 593 4366 erat
631 4315 731 4364 minum
754 4327 837 4375 genus
860 4327 966 4364 novum.
999 4316 1102 4364 Lueret.
1127 4313 1151 4372 t,

146 4403 243 4454 ⁴ttonlr.
261 4421 316 4454 rou.
334 4409 348 4453 Ι,
381 4421 418 4454 nn.
437 4419 513 4454 aaron
530 4407 566 4451 111.
960 4407 984 4449 10

664 3761 687 3808 5.
722 3760 802 3822 unice]
839 3771 967 3822 «prorsus
997 3760 1155 3820 incuriosus,

632 3833 696 3882 dum
713 3832 834 3896 volgares
846 3833 968 3884 homines
980 3832 1061 3884 multa
1074 3847 1106 3882 ea
1121 3833 1155 3882 de

631 3919 660 3956 re
678 3905 847 3970 loquuntur.»
