2986 4974
487 435 545 484 ΗΒ.
566 435 583 483 l.
621 435 649 483 C.
670 434 767 484 xxtiV.

333 592 525 678 Quicunque
548 589 685 677 Bithyna
708 590 838 656 lacessit

375 713 582 800 Carpathium
605 713 739 801 pelagus
762 713 880 779 carina.

288 875 330 937 Te
352 873 459 938 Dacus
482 894 597 960 asper,
623 884 654 939 to
677 872 803 960 profugi
827 869 967 961 Scythae

290 992 457 1080 Urbesque
480 1004 659 1080 gentesque
683 1004 715 1059 ct
736 994 861 1060 Latium
884 993 975 1059 ferox
1165 996 1205 1060 tu

332 1117 521 1203 Regumque
545 1125 664 1181 matres
685 1114 899 1182 barbarorum
922 1125 954 1181 et

371 1237 529 1324 Purpurei
552 1247 699 1304 metuunt
720 1237 864 1326 tyranni,

115 1473 373 1522 terumtadomiuum
383 1470 640 1534 aequortsgcneralis
679 1485 741 1522 suas
764 1470 920 1522 solitudines
943 1473 1069 1536 (Steppan)
1093 1473 1201 1534 abeunt,

116 1550 152 1595 ast
163 1547 296 1596 sententia
309 1557 397 1608 neque
410 1559 473 1594 vero
486 1543 538 1593 ullo
550 1547 638 1608 pacto,
679 1560 711 1595 ex
729 1547 814 1609 gentis
832 1560 896 1596 suae
914 1559 990 1598 mora
1008 1547 1105 1598 nullam
1118 1551 1142 1598 in
1156 1551 1200 1599 tali

115 1622 141 1667 ut
167 1618 286 1670 nonnulli
320 1619 476 1678 voluerunt,
511 1619 641 1682 significat
677 1620 738 1682 tuga
761 1621 932 1684 ignominiam
956 1637 1016 1673 esse
1038 1625 1200 1687 reputantes.

114 1695 225 1756 priscam
247 1695 392 1744 Antiatium
411 1707 426 1742 a
445 1695 557 1742 Fortuna
577 1707 641 1756 pro-
677 1693 724 1744 Alii
750 1699 928 1759 provocantes
953 1697 987 1746 ad
1015 1696 1152 1748 Platonem
1176 1701 1202 1749 in

115 1771 240 1819 tectorum
259 1769 408 1834 potentiam
424 1766 640 1818 maritimnmvel
677 1770 791 1820 Lachete
810 1783 836 1834 p.
857 1771 912 1821 iti.
932 1775 962 1822 A.
986 1775 1136 1835 exponunt:
1161 1775 1202 1824 «in

116 1844 190 1893 etiam
208 1845 386 1894 Fortunarum
403 1843 547 1894 Antiatium
565 1843 639 1892 aedis
677 1843 801 1906 fugiendo
817 1845 970 1908 iaculantes,
991 1847 1105 1909 ideoque
1118 1847 1203 1898 hosti-

116 1918 189 1967 situm
199 1919 234 1968 ad
243 1931 330 1968 mare.
345 1917 508 1981 (Martialisa
521 1920 544 1980 t,
555 1918 578 1966 3:
591 1918 641 1967 Seu
675 1917 727 1970 bus
740 1919 927 1980 formidolosiu
947 1933 1000 1984 qua
1012 1921 1202 1984 significatione

115 1994 638 2055 trraoertdtcaedr'scuntreaponsasorores,
676 1995 798 2044 Lucanus
823 1995 860 2057 (6,
886 1995 936 2059 50.)
962 1995 995 2045 de
1017 1997 1119 2047 Parthis
1138 2011 1202 2048 usus

115 2067 189 2116 Phua
199 2068 402 2128 suburbanique
412 2067 486 2116 aaut
493 2068 636 2130 undasreti.
676 2071 717 2118 est
726 2067 858 2117 adiectivo
869 2070 960 2133 rasuqi.
981 2071 1079 2121 Rursus
1092 2070 1133 2120 alii
1146 2073 1203 2123 iun-

115 2140 167 2190 cail.
182 2142 271 2207 Nihby
287 2143 336 2192 689
352 2143 455 2206 Viuppio
468 2143 497 2191 il.
510 2155 536 2205 p.
551 2142 617 2204 235.)
675 2144 754 2205 gunt:
774 2143 879 2203 Scythae
898 2145 966 2206 (gen.
985 2146 1051 2207 sing.
1071 2158 1120 2208 pro
1138 2147 1202 2207 Scy-

141 2217 165 2265 t.
183 2216 303 2280 Bithyna]
322 2218 379 2266 Non
402 2218 462 2280 quia
486 2231 519 2265 ex
541 2229 572 2266 ea
592 2229 638 2265 re·
674 2217 785 2280 thurum)
802 2216 875 2266 urbes
885 2223 1030 2280 penusque,
1052 2218 1123 2268 haud
1142 2233 1202 2269 me-

114 2291 184 2352 gione
206 2292 310 2342 multae
333 2305 439 2342 marces
459 2294 571 2342 Romam
588 2291 638 2339 ad·
675 2292 886 2353 moresScythas
904 2305 957 2342 nou
970 2291 1095 2342 hahuisse
1108 2293 1198 2342 urbes.

113 2365 291 2426 vehebantur,
311 2367 359 2416 sed
378 2368 451 2416 navis
469 2367 526 2430 ipsa
542 2365 638 2415 dicitur
676 2391 703 2400 —
723 2365 882 2427 Scytharum
899 2365 1012 2416 formant
1026 2365 1200 2430 hahitumque

115 2443 259 2492 constructa
272 2455 307 2490 en
319 2441 458 2503 Bithynico
470 2440 554 2503 lign0;
574 2453 636 2490 nam
674 2441 810 2502 quomodo
829 2442 1009 2505 expresserint
1026 2441 1142 2491 artifices
1154 2455 1200 2492 an-

115 2515 245 2566 matoriem
273 2517 367 2578 aptam
391 2516 425 2564 ad
449 2528 531 2564 naves
553 2514 636 2564 iahri-
673 2515 751 2578 tiqui,
770 2514 830 2564 uida
849 2517 876 2565 in
893 2516 1013 2566 Gerhard
1033 2518 1136 2580 Vacerra.
1156 2517 1198 2566 lli.

115 2589 207 2638 caudas
218 2589 389 2653 praebebant
403 2589 484 2640 silvae
497 2589 634 2650 Bithyniae
673 2589 701 2639 T.
729 2590 836 2639 CLXVI.

116 2663 139 2710 et
160 2665 239 2714 Ponti.
268 2691 299 2700 -
323 2665 427 2728 lucessit]
451 2665 542 2713 Omnis
563 2664 635 2712 enini
707 2664 746 2712 to.
785 2663 867 2726 Urbes]
892 2666 1002 2714 Pausan.
1028 2664 1059 2726 t,
1087 2665 1137 2726 30,
1166 2666 1197 2715 6:

115 2739 186 2786 nauta
207 2739 307 2789 tinctus
328 2741 477 2801 ventosque
495 2738 529 2787 ad
547 2739 636 2787 certa-
672 2735 816 2808 Πίνδαρος
841 2734 894 2804 τὴν
919 2735 1017 2805 Τύχην
1039 2740 1087 2788 καὶ
1113 2741 1199 2810 φερέ-

116 2821 170 2860 meu
179 2825 270 2864 secum
285 2813 429 2864 ineundum
438 2813 566 2863 audacter
575 2825 637 2875 pro-
673 2812 756 2863 πολιν
778 2807 960 2862 ἀνεκάλεσεν.
986 2840 1013 2850 ω
1039 2815 1140 2864 Latium
1159 2816 1199 2878 sa—

116 2889 192 2935 rucat.
227 2888 304 2938 ovid.
324 2890 430 2938 iliatam.
451 2888 478 2949 i,
498 2886 558 2938 idi:
577 2887 636 2936 Flu-
671 2889 734 2953 roa]
759 2889 945 2949 «animosum,
972 2886 1145 2948 bellicosum,
1173 2891 1199 2938 in

116 2958 185 3008 cttiru
201 2961 294 3024 ignotis
311 2963 462 3012 tnsrdtaoerc
478 2963 590 3011 carinae.
672 2977 725 3027 quo
742 2962 816 3013 orbis
833 2966 966 3012 terrarum
978 2964 1069 3025 caput,
1088 2965 1197 3013 Roman

144 3033 165 3082 8.
199 3037 372 3102 Carpathium]
395 3051 410 3086 a
433 3039 564 3101 Carpatho
593 3037 631 3098 (h.
704 3038 744 3087 rt.
765 3039 804 3087 ta.
832 3039 974 3100 flapurnqua
997 3038 1099 3100 matres]
1126 3037 1198 3101 apud

116 3105 257 3178 Scrtrpaato)
276 3113 362 3164 insuia
380 3114 449 3162 inter
465 3113 588 3164 lihodum
607 3113 634 3161 et
670 3113 782 3162 Asianos
794 3113 938 3175 praecipue
950 3111 1105 3172 honoratae,
1122 3115 1150 3161 ut
1162 3113 1199 3161 vi-

117 3179 227 3245 Cretam;
251 3189 334 3238 etiam
352 3189 445 3238 Graeci
462 3183 634 3259 Καρπὰθιον
670 3187 766 3236 demus
783 3187 906 3235 Atossam
924 3185 949 3234 in
961 3184 1086 3248 Aeschyli
1098 3188 1195 3236 Persis.

117 3255 238 3325 πέλαγος.
670 3264 725 3312 Hae
747 3262 825 3324 igitur
846 3261 940 3310 timent
957 3258 1028 3320 tiliis,
1058 3273 1091 3310 ne
1109 3273 1124 3309 a
1143 3261 1197 3310 lto·

144 3333 165 3381 9.
184 3336 246 3386 Daci
267 3341 332 3386 tunc
355 3337 484 3400 temporis
505 3337 634 3387 incursio-
671 3337 756 3387 manis
782 3349 864 3398 regno
890 3333 1046 3398 spolientur.
1088 3335 1197 3399 Propria

118 3403 187 3458 nibus
205 3423 303 3462 venare
323 3409 446 3462 solebant
462 3412 563 3462 vicinas
582 3412 633 3461 im-
669 3411 792 3462 videlicet
809 3411 998 3474 significatione
1019 3409 1122 3473 accipio
1139 3423 1198 3458 mu-

118 3482 175 3540 nerii
192 3483 301 3536 Romani
324 3487 456 3550 regiones.
498 3489 583 3550 Atque
606 3487 631 3536 in
669 3492 727 3548 tras,
741 3499 794 3536 non
809 3499 871 3536 curu
888 3484 943 3535 aliis
956 3485 1117 3544 «matronas,
1131 3496 1197 3532 con-

118 3553 147 3602 u.
159 3558 257 3610 Antonii
270 3561 350 3612 sociis
368 3562 480 3611 inerant.
500 3563 570 3625 Virg.
584 3563 630 3610 Ge.
670 3563 776 3625 iuges.»
815 3561 867 3611 Cir.
895 3560 1016 3610 iudicum
1042 3559 1071 3608 C.
1095 3559 1124 3619 5,
1148 3558 1195 3607 28:

118 3627 139 3687 t,
148 3627 205 3680 iti:
221 3635 271 3684 Aut
281 3637 413 3685 coniurato
425 3637 572 3686 descendens
580 3637 634 3685 Da-
668 3639 715 3686 Por
729 3637 866 3700 fenestram
876 3635 991 3684 ulmabat
1000 3639 1083 3684 mater
1094 3634 1199 3683 Sisaraa

118 3704 194 3752 aaut
207 3708 276 3759 latro.
293 3710 334 3760 Ad
348 3711 440 3771 Dacos,
453 3723 516 3774 pop.
531 3713 631 3770 Germ,
670 3716 694 3760 at
716 3712 746 3760 dc
770 3711 904 3760 cucumula
931 3707 1097 3770 loquabatur:
1125 3709 1198 3758 «Cur

120 3777 316 3848 Douosquodam
324 3785 634 3852 modopertiueredocet
669 3791 787 3834 moratur
803 3785 902 3848 raprerli
919 3797 1011 3833 currus
1025 3781 1095 3832 stru?
1113 3784 1198 3844 (lucra

118 3851 244 3909 turinum
261 3861 346 3910 Gesclr.
360 3861 384 3910 d.
398 3861 422 3910 d.
436 3862 494 3922 Spr.
509 3863 528 3909 l.
543 3874 569 3924 p.
585 3861 632 3910 ⁴92
670 3862 835 3910 tardaverunt
857 3860 932 3922 podas
957 3859 1143 3920 quadriparum
1164 3857 1197 3906 tt-

121 3931 182 3993 sqq.)
208 3960 234 3970 -
252 3935 368 3999 prorupi]
396 3935 443 3985 Od.
471 3935 501 3995 3,
528 3935 574 3996 at,
601 3935 630 3983 9:
669 3935 754 3985 liuslu
776 3933 1083 3997 -Purpurei-tyrauni]
1097 3932 1128 3982 οἱ
1143 3927 1198 3997 τὴν

121 4000 422 4072 Campestro-Scyriae,
437 4011 550 4073 Quonun
557 4011 634 4072 plau-
670 4007 834 4082 πορφυρίδα
851 4003 1032 4070 ἐνδεδυκότες
1044 4021 1097 4057 nou
1110 4005 1196 4058 semei

119 4079 167 4126 atra
181 4095 257 4146 vapos
272 4086 538 4135 ritatrairuntrlomos.
565 4085 633 4136 Dicit
670 4086 704 4136 de
722 4085 842 4148 tyrannis
859 4082 902 4134 vel
919 4083 1051 4148 primariis
1068 4081 1195 4131 virisLu-

121 4146 181 4232 ⁷⁰3⁸&
207 4154 319 4222 Σκύθας
351 4158 556 4226 πλανωμένους
584 4159 632 4210 ἐπὶ
670 4158 954 4222 cianus.(Dial.mort.
971 4157 996 4218 t,
1016 4157 1038 4208 i.
1059 4156 1192 4205 Vitauct.

122 4235 170 4274 rua
185 4223 301 4297 ἁμαξῶν
318 4237 425 4286 Lucian.
440 4237 505 4285 icar.
521 4235 571 4296 to,
586 4235 631 4298 qui
671 4235 720 4297 ta.)
747 4235 817 4298 virg.
837 4237 883 4284 Ge.
902 4233 931 4293 t,
959 4233 1021 4284 tas:
1050 4232 1123 4280 illam
1144 4243 1195 4279 nnn

123 4306 335 4371 appropinquante
353 4311 430 4361 hosta
449 4312 474 4360 in
488 4311 632 4360 immensas
665 4310 753 4372 populi
777 4310 872 4372 fuscas,
898 4321 949 4356 oon
968 4319 1086 4369 purpura
1106 4316 1195 4366 rapum
