2986 4974
494 391 553 440 Lib.
573 393 590 441 Ι.
627 395 655 440 C.
676 393 783 442 XXXVi.

403 862 638 926 cm
665 865 860 926 xxxvl·

261 1031 300 1094 Et
322 1030 413 1096 thure
436 1041 468 1095 et
489 1029 606 1096 fidibus
630 1031 716 1098 iuvat

348 1148 481 1217 Piacare
504 1161 536 1217 et
556 1151 646 1217 vituli
668 1155 823 1239 sanguine
847 1155 956 1221 debito

261 1272 422 1340 Custodes
444 1272 600 1339 Numidae
623 1273 717 1350 dem,

348 1393 408 1472 Qui
431 1415 516 1460 nunc
538 1397 696 1482 Hesperia
719 1416 833 1482 sospes
855 1397 895 1462 ab
919 1399 1027 1464 ultima

260 1552 352 1618 Caris
374 1551 473 1618 multa
495 1551 676 1630 sodalibus,

345 1672 426 1738 Nulli
449 1673 542 1762 plura
565 1684 671 1742 tamen
694 1675 807 1742 dividit
832 1677 942 1744 oscula

260 1797 368 1874 Quam
389 1794 475 1862 dulci
499 1797 645 1874 Lamiae,
669 1819 793 1864 memor

343 1919 441 1984 Actae
463 1937 527 1982 non
549 1917 611 1984 alio
637 1941 712 2007 rege
735 1922 880 2008 puertiae

155 2087 260 2138 XXXVI.
288 2089 373 2138 iuscr.
392 2086 460 2152 vulg.
487 2090 517 2138 444
532 2087 650 2139 honorem
669 2088 719 2151 (vel
737 2091 853 2152 reditum)
870 2091 942 2140 Plotii
959 2091 1090 2140 Numidae.
1114 2119 1139 2126 —

127 2161 160 2210 rid
175 2161 338 2224 Pomponiana
355 2162 381 2211 S.
403 2187 430 2198 -
448 2162 486 2212 ,444
496 2163 612 2214 boarium
624 2164 652 2212 T.
668 2163 750 2226 (idem
762 2166 820 2214 Tin
832 2167 966 2228 margine:
985 2165 1056 2216 Hanc
1067 2167 1142 2214 odam

127 2235 205 2285 scribit
219 2237 246 2286 in
262 2237 384 2288 bonorarn
399 2237 500 2286 numida
512 2250 563 2299 pro
579 2238 649 2286 4444444
666 2237 746 2288 sotum
762 2239 858 2288 reuersi
869 2252 902 2288 aa
913 2239 1072 2288 mauritonio
1082 2243 1142 2287 vota

127 2309 237 2361 sotumdu
254 2325 365 2375 ucqrmm
381 2323 431 2362 caso
447 2311 528 2374 dicit.)
548 2337 575 2347 -
595 2313 618 2360 4.
638 2317 693 2361 turo
710 2313 738 2361 T.
760 2340 787 2348 -
806 2313 830 2361 8.
846 2313 973 2374 pueritiae
990 2313 1018 2362 T.

125 2455 226 2508 44444444.
239 2461 368 2512 convivio
380 2459 528 2512 adventicio
538 2459 612 2511 cele·
682 2460 706 2512 4.
720 2461 847 2526 Hesperio]
861 2462 891 2512 H.
906 2460 922 2511 l.
935 2461 1068 2526 Hispania,
1082 2461 1172 2512 uitima

100 2525 150 2577 brat
168 2531 239 2584 Plotii
261 2534 393 2586 Numidae
412 2533 543 2594 reditum,
566 2535 611 2597 qui
649 2534 821 2586 Occidentem
845 2547 941 2586 versus
966 2537 1052 2600 regim
1080 2537 1172 2586 contra

100 2615 151 2651 cum
166 2607 279 2669 augusto
298 2622 331 2658 cx
349 2609 486 2672 Hispania,
504 2607 551 2658 ubi
568 2607 610 2659 illa
648 2609 696 2658 0d.
716 2607 745 2668 3,
764 2609 792 2668 6,
811 2609 835 2658 8.
855 2611 896 2660 est
913 2607 994 2660 ltalia.

100 2673 185 2728 beilum
197 2681 386 2732 Cantabricum
398 2685 530 2745 gesserat,
544 2697 568 2732 a.
582 2697 608 2732 u.

100 2751 178 2802 arao.
191 2758 347 2808 reverterat.
368 2757 508 2820 (Augustus
520 2758 610 2807 autem
680 2759 703 2808 7.
722 2757 746 2806 8.
766 2756 877 2820 Laenius]
895 2759 934 2807 De
952 2759 980 2808 L.
993 2755 1066 2808 Aelio
1081 2760 1170 2810 Lamia

100 2827 150 2884 4044
169 2829 268 2882 triennii
291 2831 442 2882 absentiam
464 2832 490 2880 in
511 2831 609 2883 Urbem
647 2831 693 2882 cir.
712 2831 760 2882 Od.
785 2832 814 2892 4,
837 2831 878 2882 46.
905 2859 932 2866 -
954 2845 1005 2882 non
1025 2831 1084 2894 atio]
1108 2846 1171 2882 ceo-

100 2897 173 2950 rerb’it.
191 2903 237 2954 bio
254 2907 300 2966 43,
321 2906 372 2968 48.)
393 2906 450 2955 Hoc
467 2917 531 2955 sane
548 2919 610 2969 pro-
646 2905 734 2955 dem.»
754 2906 834 2955 Tacit.
854 2907 943 2954 Germ.
962 2905 993 2954 a:
1011 2919 1062 2954 non
1078 2907 1106 2956 tn
1117 2906 1170 2956 aiio

101 2967 248 3041 muscast,
275 2991 454 3043 quamquam,
481 2979 512 3028 ut
535 2981 609 3030 notat
643 2979 739 3029 4444444444
755 2992 804 3043 pro
823 2979 864 3030 «in
882 2979 979 3030 eadem
995 2977 1119 3030 vilitate.»
1140 3007 1167 3015 -

101 3041 199 3110 Frank&
227 3053 341 3106 Numida
368 3055 447 3105 etiam
473 3051 608 3116 aliquanto
643 3052 710 3117 rape]
730 3055 866 3113 «rectore,
886 3052 1065 3114 moderatore,
1084 3052 1170 3115 magi-

100 3121 150 3168 tssto
175 3125 319 3188 Augustum
347 3129 445 3177 reverti
473 3130 605 3192 potuerat.
644 3129 727 3178 stro.»
762 3125 885 3176 Similiter
906 3127 1005 3176 Burrus
1023 3128 1051 3176 ct
1067 3126 1168 3176 Seneca

100 3190 181 3246 Similis
196 3202 343 3262 armamenti
362 3204 404 3252 eat
420 3202 468 3252 od.
487 3203 517 3262 4,
537 3202 561 3252 7.
643 3205 752 3252 rectores
775 3200 955 3262 cupediarios
977 3201 1110 3250 taceamus
1127 3200 1169 3250 di-

126 3267 146 3315 i·
165 3271 256 3338 Mitte]
276 3275 421 3328 «Fidiciues
441 3275 519 3326 bodie
538 3289 607 3339 quo-
645 3277 741 3326 cuutur
757 3276 837 3324 Tacit.
855 3278 923 3324 Aua.
943 3274 983 3334 43,
996 3274 1021 3323 4.
1046 3273 1101 3324 «Ad
1116 3287 1168 3337 pu-

101 3347 143 3418 ‘Ne
164 3343 256 3398 Romae
279 3349 314 3400 ad
336 3349 465 3400 sacrificia
485 3349 607 3400 adhiberi
645 3363 752 3402 erorum
770 3349 847 3400 iudos
860 3350 933 3412 (Epp.
947 3350 971 3410 4,
991 3349 1017 3410 4,
1036 3349 1076 3399 te:
1092 3361 1168 3411 pum

101 3417 292 3475 centumuiros
320 3437 401 3476 nemo
426 3425 535 3486 estqui
557 3438 606 3475 ne·
643 3425 765 3484 44444444,
791 3426 844 3475 Noc
869 3425 931 3484 eris,
957 3423 1037 3472 aiunt.
1073 3423 1164 3476 lustin.

100 3486 177 3539 sciat.»
193 3494 282 3548 Senos.
644 3499 673 3559 4,
692 3501 720 3549 5:
740 3499 820 3561 Curua
835 3511 884 3550 raa
899 3499 965 3548 inter
981 3499 1090 3548 ludentes
1102 3503 1168 3550 sorte

126 3559 147 3608 ²·
170 3565 276 3636 Nocere]
299 3572 376 3622 Omni
397 3570 528 3622 sacrificio
544 3571 605 3633 pto·
642 3572 753 3636 etectos.)
769 3572 812 3622 vel
829 3572 863 3622 ob
877 3585 939 3624 eam
951 3585 1060 3624 cerream
1071 3585 1167 3636 pamm

101 3638 177 3714 444444
191 3640 237 3705 dii,
259 3658 353 3696 eorum
370 3659 423 3710 pax
439 3644 603 3710 imploratur,
643 3647 785 3698 commode
798 3645 986 3708 baecreteras,
999 3645 1167 3710 quodquam

102 3707 317 3770 οἱ444114444444444044
327 3721 398 3772 snut.
412 3720 502 3772 burel.
514 3721 605 3770 Victor
642 3722 694 3772 boo
705 3719 764 3770 loco
775 3721 848 3771 baud
859 3719 940 3772 dubie
953 3719 1076 3770 diuturna
1086 3734 1167 3784 quae-

103 3775 129 3826 dt
143 3782 195 3836 Sex.
214 3793 337 3860 Pompeio
356 3797 385 3848 C.
399 3795 444 3847 st:
464 3795 605 3846 0444444444
642 3795 705 3846 dam
728 3797 804 3846 actae
827 3795 956 3858 pueritiae
979 3793 1094 3845 conditio
1116 3794 1165 3843 de-

101 3850 188 3909 [diter
206 3871 327 3930 4444444444,
353 3871 463 3934 Neptuni
484 3883 509 3920 sa
523 3871 604 3934 fitium
642 3869 767 3930 claretur,
795 3871 837 3920 vix
855 3867 981 3919 credibile
1000 3868 1041 3919 est
1058 3881 1108 3931 per
1124 3871 1166 3916 to-

103 3929 205 3990 anr
225 3949 258 3992 cat
280 3958 384 4008 amque
406 3945 480 3996 botru
505 3946 604 3996 auratis
641 3947 696 3996 tam
713 3944 854 4008 pueritiam
871 3955 954 3993 unum
974 3943 1090 3993 Lamiam
1106 3941 1166 4003 (non

103 4003 121 4046 ‘²
133 4015 187 4065 ‘⁹¹⁴⁰
199 4013 314 4073 4444444444.
331 4048 357 4058 -
371 4019 459 4084 debito]
476 4021 545 4072 «Diis
557 4019 604 4070 de·
641 4021 692 4069 aiio
708 4017 775 4083 repe)
792 4031 937 4082 puerorum
959 4015 1107 4066 ludentium
1124 4027 1166 4064 rc-

104 4069 168 4156 bau
190 4084 269 4142 hostia
293 4096 362 4145 votis
388 4096 518 4158 susceptis
539 4108 603 4159 pro-
640 4107 702 4158 gem
714 4107 772 4144 esse
786 4093 892 4153 iactum,
911 4091 1068 4154 pracsertim
1081 4101 1163 4151 quum

105 4156 192 4234 Q·
224 4165 344 4220 Poenum.
372 4169 419 4220 Od.
443 4171 471 4230 4,
500 4171 528 4228 4,
557 4170 600 4219 ti:
640 4167 675 4220 iiii
698 4180 843 4232 puerorum
867 4180 944 4230 reges
967 4171 1032 4217 sorta
1049 4162 1165 4214 solerent

105 4219 219 4287 wiffam
233 4243 305 4294 reddo
320 4245 373 4294 Ioui
390 4245 487 4306 dapem.
641 4242 725 4305 eiigir
739 4244 852 4291 Srarnrn.
868 4239 1162 4303 ”puertiuastyncopa
