3080 4980
565 443 623 493 letti.
644 445 662 492 1.
698 444 727 492 C.
748 443 789 493 tlt,

331 595 476 664 Prudens
499 599 632 664 Oceano
654 597 850 665 dissociabili

436 721 563 796 Terras,
588 719 614 785 si
638 729 744 786 umen
767 719 884 806 impiae

328 841 396 904 Non
419 839 578 927 tangenda
600 849 687 906 rates
710 839 888 906 transiliunt
911 841 1002 907 vada.

434 987 547 1054 Audax
569 989 676 1054 omnia
699 989 824 1076 perpeti

328 1107 413 1174 Gens
436 1107 576 1174 humana
600 1109 663 1175 ruit
684 1129 744 1196 per
765 1109 899 1175 vetitum
921 1109 1019 1176 nasas.

433 1228 546 1296 Audax
567 1229 668 1314 lipeti
692 1250 795 1317 genus

219 1372 261 1420 22.
281 1370 443 1420 dissociabilis
455 1369 538 1421 Bentl.
553 1373 631 1432 coni,
644 1385 725 1435 quam
738 1371 838 1422 lecerat
849 1373 902 1422 iam
914 1371 1070 1436 Gualterius,
1084 1375 1210 1439 itaquel,

185 1444 310 1494 scribens
323 1443 499 1506 dissociabilem
519 1446 672 1496 dissociabile
684 1447 812 1508 Cuningh.
827 1447 895 1496 coni.
909 1447 1015 1498 firmata
1028 1462 1043 1499 a
1056 1450 1120 1499 Ced.
1135 1452 1208 1501 Leid.

185 1517 265 1581 prob.
274 1517 394 1568 Oudend.
406 1519 522 1583 addpul.
535 1519 725 1583 necepsos.
737 1521 812 1570 —27.
825 1521 1028 1572 AtroccBotirius.
1041 1524 1072 1572 V.
1080 1525 1209 1576 lahnium.

153 1633 215 1671 nam
247 1621 338 1671 incidit
372 1623 486 1672 maxime
516 1625 625 1685 propter
656 1621 702 1730 up
751 1622 792 1673 26.
832 1624 904 1688 Gens]
943 1623 1117 1689 Philosophus
1150 1627 1244 1693 aliquis

152 1695 268 1756 abscidit,
287 1709 349 1745 cum
367 1696 401 1756 ei,
420 1698 509 1746 nostra
522 1699 619 1746 slvere
638 1709 683 1746 es-
719 1695 892 1747 scholasticus
935 1699 1100 1760 excogitasse
1139 1703 1245 1752 videtur

152 1772 205 1827 set,
225 1770 324 1819 discidit
340 1771 439 1833 requrn'
457 1771 601 1821 videretur.
629 1770 681 1821 Sed
718 1769 779 1821 leel.
799 1771 882 1822 Codd.
902 1773 1044 1822 Torrentii:
1066 1775 1138 1824 diens
1152 1777 1243 1827 imna-

152 1856 216 1894 cum
234 1857 259 1893 v.
279 1845 377 1892 discidit
393 1847 419 1894 et
440 1847 549 1908 propter
566 1847 681 1895 metrum
718 1859 761 1894 aa.
791 1847 850 1896 licit
871 1848 961 1897 autem
979 1861 1028 1909 per
1048 1851 1151 1900 vetitum
1173 1853 1244 1916 nefas

152 1921 178 1967 at
196 1920 307 1981 propter
324 1919 459 1980 egregium
475 1919 537 1969 illud
550 1917 682 1970 ἐπίθετον
718 1919 837 1969 breviter
859 1933 890 1970 ac
912 1935 979 1971 nove
1002 1923 1103 1974 dictum
1121 1928 1163 1975 est
1179 1937 1240 1990 pro:

153 1993 305 2043 dissociabili
323 1994 360 2043 uti
378 2007 430 2043 non
448 1996 552 2057 posset,
577 1997 682 2060 scripsit
719 1995 787 2043 erait
798 2007 846 2056 per
861 1996 964 2046 vetitam
985 1999 1065 2060 atque
1088 1998 1244 2064 adeodatae

152 2067 271 2128 abscidit,
295 2081 347 2117 non
369 2070 469 2118 terram
491 2071 605 2129 amari,
633 2070 681 2120 sed
718 2069 885 2118 committere
908 2069 1014 2120 audet.»
1048 2071 1130 2123 Nimis
1150 2077 1242 2138 argute

152 2155 233 2192 uuam
260 2145 365 2205 partem
391 2142 463 2193 orbis
489 2147 620 2194 lemarum
646 2144 680 2194 ab
717 2143 847 2192 Besseba:
868 2144 960 2206 «Nefas
977 2146 1032 2204 est,
1052 2146 1124 2208 quod
1141 2160 1194 2198 non
1210 2147 1243 2197 li·

152 2215 246 2266 altera.
294 2215 373 2278 liegel
408 2217 446 2268 sio
477 2218 679 2281 interpretatur:
717 2218 769 2276 eet,
788 2216 860 2279 quod
878 2220 988 2268 naturae
1006 2218 1121 2283 impulsu
1142 2235 1193 2271 nan
1210 2222 1243 2272 li-

153 2291 252 2341 ·Cuius
269 2293 373 2341 remota
391 2293 460 2342 inter
476 2305 505 2342 se
524 2293 618 2342 sociari
632 2307 681 2342 ne·
718 2303 779 2339 cere
796 2292 877 2340 sentit
893 2291 986 2354 homo,
1005 2307 1030 2342 v.
1045 2307 1068 2342 e.
1082 2291 1241 2358 latrocinari,

152 2367 255 2428 queunt
266 2363 369 2415 literam
378 2395 405 2402 -
417 2367 515 2425 Quodsi
528 2380 591 2417 cum
600 2369 680 2418 Beut-
717 2364 830 2414 caedem
847 2367 1026 2416 committere:
1044 2369 1147 2418 velitum
1162 2370 1241 2433 nefas,

153 2439 202 2490 leia
228 2439 302 2503 legas
324 2441 497 2503 dissociabiles,
520 2441 598 2494 huius
619 2455 678 2493 voc.
717 2439 759 2487 cui
777 2441 869 2489 natura
886 2453 916 2490 se
932 2440 1021 2492 mullis
1039 2443 1178 2506 etmaguis
1190 2445 1243 2494 im-

152 2516 229 2565 unica
248 2515 430 2579 interpretatio
449 2517 511 2568 erit:
531 2517 681 2568 «dissocia-
716 2513 875 2576 pedimentis
901 2517 1039 2578 opposuit,
1063 2515 1135 2580 qued
1161 2517 1242 2568 homo

154 2593 202 2650 las,
221 2590 397 2653 dissaeptum,
411 2593 527 2654 epitheto
537 2594 600 2643 satis
613 2593 681 2642 otio-
717 2589 883 2638 committere
906 2601 959 2638 nen
980 2594 1070 2654 polest
1090 2593 1139 2642 nisi
1156 2593 1241 2656 ruptis

153 2677 191 2714 so.
228 2667 322 2726 Neque
350 2679 415 2714 vere
441 2666 620 2731 Oudendorpii
646 2668 679 2717 ad
717 2661 868 2712 aerevolsis
882 2663 1242 2728 hisimpedimenlis.eddee

154 2737 255 2801 apuleii
277 2740 339 2789 Mel.
363 2739 386 2790 5.
410 2753 436 2804 p.
456 2741 513 2790 359.
533 2741 680 2806 probamus
716 2750 780 2786 vero
798 2737 823 2786 in
841 2737 892 2786 hoc
909 2737 1067 2800 haeserunt,
1087 2744 1116 2790 ut
1133 2741 1242 2791 Ouden-

154 2813 315 2874 dissaeiabile,
335 2814 361 2862 id
371 2818 420 2872 est.
436 2815 679 2866 «dissociabiliterm
716 2811 783 2874 dorp
801 2815 964 2876 proponeret
976 2815 1136 2875 paraclitum
1152 2816 1179 2864 in
1195 2830 1242 2866 ne-

154 2888 308 2952 Comparari
326 2888 434 2951 quidm
446 2893 591 2954 poteratex
604 2894 679 2956 parte
715 2886 763 2949 sat,
783 2887 913 2936 Duhemel
928 2891 1094 2949 paraclitum
1116 2895 1139 2939 el
1159 2891 1240 2954 aetas,

154 2963 222 3026 virg.
242 2965 309 3012 Aen.
330 2965 370 3024 tu,
390 2964 452 3014 338:
470 2966 610 3016 miserabile
621 2979 680 3016 cae-
716 2960 787 3023 quod
813 2961 900 3023 ipsum
921 2962 947 3010 in
969 2963 1169 3026 suspectissime
1191 2977 1242 3014 suo

152 3037 185 3086 sis
200 3037 317 3088 Hostibus
332 3039 467 3102 insultans,
492 3040 540 3092 sed
558 3044 679 3106 recipere
716 3034 780 3085 cod.
809 3035 944 3086 sorbonae
970 3037 1121 3100 repperisse
1147 3049 1177 3088 sa
1205 3038 1242 3088 ait

154 3113 224 3162 vetat
245 3113 412 3163 consuetudo
430 3115 584 3177 Horatiana,
609 3129 678 3179 quae
715 3109 812 3160 Valeri·

154 3187 202 3236 elsi
220 3186 336 3238 admittit
352 3189 423 3238 dulce
437 3191 534 3252 ridm,
553 3191 679 3241 turbidam

153 3261 243 3310 helari
266 3265 335 3322 cet,
361 3263 514 3315 dissociabile
537 3265 681 3316 abscindere
747 3260 787 3310 27.
809 3259 901 3309 dadae
918 3256 1038 3308 consulto
1056 3260 1193 3323 repetitur,
1211 3262 1241 3309 ut

154 3347 292 3399 uunquam
309 3335 430 3400 amplexa
449 3341 529 3392 asset.
715 3335 786 3384 notio
803 3335 942 3397 primaria;
962 3333 988 3383 id
1006 3333 1078 3397 quod
1090 3347 1142 3384 nou
1158 3347 1241 3398 agno-

184 3410 225 3460 23.
245 3409 286 3460 tt.
305 3411 399 3472 malae
415 3413 597 3476 paradiecttvt
614 3427 678 3478 pro·
714 3408 759 3468 vit,
783 3409 829 3472 qui
849 3409 988 3472 pronosuit
1008 3413 1093 3458 alrea
1129 3411 1175 3460 Est
1192 3410 1242 3473 igi-

153 3481 236 3547 lapsin
257 3486 404 3548 poeticam3
434 3500 496 3538 nam
522 3489 631 3552 prepter
651 3488 677 3537 id
715 3486 770 3532 tur:
792 3483 908 3542 «Audax,
927 3495 1019 3533 rursus
1038 3482 1110 3544 dieo,
1130 3485 1241 3534 Preme·

153 3557 249 3620 ipsum,
263 3559 336 3622 quod
345 3561 573 3624 trmasiliuntvade,
587 3563 679 3624 impiae
715 3558 794 3608 theus
810 3556 862 3616 ille,
880 3557 1007 3606 audaciae
1019 3560 1047 3608 el
1058 3556 1240 3608 fraudulentae

154 3631 226 3682 liunt.
263 3633 317 3683 Cir,
337 3635 409 3684 Koch
426 3637 460 3685 ad
472 3637 579 3686 Luciani
598 3636 675 3686 Char.
715 3630 847 3682 sollertiae
869 3630 1020 3681 mortalium
1038 3633 1113 3694 quasi
1136 3634 1241 3696 specics

153 3719 178 3769 p.
197 3708 238 3757 bb.
261 3735 288 3743 —
307 3711 458 3775 ammittant]
479 3711 586 3775 «rapido
598 3724 678 3762 cursu
715 3707 743 3754 el
759 3703 939 3768 symbolum.»
954 3732 981 3740 —
1000 3706 1079 3766 ldpeli
1096 3704 1163 3757 lilius
1175 3707 1241 3756 Pro-

154 3781 310 3848 traiiciuntp
321 3785 439 3849 Properl.
451 3785 475 3847 l,
487 3787 527 3846 tr,
540 3785 580 3835 te:
593 3785 679 3846 Aipe-
714 3780 847 3830 matheus.
878 3779 984 3830 Hesiod.
1003 3773 1087 3848 ”Eet-
1106 3781 1150 3829 eo:
1170 3775 1241 3842 Ζεὺς

153 3862 216 3918 reat,
235 3857 377 3919 palamque
397 3863 465 3908 rates
486 3863 509 3909 et
527 3860 585 3908 oeta
597 3873 679 3922 para·
715 3850 819 3924 Κούψε
835 3851 866 3904 bl
883 3851 953 3924 πῦρ,
976 3849 1011 3904 τὸ
1027 3853 1082 3918 μὲν
1098 3844 1180 3916 αὖτις
1191 3846 1241 3916 ἐῢς

153 3931 424 3981 eilPrimaiselinoilo
435 3935 535 3997 purpile
547 3934 677 3997 feciliter!
715 3925 783 3992 πάϊς
813 3923 952 3979 Ἰαπετοῖο
972 3923 1097 3992 'Eximit'
1125 3921 1240 4016 ἀνθρώ-

184 4005 225 4054 ab.
255 4006 342 4054 omnia
355 4009 460 4072 perpeti]
484 4007 567 4073 γένος
584 4003 678 4057 δεινὸν
715 4019 796 4055 uocat
817 3999 886 4068 Διὸς
906 3999 984 4075 πάρα
1004 3999 1175 4070 μητιόεντος
1199 4003 1240 4052 Ea

154 4074 246 4128 πάντα
262 4076 377 4143 τλῆναι,
395 4082 501 4142 omnia,
521 4083 601 4132 etiam
619 4095 679 4132 ma·
715 4077 802 4145 solip
813 4074 946 4150 νάρθηκι,
966 4073 1127 4128 iaodvdta
1143 4090 1240 4148 τερπι-

155 4153 221 4202 xima
239 4154 357 4217 pericula
374 4153 478 4216 subire3
503 4158 528 4206 in
550 4169 603 4220 quo
621 4157 678 4220 ipso
715 4155 864 4224 κέραονον.
880 4181 908 4190 -
925 4149 1011 4218 penta]
1030 4151 1072 4202 Sic
1089 4149 1182 4202 Catuli.
1196 4152 1238 4212 bl,

155 4227 221 4276 inest
245 4230 317 4278 notio
342 4231 431 4280 omnia
456 4231 581 4294 faciendi,
609 4243 677 4294 quae
715 4230 739 4278 ἲ.
759 4229 945 4290 Hymenaeum
968 4227 1079 4277 Uraniae
1096 4237 1174 4290 pentes
1190 4237 1239 4287 ap-

156 4303 299 4352 eruciatum
317 4317 410 4354 creare
427 4305 537 4368 possint.
714 4300 802 4366 pellat.
