3012 4978
445 466 504 514 LIB.
524 466 565 515 lv.
602 465 630 515 C,
649 463 713 515 VIII.

227 620 368 685 Ornatus
392 619 487 687 viridi
511 630 657 709 tempora
679 622 831 710 pampino

226 739 325 807 Liber
345 753 420 807 vota
443 740 547 809 bonos
569 742 658 812 ducit
679 742 722 810 ad
744 743 859 811 exitus.

165 919 204 968 36.
223 919 298 969 (Iusti
314 919 363 970 bd.

104 1073 187 1148 τῆρας
202 1071 327 1142 ἔχοντες.
349 1107 376 1118 -
392 1081 527 1144 pampino]
546 1081 625 1130 simi·
661 1093 769 1146 quaqua
800 1095 832 1132 ex
862 1080 966 1132 mortali
992 1081 1060 1133 deus
1086 1081 1188 1134 iactus.

104 1150 160 1203 liter
174 1154 225 1205 iam
243 1154 291 1205 od.
311 1155 339 1216 3,
352 1156 399 1217 23,
413 1155 463 1206 3οι
483 1156 626 1219 Cloacinam
661 1158 691 1206 ut
702 1157 798 1220 potitae
811 1157 966 1207 cecinerunt
981 1156 1036 1221 (Od.
1051 1155 1075 1216 3,
1089 1156 1114 1219 3,
1128 1156 1188 1219 ta),

104 1227 174 1277 »inat
191 1233 308 1291 tempora
325 1229 460 1292 pannariam
488 1227 559 1280 unde
582 1229 625 1280 bic
660 1231 724 1280 votis
750 1231 873 1282 homines
898 1231 1002 1281 domm
1029 1231 1107 1295 (virg.
1133 1230 1188 1281 Ecl.

104 1302 127 1351 in
138 1304 315 1368 suspicionem
327 1303 459 1355 adductus
471 1307 513 1355 ast
530 1317 626 1355 versus
661 1307 689 1366 o,
715 1305 785 1369 80.)‚
819 1307 944 1356 votorum
977 1319 1024 1358 eos
1050 1307 1189 1370 compotes

106 1377 181 1428 otiam
198 1377 231 1428 ab
250 1379 404 1429 Hermanno
427 1381 454 1428 et
474 1379 625 1430 Lachman-
660 1379 774 1431 reddit.»
802 1383 889 1445 Atque
918 1376 988 1444 θεὸς
1019 1377 1119 1453 σωτὴρ
1148 1385 1189 1434 est

103 1463 142 1500 no.
160 1452 212 1503 Sed
223 1454 297 1504 omni
310 1452 427 1517 epitheta
440 1466 533 1503 carerc
545 1453 625 1504 Liber
660 1456 827 1520 Lycophroni
845 1455 902 1507 306.

104 1523 128 1572 h.
146 1523 162 1574 l.
180 1527 222 1576 vir
243 1528 341 1591 potest.
372 1554 399 1564 -
434 1527 520 1591 libor]
550 1530 622 1593 »ipse

457 1901 823 1962 Excutiens

570 2037 712 2088 Annii.

162 2156 217 2206 Non
233 2156 365 2218 inamata]
393 2155 496 2221 Duplici
513 2159 685 2209 excusatione
703 2159 765 2220 eget
785 2158 829 2208 hic
845 2157 1010 2220 versiculus,
1037 2158 1155 2223 primum
1172 2171 1187 2208 a

105 2249 223 2300 caesma,
243 2253 327 2305 quam
343 2240 545 2304 pessumdatam
564 2241 658 2292 mount
673 2242 834 2293 necessitate
851 2243 965 2292 nominis
983 2243 1095 2307 proprii,
1116 2242 1188 2306 quod

105 2319 175 2372 alitor
198 2337 296 2376 versus
320 2337 374 2374 non
401 2326 562 2390 recepisset;
597 2325 695 2375 deinde
721 2327 751 2374 ut
776 2327 891 2376 imaodia
924 2325 1128 2390 «generaliter»,
1158 2329 1188 2376 ut

104 2405 185 2468 aiunt,
215 2411 258 2458 «ot
280 2409 401 2472 po‘ctica»
428 2409 594 2473 accipiantur
617 2422 666 2474 pro
684 2407 804 2460 cladibus
831 2410 870 2474 (ut
885 2411 951 2460 Aen.
979 2411 1008 2473 t,
1027 2411 1092 2460 566:
1123 2411 1188 2461 tanti

102 2487 209 2540 incenato
234 2492 309 2553 belli,
339 2493 419 2555 atqua
446 2494 568 2556 opinatus
592 2495 634 2544 est
657 2493 789 2556 bottiger,
819 2493 935 2544 Ennium
952 2493 1064 2544 tortasse
1089 2493 1187 2544 alicubi

102 2569 258 2638 Karthaginis
277 2573 368 2625 clades
387 2573 605 2641 calamitatesque
622 2590 734 2629 vocasse
752 2579 809 2629 eins
826 2577 963 2643 incatdia.)
992 2577 1035 2629 vel
1053 2579 1134 2629 etiam
1152 2577 1185 2628 de

102 2651 164 2707 binis
186 2661 283 2710 castris
301 2659 430 2723 Syphacis
454 2662 480 2709 ct
497 2660 670 2712 Hasdrubalis
692 2663 847 2726 ascipione
864 2663 980 2712 incensis
1000 2662 1063 2725 (biv.
1085 2662 1130 2722 30,
1149 2662 1185 2723 a.)

102 2744 275 2807 cromatisqua
293 2742 550 2806 Karthaginiensium
569 2746 600 2795 b.
619 2745 731 2795 navibus
751 2746 813 2808 (biv.
832 2745 878 2806 30,
898 2745 966 2808 lh),
991 2746 1101 2795 minima
1118 2758 1184 2794 voro

103 2821 150 2885 (qni
166 2825 294 2877 ridiculus
312 2826 380 2876 toret
397 2839 488 2889 orror,
507 2829 604 2892 potitae
620 2841 756 2892 nunquam
772 2828 953 2892 imputandus)
972 2827 1006 2878 de
1025 2829 1184 2890 Karthagine

101 2908 246 2973 ascipione
263 2909 388 2961 Abicano
411 2912 515 2962 minore
537 2913 645 2966 incensa
668 2913 748 2974 atquc
770 2912 867 2961 excisa.
903 2913 996 2974 Neque
1018 2923 1085 2960 vero
1110 2909 1184 2961 clan-

101 2987 197 3055 culum,
215 2996 245 3044 ιιι
262 2995 299 3045 ita
316 2994 405 3045 dicam
417 3033 422 3056 ‚
442 2995 540 3045 intrudi
552 2996 642 3059 potest
653 2995 739 3058 Scipio
751 2995 852 3056 minor,
871 2996 901 3044 ut
913 2995 975 3059 post
986 2993 1146 3045 Glareannm
1158 2996 1185 3044 et

101 3071 241 3129 Gesnerum
258 3078 360 3129 tactum
376 3079 455 3130 video
474 3079 554 3129 etiam
571 3093 587 3128 a
604 3091 707 3142 nupero
725 3078 887 3142 interprete:
910 3080 1069 3140 «Poterat»,
1088 3079 1182 3141 inquit,

101 3161 188 3219 «potia
199 3163 226 3213 in
237 3163 281 3214 his
293 3175 393 3214 nomen
405 3163 534 3227 Scipionis
546 3175 643 3226 urgere
661 3163 688 3212 at
705 3160 809 3212 silentio
826 3161 973 3226 praeterire
985 3200 990 3223 ,
1010 3162 1081 3225 quod
1099 3163 1186 3234 iunior

100 3237 202 3296 demam
219 3246 308 3311 Scipio
319 3246 507 3310 Karthaginem
530 3247 653 3298 incendio
665 3243 820 3296 deleverit.»
855 3245 932 3296 Haud
944 3245 1042 3310 magis,
1062 3248 1185 3310 quaeest

100 3323 203 3378 Gcrhari
223 3331 357 3381 sententia
374 3329 409 3380 ab
427 3343 460 3380 ao
477 3333 520 3380 ter
535 3330 687 3395 prolata*),
709 3331 786 3392 litas,
804 3331 873 3392 qai-
884 3355 899 3366 -
914 3331 989 3381 matii
1007 3343 1057 3395 pro
1074 3328 1185 3380 alicuius

100 3403 229 3466 domitoris
254 3411 359 3464 Africae
384 3413 446 3463 licta
471 3415 563 3464 nascio
588 3427 641 3478 qua
667 3427 783 3478 persona
804 3413 898 3464 haberi
919 3416 1020 3478 potest,
1052 3415 1184 3464 cumbae

99 3493 166 3542 vetet
182 3497 209 3545 at
232 3496 390 3547 indicativus
411 3498 487 3548 rediit
503 3499 530 3548 et
548 3499 606 3563 ipsa
630 3499 706 3549 Ennii
723 3499 840 3558 mentio,
868 3511 974 3562 nequa,
993 3499 1023 3547 ut
1038 3496 1121 3548 voluit
1146 3498 1182 3548 lo.

99 3573 228 3630 Deodatns
241 3578 363 3632 Fro'hlicb
373 3579 424 3644 aa),
446 3581 570 3632 Calabrae
580 3583 689 3633 Pierides
705 3583 829 3633 universa
847 3581 995 3646 significare
1012 3583 1126 3646 possunt
1136 3593 1186 3632 ne-

100 3657 151 3709 scio
178 3676 246 3727 qrraa
278 3665 396 3715 carmina
424 3665 586 3729 panegyrica
614 3679 629 3715 a
657 3667 748 3716 nescio
776 3679 830 3730 quo
858 3667 885 3716 in
914 3666 1042 3730 Scipionis
1073 3667 1183 3716 minoris

99 3738 200 3796 laudem
217 3749 374 3812 composita.
410 3751 476 3800 Nam
500 3748 564 3800 nihil
587 3750 672 3813 magis
698 3743 810 3821 ἄκυρον
832 3751 1074 3814 inconcinnumqua
1091 3751 1185 3802 habaet

99 3825 173 3888 atquc
198 3831 368 3895 ambignum,
396 3845 477 3897 quam
502 3834 525 3885 si
549 3832 669 3885 Calabris
686 3833 851 3896 picridibus,
879 3848 948 3899 quae
971 3835 1050 3885 unica
1067 3835 1182 3885 Ennium

99 3907 240 3970 significare
258 3918 386 3980 possunt,
411 3918 497 3968 totum
515 3931 599 3982 genus
616 3919 810 3983 panegyricum
827 3919 955 3970 denotare
973 3917 1108 3972 voluisset.
1144 3919 1181 3968 lta

100 4001 148 4042 nnn
167 3999 289 4059 peccavit
305 4000 437 4052 Horatius.
472 4004 527 4052 Nae
550 4001 658 4054 tandem
682 4000 833 4054 tolerabiles
855 4006 917 4054 sunt
939 4004 1108 4053 coniecturae
1127 4003 1181 4052 Cu-

155 4265 171 4318 ἰ
187 4263 302 4314 Zaltscbr.
318 4271 333 4314 l.
349 4271 474 4314 Altartbw.
493 4269 554 4315 1839.
571 4282 594 4325 p.
611 4270 646 4316 ti.
663 4270 745 4326 Progr.
762 4271 894 4317 Sontlersb.
912 4268 967 4317 ists
988 4276 1012 4316 at
1030 4267 1091 4315 tato.

154 4339 181 4393 “i
197 4340 278 4398 Progr.
295 4343 380 4399 Gymn.
399 4345 472 4400 anth.
489 4344 582 4390 Monac.
600 4344 661 4390 i837.
678 4359 702 4401 p.
718 4345 733 4390 9
748 4356 801 4400 sqq.
