3012 4978
662 453 809 502 nourrii
827 453 994 504 ChllhllNUhl

508 608 615 675 Nardo
637 609 711 674 vina
733 607 913 674 merebere.

426 767 523 834 Nardi
546 789 665 855 parvus
687 786 775 856 onyx
796 764 903 832 eliciet
924 765 1063 842 cadum,

424 891 486 971 Qui
509 910 594 955 nunc
617 887 767 975 Sulpiciis
790 887 926 954 accubat
946 887 1092 960 horreis,

424 1012 506 1098 Spes
528 1011 650 1077 donare
674 1029 774 1075 novas
797 1007 905 1095 largus
933 1029 1108 1096 amaraque

511 1133 669 1199 Curarum
691 1130 801 1196 oluere
825 1129 946 1196 efficax.

424 1290 472 1357 Ad
494 1311 578 1377 quae
600 1289 628 1355 si
651 1309 808 1376 properas
831 1287 964 1375 gaudia,
990 1309 1064 1355 cum
1087 1299 1140 1354 tua

364 1510 403 1558 ic.
422 1507 545 1558 merebere
561 1504 618 1556 Bbd
636 1508 663 1555 et
679 1517 719 1569 pr.
739 1505 855 1566 sucu:
874 1505 1007 1554 mereberis
1018 1505 1054 1564 T,
1074 1517 1143 1555 corr.
1158 1506 1183 1566 S,
1196 1503 1271 1567 βνχ,
1291 1511 1349 1558 ocio

331 1585 417 1644 Pati,
436 1583 500 1632 item
516 1578 600 1630 Bentl.
621 1582 648 1629 et
664 1580 698 1630 hi.
715 1606 741 1614 —
762 1579 801 1629 l8.
821 1579 948 1642 suppliciis
965 1578 992 1628 T.

298 1781 400 1830 minem
431 1778 521 1826 autern
554 1774 712 1838 compellat,
749 1775 824 1824 cuius
861 1786 893 1824 ac
917 1774 1028 1824 Theocr.
1057 1775 1102 1836 itt,
1136 1774 1198 1825 lli:
1238 1775 1382 1846 Euphorbi

298 1863 435 1904 summum
447 1849 531 1900 docus
543 1851 569 1899 in
581 1863 613 1899 eo
625 1849 741 1914 positum
756 1851 822 1909 erat,
860 1845 943 1918 μύρω
968 1843 1119 1920 χρύσει’
1145 1843 1324 1922 ἀλάβαστροι,
1355 1881 1380 1889 -

298 1927 371 1992 quod
393 1927 503 1974 iuvenes
521 1923 623 1974 nobiles
641 1937 704 1973 eum
722 1922 823 1972 clientis
861 1923 946 1987 eliciat]
965 1923 1092 1984 «efficiet,
1111 1926 1142 1974 ut
1157 1939 1190 1974 ex
1207 1925 1313 1978 horreis
1327 1925 1383 1977 Sul-

299 2003 358 2053 loco
375 1998 523 2058 habebant;
547 2011 609 2049 uam
626 1997 734 2048 honoris
750 1998 823 2046 certe
860 1998 935 2060 pictis
953 1997 1007 2060 lubi
1024 2000 1084 2048 vina
1102 2001 1273 2061 generosiora
1289 2001 1385 2052 vende-

299 2089 393 2136 causa,
420 2087 474 2124 non
499 2072 680 2134 iocabundus,
707 2073 742 2122 lta
761 2085 823 2122 eum
859 2069 965 2134 bantur)
989 2070 1087 2122 cadum
1104 2085 1193 2124 emam
1211 2074 1314 2139 tibique
1337 2089 1384 2140 op-

299 2152 427 2202 nominat.
452 2176 478 2185 -
502 2148 638 2213 meebers]
657 2147 822 2208 uredimesu
860 2160 986 2211 ponam.»
1014 2148 1119 2198 Etenim
1136 2149 1209 2200 domi
1226 2150 1276 2200 Oti.
1297 2153 1326 2210 t,
1344 2152 1382 2212 2⁰,

298 2228 350 2276 hoc
361 2225 452 2288 utique
465 2223 563 2274 iocose.
591 2222 644 2272 Cir.
659 2220 751 2272 catull.
767 2221 822 2282 ⁴3„
861 2222 885 2270 t.
903 2221 951 2271 uite
963 2221 1100 2272 dumtaxat
1111 2223 1233 2272 δοὺίουυυ
1243 2237 1274 2274 se
1286 2225 1384 2276 habere

299 2301 346 2350 ubi
365 2297 485 2358 Fabullo,
513 2311 627 2348 coenam
644 2297 679 2347 ad
696 2297 784 2361 ipsum
802 2295 824 2345 si
861 2295 932 2345 dicit.
963 2323 990 2332 -
1021 2295 1142 2362 asulpicii
1167 2297 1265 2348 Galbae
1291 2300 1384 2350 horrea

301 2373 434 2434 attulerit,
461 2374 627 2435 unguentum
648 2385 677 2421 se
700 2371 824 2421 datiuum
861 2369 941 2430 dicit;
960 2369 1094 2434 hodieque
1112 2373 1193 2422 etiam
1211 2372 1311 2423 Galbae
1329 2375 1385 2424 hor

298 2448 448 2515 pollicetur.
861 2457 908 2494 rea
925 2446 985 2494 vino
1003 2447 1031 2495 et
1051 2444 1110 2496 oleo
1127 2446 1313 2512 similibusque
1332 2448 1384 2500 aliis

333 2521 440 2572 ii-so.
475 2519 572 2584 Neruii]
602 2519 682 2572 Cuius
707 2523 822 2585 pretium
860 2518 958 2569 retorta
981 2523 1072 2571 sunt.»
1106 2524 1231 2572 Ponrnrn.
1275 2524 1385 2587 Sulpicio

300 2609 430 2660 aequasse
457 2594 514 2644 iera
542 2595 647 2645 videtur
671 2595 730 2645 cadi
756 2594 824 2646 illius
861 2595 950 2645 autem
973 2595 1066 2644 horsea
1090 2595 1151 2659 (non
1168 2597 1330 2663 sossium}
1356 2613 1384 2650 ex

299 2671 432 2737 pretium,
458 2669 529 2718 unde
553 2673 666 2733 augetur
682 2669 732 2720 loci
748 2669 824 2720 iesti—
861 2669 1054 2721 consuetudine
1072 2671 1178 2733 Latina,
1208 2675 1240 2722 ui
1257 2675 1329 2724 atria
1344 2675 1385 2724 Li-

299 2748 375 2796 vitas.
402 2745 486 2794 Looos
502 2743 575 2795 Plinii
594 2744 627 2794 de
645 2745 720 2794 nardi
732 2745 824 2810 pretiis
859 2745 928 2794 ento
953 2745 1131 2808 (auctionaris)
1159 2746 1230 2810 apud
1256 2749 1314 2798 Cic.
1338 2762 1384 2813 pru

300 2822 359 2885 (XL.
385 2821 434 2870 LX.
454 2819 551 2869 lxxv.
579 2818 749 2870 denariorum
774 2833 824 2883 pro
861 2819 1017 2879 Quincuos,
1032 2821 1071 2869 ti.
1094 2821 1174 2884 atque
1186 2821 1212 2870 in
1222 2819 1314 2884 legum
1324 2823 1385 2873 indi·

299 2892 500 2958 singulislihrisl
520 2893 576 2945 Lib.
591 2895 690 2955 iuti.
704 2894 784 2955 hia,
797 2893 822 2944 3.
861 2891 937 2942 cibus
963 2892 1028 2956 tapes
1054 2893 1197 2956 cometiae,
1234 2895 1324 2946 iuius.
1359 2901 1384 2950 lu

299 2968 404 3032 collegit
420 2967 616 3031 Dillenborger,
644 2968 747 3018 addens
765 2981 824 3019 me·
860 2967 992 3030 inscripti.
1011 2969 1078 3018 meis
1096 2969 1151 3018 Lat.
1165 2971 1195 3019 N.
1208 2969 1284 3020 4⁰92.
1304 2973 1384 3024 hebes

299 3041 458 3094 morabilem
485 3041 574 3092 locum
595 3043 698 3092 ioannis
725 3044 771 3102 it,
790 3041 822 3090 3:
860 3039 952 3091 horrea
974 3041 1091 3092 Gciboao
1116 3042 1220 3104 (eadem
1243 3057 1307 3095 cunr
1329 3047 1384 3098 Sul-

296 3111 333 3167 ‘11
355 3109 407 3167 οὖν
438 3117 535 3188 Μαρία
562 3113 698 3178 λαβοῦσα
726 3114 824 3188 λίτραν
861 3115 959 3178 pictis),
979 3115 1009 3165 N.
1023 3115 1096 3166 boot.
1115 3117 1384 3182 bowsaAprippiaia-

303 3194 404 3257 [uncias
429 3193 491 3254 xii.)
521 3187 616 3261 μύρου
642 3187 749 3262 νάρδου
777 3207 824 3242 an-
860 3203 908 3250 ae,
928 3190 966 3238 sic
983 3191 1118 3241 nominata
1135 3189 1384 3256 velaprimiseon·

302 3264 404 3333 στικῆς
420 3265 579 3330 πολυτίμου
592 3295 606 3305 -
618 3297 634 3307 -
650 3269 824 3337 τριακοσίων
861 3263 991 3314 ditoribus
1016 3263 1058 3314 vel
1076 3278 1091 3314 a
1108 3267 1303 3328 posterioribus
1323 3283 1383 3334 pos·

299 3340 464 3413 οηναριων-
476 3335 578 3406 ἤλειφε
588 3336 657 3403 τους
669 3337 760 3405 πόδας
772 3339 823 3393 τοῦ
860 3338 1026 3400 sessoribus,
1053 3341 1097 3402 qui
1117 3338 1152 3388 ibi
1170 3353 1219 3403 per
1236 3355 1330 3394 servos
1347 3345 1384 3394 ri-

297 3413 403 3483 Ἷησοῦ.
429 3444 457 3452 -
484 3417 565 3480 appar]
584 3417 641 3466 Non
660 3416 693 3467 de
712 3418 823 3468 huiusce
861 3425 925 3464 num
947 3415 974 3462 ct
996 3411 1085 3464 oleum
1103 3417 1154 3464 cet.
1182 3416 1209 3465 ln
1226 3416 1315 3468 tundis
1332 3421 1383 3470 suis

300 3493 414 3543 nominis
426 3504 531 3554 gemma
550 3489 622 3554 (Ptin.
635 3492 665 3541 ii.
676 3493 706 3542 N.
717 3491 757 3553 37,
771 3491 822 3555 it.)
860 3491 921 3538 nata
940 3487 981 3538 vel
998 3487 1104 3539 aliunde
1121 3493 1245 3554 coempta
1262 3505 1326 3543 cum
1346 3493 1383 3544 lu

299 3565 426 3629 loquitur,
445 3565 493 3616 sed
512 3566 545 3616 de
563 3567 666 3616 concha
683 3579 716 3617 ex
733 3565 825 3616 alaba-
861 3575 907 3612 cro
916 3562 1077 3613 vendebant.
1092 3563 1146 3614 Cir.
1156 3565 1245 3616 Osann
1254 3568 1381 3631 inscripti.

300 3641 388 3700 strite,
416 3639 516 3702 dequo
533 3639 641 3692 Plinii.
660 3643 690 3690 N.
709 3641 753 3701 36,
777 3643 822 3692 th:
860 3636 1129 3702 pilii-coemat]
1149 3637 1324 3702 «acclinatus,
1342 3655 1381 3690 re·

299 3715 370 3763 Haase
388 3714 467 3775 aliqui
483 3714 592 3776 lapidem
603 3715 825 3766 alebeatritsnoo-
861 3713 963 3776 positus
989 3715 1065 3772 estu
1100 3726 1134 3762 aa
1155 3725 1206 3763 usu
1234 3716 1307 3766 enim
1332 3717 1382 3766 inm

299 3793 373 3849 caat,
392 3801 465 3848 quom
479 3793 571 3837 covent
586 3789 620 3838 od
636 3803 700 3838 oasa
709 3803 825 3854 cumea·
862 3787 1004 3838 llomerico
1030 3787 1133 3850 (Odyss.
1154 3785 1192 3848 β,
1218 3788 1280 3839 sta:
1305 3791 1382 3840 xiiia

263 3924 269 3936 Ι
300 3862 381 3922 tesia,
411 3863 531 3922 quoniam
550 3864 641 3925 optione
660 3877 762 3914 seniore
784 3866 825 3915 io·
861 3853 1021 3926 --Ἕξεέης
1032 3862 1098 3911 ποτὶ
1111 3867 1213 3922 τοῖχον
1226 3857 1380 3934 ἀρηρότες.)

299 3940 421 4000 coneptu
440 3937 540 3986 dicitu.
578 3939 674 3987 Poetae
700 3939 772 3988 enim
796 3954 822 3989 v.
861 3935 1054 3999 apothecarum
1086 3936 1235 4000 parietibus
1269 3938 1382 3990 acchae-

300 4027 369 4074 oape
390 4025 439 4076 pro
461 4009 579 4074 quolibet
594 4023 659 4060 vase
677 4016 825 4075 unguenta·
860 4009 927 4060 bant
952 4009 1042 4060 cados.
1078 4011 1145 4063 ilinc
1162 4011 1210 4064 Od.
1231 4011 1262 4074 3,
1285 4014 1329 4074 28,
1349 4013 1380 4062 7:

300 4089 339 4137 rio
357 4087 531 4152 usurparunt,
553 4086 693 4136 maenam
710 4100 763 4138 non
780 4101 824 4138 re-
861 4087 973 4150 ‹isriperu
997 4087 1086 4136 bomo
1105 4111 1120 4122 -
1134 4113 1150 4124 -
1168 4087 1326 4150 esophorum.
1354 4115 1378 4124 -

300 4161 457 4225 epulantes,
476 4159 548 4211 unde
566 4159 719 4224 Propertius
734 4161 763 4224 3,
782 4163 822 4224 it),
861 4175 954 4212 ausura
979 4161 1118 4226 Gemma]
1146 4157 1184 4211 τὰ
1211 4157 1299 4234 παρὰ
1327 4158 1388 4212 τῶν·
1493 4177 1494 4202 i

300 4237 340 4286 Ὦ.
360 4236 450 4288 dicere
467 4235 568 4299 potuit:
595 4236 738 4287 Etcrocioo
749 4251 825 4286 οανοε
860 4233 1014 4307 μεριμνῶν.
1028 4235 1293 4300 SicSophool.Antig.
1307 4237 1377 4287 ista:

300 4311 464 4362 murrinos
479 4315 577 4374 camut
594 4325 680 4374 οομου,
703 4309 824 4363 similiter
860 4305 973 4372 ἄνολβα
981 4307 1197 4376 βουλευμάτων.
1217 4312 1376 4364 Euri’baeu.
