3012 4978
539 467 673 520 CARMEN
691 469 863 523 SECULARE.

410 623 510 688 Nocte
532 623 728 711 aequantes.

323 790 453 877 Vosque
474 809 609 858 veraces
631 792 805 866 cecinisse.
829 797 968 871 Parcae,
1199 800 1241 863 25

327 910 422 989 Quod
444 903 545 978 semei
560 911 695 979 dictum·
712 923 762 980 est
783 915 973 1005 stabilisque
995 939 1105 984 rarum

322 1031 492 1099 Terminus
515 1043 638 1111 servat,
662 1034 748 1102 bona
771 1035 835 1102 iam
856 1039 1000 1125 peractis

220 1275 261 1323 26.
290 1275 383 1324 dictami
408 1275 503 1325 stabitis
525 1289 572 1339 per
594 1291 684 1327 asuarii
710 1279 840 1330 Tennimu
862 1287 942 1332 sanet
958 1282 1093 1336 Bentleius
1118 1287 1206 1348 enni,

185 1349 279 1398 dictur
295 1349 439 1412 stetinum
455 1363 470 1400 e
489 1350 573 1401 codd.
593 1353 619 1402 i.
640 1352 679 1416 tiit
696 1367 759 1416 nus,
778 1355 842 1416 Bbc,
862 1357 946 1408 Cndd.
965 1357 1064 1421 Beati,
1091 1361 1207 1412 Pettierii

190 1425 217 1483 t,
237 1423 267 1484 3,
287 1423 319 1484 7,
338 1423 367 1484 8,
385 1424 446 1486 22,
465 1425 541 1476 euius
559 1424 660 1492 aliquot
676 1441 729 1479 non
747 1433 880 1482 numerati
902 1434 1028 1484 omittunt
1044 1436 1097 1499 eet.)
1117 1463 1144 1472 -
1163 1437 1204 1488 ti.

186 1501 271 1547 seruat
287 1513 317 1558 ν,
336 1511 404 1550 corr.
423 1496 453 1559 i,
471 1498 567 1562 Aldus,
586 1501 619 1550 i:
646 1508 726 1552 sauri
749 1505 821 1567 Biia,
848 1507 956 1571 cruquii
974 1509 1104 1572 quinque,
1123 1512 1206 1561 ceteri

183 1572 310 1636 Bentleii,
330 1587 424 1626 omnes
442 1575 569 1638 Pottierii,
588 1577 655 1640 LCt,
674 1577 774 1638 flenti,
792 1579 841 1632 iii.

149 1797 247 1848 diebus
274 1797 439 1863 totidemque
470 1798 618 1852 noctibus.»
646 1829 673 1838 -
712 1805 823 1867 propter
839 1804 1089 1870 hocipsumrmem
1106 1808 1236 1873 (ntorum)

148 1872 675 1940 yrataiioetelpropterluminaaerogos
711 1877 807 1928 stabitis
816 1881 1237 1947 taminmicertuseventusiser-

148 1947 250 2011 ubique
262 1961 393 2000 accensos
406 1949 511 2011 (zosim.
528 1949 590 2012 tit.)
610 1963 675 2015 pro-
709 1957 762 2015 unt,
770 1952 893 2004 stabilit.»
905 1955 943 2006 ci.
950 1955 1021 2020 virg.
1030 1954 1084 2007 Eei.
1093 1955 1162 2018 4,47;
1176 1959 1238 2009 Cori-

149 2025 263 2088 pterque
281 2023 410 2086 hymnos,
434 2025 609 2076 caerimonias
626 2039 676 2075 au·
710 2029 797 2078 eorda
807 2029 890 2079 stabili
899 2029 1011 2093 [aarum
1019 2033 1121 2082 numine
1130 2033 1235 2083 Pareae.

149 2099 242 2162 gurim
260 2099 287 2148 et
303 2097 429 2149 laetitiam
440 2099 628 2151 universalem.
645 2127 672 2137 -
713 2128 740 2136 —
759 2103 853 2152 dictami
868 2109 904 2152 est
919 2103 1061 2166 manuue
1076 2106 1127 2155 atei
1140 2104 1238 2156 duram

147 2172 299 2236 fruamur]
327 2172 382 2223 «ab
406 2172 592 2225 innumerabili
609 2173 675 2224 ciui-
710 2176 896 2238 pronuntiatu,
921 2177 973 2228 hoa
993 2179 1082 2229 tamen
1099 2177 1172 2240 loco,
1191 2178 1237 2229 nbi

150 2259 198 2297 um
214 2245 382 2298 multitudine
400 2246 576 2298 celebratos.»
710 2249 841 2301 firmitatis
863 2251 935 2300 notio
958 2252 1038 2302 etiam
1057 2265 1123 2303 sono
1147 2256 1237 2318 expri-

180 2321 286 2374 25-28.
311 2322 673 2386 venerantissimam
710 2323 900 2385 mandasmei,
927 2323 961 2375 ab
987 2326 1096 2377 Horatio
1115 2327 1237 2379 consulto

150 2397 363 2448 eonstrnctione:
394 2399 579 2448 Watrteit
606 2399 674 2448 sin·
710 2396 824 2449 molliori
835 2400 928 2449 dietam
938 2399 1237 2465 mtneqmpraeiaium

146 2473 258 2536 genae
282 2473 427 2522 Merite.
451 2473 528 2524 voss.
550 2473 675 2524 Veridteos
710 2473 824 2523 videtur.
840 2501 868 2510 -
883 2474 1112 2527 immerentem
1129 2490 1183 2527 nnn
1195 2479 1237 2528 est

146 2551 236 2594 eantur
255 2547 344 2597 Parcis
366 2545 458 2597 tribuit
480 2547 561 2598 etiam
584 2545 674 2597 Catui-
710 2548 789 2598 huius
810 2548 925 2598 nominis
942 2548 1023 2610 deur,
1052 2549 1101 2600 sed
1125 2564 1237 2615 prorsus

146 2619 188 2671 ius
200 2619 245 2682 64,
261 2621 317 2671 306.
343 2622 391 2672 iiic
404 2621 514 2685 quidem
526 2622 675 2686 significan·
711 2621 803 2674 similis
819 2625 861 2674 est
872 2623 1003 2674 sententia
1015 2623 1145 2675 ancienne
1162 2624 1197 2675 iiii
1209 2626 1236 2677 in

147 2697 192 2744 tur
208 2696 326 2746 earmina
343 2694 481 2758 Sibyllina,
509 2710 578 2762 qnae
597 2699 672 2763 quasi
711 2696 820 2748 Hecuba
843 2697 915 2761 apud
938 2699 1064 2748 Priscian.
1087 2701 1111 2750 6.
1130 2712 1158 2763 p.
1177 2699 1234 2751 tie.

146 2772 290 2821 Parcarum
311 2771 429 2834 ipsarum
447 2772 570 2822 vaticinia
588 2774 673 2822 mati-
711 2773 753 2821 it:
778 2772 847 2822 Veter
861 2770 974 2834 satam
990 2773 1111 2822 terminus
1126 2775 1162 2823 sir
1182 2775 1237 2824 iue-

146 2842 259 2904 nehant;
272 2845 311 2894 uti
322 2844 464 2908 inVopisci
476 2844 617 2896 Aureliano
631 2847 670 2896 49.
709 2850 785 2895 serat
804 2848 908 2896 Lueret.
923 2846 1010 2905 mi:
1028 2851 1105 2909 atque
1121 2848 1171 2897 atto
1188 2854 1237 2898 ter-

146 2917 235 2984 Ulpius
252 2919 356 2970 Silanus
377 2921 403 2970 in
421 2922 516 2970 senatu
538 2922 607 2971 inter
622 2917 672 2972 aiii
708 2920 792 2968 minias
813 2919 925 2968 terrm
948 2919 1018 2982 virg.
1031 2920 1098 2971 Aen.
1117 2920 1147 2982 4,
1167 2921 1234 2973 eii:

148 2993 219 3044 haec
235 2993 320 3044 verbe
344 2993 419 3044 iacit:
450 2995 577 3049 Veteranis
591 2995 674 3044 niani
708 2993 742 3043 iit
765 2994 801 3042 sta
821 2991 879 3055 seta
899 2992 964 3041 iouis
980 2999 1101 3056 nosmet,
1128 2996 1167 3044 itte
1184 3001 1236 3046 ters-

145 3067 191 3117 brie
206 3067 408 3128 librosauotutte;
425 3059 482 3133 tite
495 3071 533 3119 ret
546 3069 670 3132 publiano,
708 3067 791 3116 annas
812 3067 905 3116 haeret
936 3066 1025 3130 Enrip.
1052 3066 1142 3133 Suppi.
1167 3070 1233 3120 eit:

146 3155 212 3204 qaae
228 3148 285 3192 sant
301 3147 417 3205 aetnae,
433 3145 580 3207 pmqrtin'te.
609 3145 673 3195 Ser·
708 3133 949 3191 tinet-‘Anninus
968 3140 1046 3212 τέρμ’
1069 3135 1233 3205 ἔχοντες.-

143 3219 203 3268 rius
229 3216 264 3267 ad
284 3219 349 3269 Aen.
372 3219 402 3279 4,
421 3220 482 3269 iii:
512 3225 540 3269 at
553 3221 673 3270 -Statius
708 3215 799 3280 mat]
817 3216 933 3266 Tametsi
951 3215 1088 3268 fatendum
1106 3219 1237 3269 eniserunt

144 3293 218 3341 dieti:
240 3291 297 3356 seta
313 3297 384 3355 nent,
412 3307 478 3356 quae
501 3295 553 3344 divi
573 3294 669 3358 sanim.
709 3289 893 3344 commendari
903 3291 1060 3342 auctoritate
1069 3293 1236 3344 triumseho-

146 3391 175 3402 -
202 3366 311 3431 Parcae]
337 3365 410 3418 Plato
436 3366 511 3418 Polit.
542 3369 581 3418 40.
609 3377 669 3434 pag.
707 3366 859 3428 linituram,
886 3367 969 3416 Servii
994 3367 1029 3417 ad
1057 3365 1110 3418 Eat.
1130 3365 1160 3426 4,
1181 3365 1233 3434 ii..

143 3442 201 3492 etr.
216 3442 262 3492 C.:
279 3441 441 3512 θυγατέρας
457 3437 510 3508 τῆς
524 3436 670 3509 Ἀνάγκης,
709 3445 831 3492 meorum
849 3453 882 3491 aa
901 3440 968 3491 anti.
997 3440 1082 3492 Codd.
1104 3441 1233 3504 omnium,

143 3515 263 3587 Μοίρας.
293 3515 461 3567 invocandae
486 3519 672 3569 autumarent
708 3518 771 3566 item
798 3513 915 3565 Oberiini
940 3515 968 3564 ii.
993 3516 1051 3567 Sec.
1069 3515 1116 3576 ii,
1144 3517 1234 3567 umen

143 3593 173 3641 ut
204 3591 306 3655 ilithyia
335 3605 369 3641 ex
397 3591 521 3643 carminis
551 3591 671 3656 Sibyllini
707 3591 786 3654 potita
803 3588 881 3651 ionga
899 3589 998 3640 rectius
1014 3602 1064 3654 pro
1076 3591 1151 3640 certo
1162 3589 1236 3640 atttr-

142 3667 288 3730 praecepto
308 3679 334 3716 v.
353 3666 377 3716 8.
405 3666 504 3717 Earum
526 3667 670 3731 imaginem
707 3677 782 3714 mare
794 3663 912 3722 videtur,
931 3663 958 3713 in
974 3665 1236 3728 sempiternumser·

142 3739 243 3791 videsis
263 3740 289 3791 in
313 3739 391 3790 iiiiiin
416 3743 516 3806 Voyaqe
532 3742 560 3791 Τ,
580 3742 625 3802 tt,
645 3744 668 3792 t.
707 3739 763 3788 vari
780 3751 796 3787 a
812 3739 902 3788 Parcis
920 3737 1035 3788 tatarum
1052 3738 1156 3803 imperii
1178 3741 1235 3789 ter-

143 3815 225 3877 atque
242 3814 289 3864 cir.
303 3816 435 3878 imprimis
452 3815 591 3866 deserum
605 3817 671 3866 ima·
707 3813 817 3863 minum.
838 3812 885 3872 Qui
903 3812 1059 3877 praeierunt
1074 3819 1162 3873 seruet,
1181 3825 1235 3863 πα-

141 3887 247 3952 ginihus
273 3888 392 3941 avellino
417 3891 482 3940 nuit.
510 3891 551 3940 iii.
576 3904 603 3955 p.
628 3891 668 3940 ii.
707 3886 839 3958 ρένθεσιν
859 3889 977 3938 statuere
999 3887 1112 3938 debent:
1141 3889 1236 3938 metum

144 3964 340 4026 -snnonain
361 3965 416 4028 fiir
437 3965 580 4016 attentat.
613 3966 667 4016 Cic.
706 3961 1235 4026 est-stabitisqueintinamiromnier·

141 4037 174 4088 ad
192 4039 244 4088 att.
264 4036 309 4100 44,
329 4039 374 4088 ⁴3:
394 4039 523 4090 Antonius
539 4040 613 4089 uniet
627 4039 669 4088 in-
706 4037 789 4088 mtmu
805 4039 900 4087 seruet!
912 4064 927 4075 -
939 4036 1005 4086 bone
1021 4039 1085 4097 aet,
1104 4036 1235 4100 quaead-

141 4113 215 4163 dnrtt
232 4114 344 4163 animum
355 4113 402 4164 siti
418 4113 492 4164 tinere
506 4115 571 4176 quon
588 4114 666 4164 vaiet.
707 4110 818 4161 modum
830 4110 954 4175 languida
966 4111 1031 4161 mihi
1042 4110 1163 4169 ridetur3
1182 4123 1234 4160 nea

143 4215 171 4223 -
192 4187 323 4238 «veraces
341 4188 366 4237 in
385 4187 507 4238 canendo
524 4188 567 4248 id,
595 4187 667 4251 qued
707 4185 1011 4246 tolluntdiiiicultetem‚
1026 4198 1094 4249 quae
1107 4185 1234 4234 oriturex

142 4262 204 4312 itaa
222 4260 299 4312 vebis
322 4263 415 4313 dietitm
438 4263 594 4328 (decretum)
617 4265 667 4322 est,
706 4259 1234 4325 eo,qnodpron.01wtponituretcasa

141 4337 171 4385 nt
192 4336 218 4385 in
236 4338 398 4401 perpetuum
415 4336 512 4397 valeat,
540 4335 668 4400 quodque
706 4336 792 4400 primo
805 4337 1010 4399 etqunrtopro:
1021 4332 1235 4396 quenquennis
