3012 4978
540 420 598 470 LlB.
618 421 659 470 lv.
686 422 714 470 C.
735 423 775 472 lx.

360 577 397 642 Et
419 576 553 642 comites
576 576 699 644 Helene
721 579 885 656 Lacaena,

272 733 442 800 Primusve
465 736 589 802 Teucer
611 735 673 804 tela
697 735 844 826 Cydonio

271 855 396 921 Direxit
418 876 516 934 arcu;
541 877 605 922 non
627 855 729 924 semel
752 856 826 924 ilios

315 979 454 1055 Vexata3
478 998 543 1043 non
565 979 718 1066 pugnavit
741 978 854 1065 ingens

360 1097 554 1165 Idomeneus
577 1098 789 1167 Sthenelusve
812 1100 900 1168 solus

271 1256 418 1323 Dicenda
439 1257 538 1323 Musis
560 1257 703 1344 proelia;
727 1279 791 1324 non
813 1259 903 1326 ferox

273 1379 393 1446 Hector
414 1377 465 1444 vel
488 1397 564 1446 acer
585 1379 776 1468 Deiphobus
798 1401 914 1468 graves

207 1541 247 1591 46.
268 1540 370 1590 4444444
387 1539 527 1590 44444444
543 1565 570 1576 -
590 1540 630 1590 44.
648 1541 842 1603 9444444484
860 1543 920 1604 (nou
932 1541 1025 1606 libcd).
1039 1571 1067 1581 -
1087 1545 1200 1606 decneo

169 1617 214 1665 Tc.
231 1641 260 1652 -
282 1615 322 1665 48.
336 1615 432 1664 9444444
444 1615 472 1664 Τ.
488 1641 515 1650 -
536 1613 575 1664 49.
588 1616 648 1678 oon]
660 1615 769 1666 nachcd
787 1617 847 1679 [uon
859 1617 935 1678 BST).
951 1645 978 1653 -
997 1619 1037 1668 40.
1057 1620 1199 1670 laureacus

171 1689 247 1752 tortia
264 1693 289 1739 et
304 1688 373 1738 4444
391 1689 424 1750 (v.
442 1688 511 1738 ,4444
527 1701 543 1737 4
561 1701 616 1739 sec.
635 1702 672 1740 m.
686 1701 821 1754 superscr.
840 1690 912 1752 cotia)
931 1689 956 1740 d.
980 1719 1007 1727 —
1025 1692 1200 1753 Silarettuace

171 1762 349 1827 (4444444444)
366 1764 408 1813 BT
426 1764 487 1826 (non
503 1763 578 1825 asc).
600 1790 628 1800 -
649 1765 689 1814 44.
708 1765 795 1828 praeit
805 1765 850 1814 Bc.

137 1905 214 1968 pictis
237 1903 283 1955 vei
307 1903 395 1953 aureis
417 1900 467 1952 filis
484 1903 599 1954 intextis.
629 1905 670 1954 Si·
707 1904 746 1953 die
763 1904 936 1968 Sctmiiclccop
953 1905 997 1955 der
1013 1905 1113 1956 Helena.
1145 1908 1230 1960 Berlin

137 1979 247 2042 gnificat
260 1977 438 2029 Orientalium
466 1974 669 2048 χρυσεοπήνη-
707 1977 790 2042 4844)

138 2067 173 2102 τα
184 2049 295 2124 φάρεα.
310 2052 407 2117 (Eurip.
419 2053 504 2103 Orest.
515 2052 666 2116 84644443.
738 2053 793 2102 44-
802 2054 842 2102 40.
863 2053 968 2114 Teucer]
986 2053 1039 2103 Cir.
1050 2053 1098 2104 ud.
1114 2057 1137 2116 4,
1151 2056 1227 2116 4,.44

137 2129 203 2179 Aen.
217 2129 247 2190 3,
261 2128 327 2180 483ε
353 2129 497 2190 picturatas
513 2128 572 2177 cari
589 2127 669 2176 44444-
705 2125 821 2186 44444.,ν
834 2127 895 2177 ata:
923 2122 959 2190 ὃς
973 2121 1091 2196 ἄριστος
1109 2123 1229 2188 Ἀχαιῶν

138 2205 303 2254 4444444444.
323 2201 569 2266 DeParideEurip.
583 2201 665 2265 lphig.
706 2197 907 2272 To§oaaivy.-
927 2203 1026 2265 deon,
1041 2204 1135 2254 Cretae
1148 2205 1227 2266 urbs;

138 2275 196 2328 Aul.
218 2278 265 2328 73:
298 2269 427 2346 ἀνθηρὸς
460 2275 515 2340 μὲν
542 2271 667 2340 εἱμάτων
705 2278 798 2326 Cretes
823 2279 914 2326 autem
940 2277 1079 2340 sagittandi
1101 2281 1157 2329 4444
1181 2293 1229 2330 cx-

137 2348 237 2439 στολῇ,
256 2349 368 2421 Χρυσῷ
385 2365 416 2400 aa
433 2346 580 2421 λαμπρός,
597 2349 667 2438 {lap
704 2349 843 2402 callebant.
879 2349 926 2401 od.
948 2352 976 2411 4,
999 2352 1043 2412 45,
1066 2353 1105 2400 li
1135 2353 1229 2404 4444444

136 2421 193 2497 βάρ
194 2443 216 2494 ῳ
235 2422 403 2490 χλιδήματι.
430 2425 526 2476 Troad.
539 2426 604 2476 99⁴:
618 2418 666 2475 Ὃν
702 2427 800 2488 spicula
816 2425 907 2476 Cnosii.
944 2389 1014 2488 Virg.
1036 2424 1090 2476 Ecl
1110 2427 1156 2488 40,
1176 2427 1225 2477 594

135 2516 153 2566 y
154 2441 324 2553 ἐἰσιδοῦσα
338 2497 499 2588 βαρβάροις
516 2497 666 2566 ἐσθήμασι
702 2505 817 2562 torquere
834 2499 946 2562 Cydonia
970 2513 1050 2550 44444
1066 2465 1225 2563 3444444.-

137 2571 244 2645 Χρυσῷ
262 2589 296 2626 τε
313 2571 445 2646 λαμπρὸν
462 2572 666 2647 ἐξεμαργώθης
701 2575 759 2625 44444
778 2574 883 2638 Veneta]
904 2576 976 2624 «Non
993 2574 1079 2626 semel
1096 2576 1162 2627 urbs
1179 2575 1228 2626 ali-

137 2652 253 2720 φρένας.
282 2652 356 2702 Ovid.
376 2653 437 2701 Her.
457 2652 503 2713 43,
522 2653 570 2702 57:
592 2655 666 2703 Vene·
702 2665 755 2715 qua
777 2665 864 2715 aeque
887 2665 983 2713 magua
1007 2654 1034 2702 et
1050 2651 1176 2716 opulenta
1193 2667 1225 2703 ac

136 2729 177 2774 rat
202 2726 241 2791 (at
264 2727 338 2790 sanna
355 2725 399 2790 est)
423 2727 502 2777 mutto
527 2727 665 2788 spectabitis
702 2726 778 2776 Troia
813 2726 900 2774 excisa
930 2727 986 2786 444,
1021 2739 1110 2789 neque
1138 2729 1227 2777 tamen

137 2811 217 2862 auro,
247 2801 347 2864 Quique
362 2815 406 2852 444
422 2801 545 2864 94444444
561 2815 665 2863 corpore
701 2797 926 2863 poetauliuseius
939 2799 1226 2850 interitumnarravit.n

136 2874 212 2936 [44444
227 2890 297 2940 opes.
701 2872 749 2924 alii
771 2871 890 2922 referunt
911 2871 946 2922 ad
968 2872 1073 2922 Troiam
1096 2873 1170 2937 prius
1192 2873 1226 2923 ab

169 2951 209 3001 46.
236 2951 329 3002 Helene
352 2950 483 3014 Lacaena]
515 2951 557 3000 Sic
582 2963 663 3016 saepe
701 2944 815 2996 Hercule
829 2949 1018 3009 expugnatam
1043 2947 1225 3008 minusrecie,

137 3021 243 3074 additur
269 3025 355 3089 patria
373 3027 499 3085 ornatus,
529 3025 662 3087 4444444,
701 3019 861 3070 utvidetur
882 3047 910 3056 -
928 3020 1084 3086 4444444444]
1113 3021 1227 3073 Creten·

137 3109 232 3160 causa,
260 3097 304 3148 vel
330 3099 433 3162 potius,
460 3102 490 3148 ut
515 3099 664 3150 accuratius
702 3096 771 3147 sium
784 3093 846 3144 dux.
865 3092 937 3144 Iliad.
951 3111 977 3160 γ,
990 3095 1052 3144 aaa:
1069 3088 1226 3160 ldopcvadg

138 3170 281 3224 deliniatur
296 3185 424 3237 persona,
443 3173 470 3222 in
487 3186 569 3236 quam
586 3175 665 3237 poeta
701 3167 725 3219 δ’
750 3168 888 3256 ἑτέρωθεν
916 3169 959 3220 ἐνὶ
983 3165 1129 3240 Κρήτεσσι
1156 3167 1227 3234 θεὸς

138 3249 233 3298 mentia
260 3249 368 3298 nostrae
395 3246 487 3298 oculos
505 3249 664 3298 convertere
701 3237 741 3307 ὥς
752 3235 932 3308 εκ’4444444
951 3243 1090 3307 Sthenelus]
1109 3245 1225 3307 Capanei

137 3319 198 3370 volt.
233 3321 328 3382 Odi,
341 3320 416 3380 4,4;
434 3323 544 3372 Xanthia
559 3322 662 3372 Placen
702 3321 729 3370 44
745 3317 928 3379 Euadnesr„
947 3319 1083 3368 Diomedis
1100 3320 1199 3383 auriga.
1280 3313 1294 3340 ⁸

138 3393 184 3444 ud.
204 3395 233 3457 3,
250 3396 280 3457 9,
299 3395 331 3445 9:
359 3396 462 3446 4444444
478 3395 559 3446 Chloe:
594 3395 662 3446 ibid.
733 3395 792 3444 44-
803 3392 844 3444 44.
872 3393 997 3456 Dicenda]
1016 3393 1063 3444 Od.
1085 3392 1113 3455 4,
1124 3393 1161 3456 4,
1175 3393 1223 3444 684

138 3466 184 3518 44;
224 3471 329 3520 4444444
356 3470 441 3521 calcis
469 3471 537 3534 filim
565 3471 663 3532 Ornyti
699 3468 798 3518 Proelia
813 3467 958 3530 coniapibas
969 3468 1101 3528 loquenda.
1125 3469 1227 3532 Priona·

138 3541 228 3604 043,
243 3545 334 3604 tac:
365 3545 485 3606 Liparaei
501 3545 569 3594 44444
588 3545 664 3596 Helii
699 3544 736 3594 cic
752 3545 842 3592 autern
860 3541 974 3604 proelia,
1002 3554 1051 3605 pro
1072 3555 1121 3603 eo,
1152 3543 1226 3605 quod

138 3613 220 3680 Epod.
236 3620 277 3680 44,
288 3618 334 3668 484
354 3619 418 3669 Caci
429 3647 443 3657 -
454 3619 582 3681 44444444.
602 3622 664 3670 Pro·
701 3615 858 3667 tralaticium
870 3617 924 3676 est,
944 3616 1086 3679 «pugnavit
1096 3629 1225 3681 pugnae.»

139 3694 206 3751 pert.
227 3694 257 3754 4,
277 3692 306 3754 4,
325 3693 357 3742 64
396 3694 664 3756 Sparcanae--Hm
703 3691 789 3742 Verba
806 3692 900 3741 neutra
926 3691 1069 3740 admittunt
1093 3693 1225 3743 accusati·

138 3765 237 3818 mioniae
253 3769 305 3817 cet.
324 3768 385 3818 Siue
404 3781 486 3820 causa
503 3769 662 3832 interpretes
699 3780 748 3818 vos
765 3780 818 3816 non
836 3764 923 3816 solnm
940 3778 1006 3816 auae
1023 3765 1146 3828 originis,
1176 3765 1225 3816 aed
1281 3783 1286 3794 ·

139 3836 253 3893 inierunt
287 3843 424 3894 notionem
452 3843 662 3894 Lacedaemonis
700 3843 781 3892 etiarn
798 3840 927 3904 cognatae
945 3839 1151 3902 significationis.
1182 3841 1225 3890 Sic

138 3913 356 3983 καλλιγύναικος
389 3916 432 3968 444
458 3918 485 3967 h
515 3915 532 3967 l.
563 3917 659 3968 etiam:
699 3916 746 3966 0d.
765 3915 794 3978 3,
813 3915 857 3976 49,
875 3913 907 3966 i:
934 3920 1083 3978 4494444-
1068 3915 1168 3965 -44444,
1195 3941 1223 3950 -

140 3987 266 4053 44444444,
285 3993 522 4056 quaeinpaupere
535 3989 661 4054 illaregia
697 3991 771 4054 force
799 3954 902 4051 4444444]
941 3987 1063 4039 Hectoris
1094 3988 1224 4050 imagines

139 4059 265 4124 Spartana
292 4065 372 4117 talem
403 4065 495 4118 lurum
523 4079 660 4136 nunquam
698 4065 758 4116 vide
788 4064 815 4114 in
847 4062 967 4114 Gerhard
994 4065 1097 4126 Vaccae.
1124 4062 1167 4110 lli
1193 4063 1221 4112 Τ.

140 4134 266 4188 viderat.»
284 4141 369 4190 immo
387 4140 451 4190 satis
468 4138 539 4189 loute
557 4142 585 4189 et
603 4152 661 4189 me·
699 4139 863 4190 CLXXXVlll
890 4151 1024 4200 aequ·
1069 4135 1222 4200 Deiphobus]

140 4209 231 4270 gnifica
249 4213 286 4264 ibi
303 4215 411 4265 vivebat
422 4217 531 4264 auctore
544 4215 661 4264 Homero
699 4211 814 4264 Helenae
825 4213 887 4277 post
897 4211 999 4262 Paridis
1011 4211 1146 4261 interitum
1158 4223 1224 4260 con-

141 4281 232 4345 Odyss.
251 4285 280 4350 4,
301 4289 347 4340 449
365 4301 442 4352 seqq.
463 4287 526 4353 (Cir.
541 4287 660 4338 Gerhard
699 4289 756 4348 iux,
776 4300 845 4338 uuus
863 4287 924 4350 post
941 4287 1082 4336 Hectorem
1100 4285 1224 4334 troiano-
