3078 4978
322 426 384 490 746
629 478 632 484 ,
722 425 851 475 44044444
877 425 1005 476 monor

406 580 663 669 Parentibusque
686 581 890 648 abominatus
913 579 1090 654 Hannibal,

363 706 464 793 Impia
486 703 662 792 perdemus
684 702 792 769 devoti
817 701 982 790 sanguinis
1005 713 1111 778 aetas,

403 826 562 912 Feri'squc
585 845 699 891 rursus
721 823 933 912 occupabitur
955 823 1070 890 solum.
1370 825 1405 890 l0

362 946 525 1013 Barbarus
547 945 611 1012 heu
633 946 762 1012 cineres
785 946 910 1012 insistet
930 946 1033 1013 victor
1055 955 1088 1012 et
1109 945 1229 1012 Urbem

404 1069 513 1156 Eques
539 1077 672 1134 sonante
694 1066 881 1168 verberabit
902 1066 1039 1154 ungula,

386 1277 410 1326 8.
429 1275 603 1326 Parentibusoe
614 1275 748 1327 Bentleius
760 1276 830 1326 coni.
851 1301 877 1311 -
896 1275 1078 1325 monteacuto
1088 1275 1205 1325 Pottiarii
1218 1276 1229 1325 4
1242 1314 1248 1336 ,
1261 1277 1287 1338 4,
1301 1276 1325 1334 3,
1337 1277 1374 1326 44.

320 1462 449 1515 Cimbris:
477 1459 605 1529 ptume
621 1461 676 1528 μὲν
693 1457 842 1526 εἰκάζοντο
879 1463 992 1512 insistere
1009 1461 1092 1512 440440.
1113 1461 1190 1526 Apul.
1210 1463 1404 1526 4444.4,44.ρ.

319 1535 480 1611 Γερμανικὰ
488 1539 557 1605 γένη
568 1563 599 1574 --
610 1533 684 1588 alvers
692 1542 753 1600 τοῖς
761 1537 843 1603 μεγέ-
881 1534 937 1586 443.
957 1536 1001 1586 0.:
1025 1535 1155 1587 insistebat
1173 1537 1295 1600 40044444.
1316 1563 1343 1574 -
1362 1538 1406 1586 44·-

318 1615 386 1665 49404
401 1610 460 1664 τῶν
476 1610 621 1679 σωμάτων
637 1613 688 1663 καὶ
703 1609 739 1682 τῇ
757 1627 844 1682 χαρο-
881 1610 943 1672 ben]
963 1608 1080 1669 reolum,
1108 1624 1161 1675 quo
1183 1611 1253 1664 Urbs
1276 1613 1404 1663 steterat.-

320 1685 422 1756 πότητι
433 1691 490 1740 τῶν
499 1683 648 1754 ὀμμάτων.
659 1689 740 1739 Tacit.
752 1691 841 1738 Germ.
884 1713 911 1724 —
924 1687 1007 1748 Eques
1016 1686 1079 1749 cet]
1098 1687 1250 1750 «equitatus
1261 1686 1361 1738 hostilis
1373 1688 1406 1738 le·

320 1765 350 1817 l:
364 1765 662 1828 habitus-corporum·
672 1765 753 1814 idem:
765 1763 845 1812 omni-
882 1761 981 1810 rociler
992 1759 1089 1811 urbem
1098 1761 1315 1826 pervagabitur.»
1330 1763 1405 1814 isaiae

321 1841 366 1890 404
387 1845 469 1890 trames
489 1846 512 1890 et
530 1841 639 1890 raemtri
656 1840 734 1900 04044,
752 1839 844 1888 nuum
883 1836 927 1896 47,
946 1837 977 1886 44
1005 1837 1145 1886 Deretimoc
1160 1835 1236 1886 orbes
1251 1839 1334 1888 Arorr
1352 1851 1405 1902 pre·

316 1928 417 1976 comae,
445 1929 542 1979 oropus
568 1927 686 1976 corpore.
725 1912 842 1963 lurensi.
881 1909 954 1972 04404
976 1909 1074 1974 (dativ.)
1100 1915 1186 1972 ansol,
1213 1916 1238 1961 ct
1263 1912 1406 1974 requiam

319 1990 364 2050 43,
384 1989 445 2041 4644
472 1990 580 2051 Cuentlu
597 1989 763 2052 quisstupuit
780 1989 845 2037 Ger-
881 1985 928 2042 ibit
947 1989 1036 2034 44000
1052 1985 1113 2046 erit,
1132 1987 1324 2047 quioetemct.
1343 1986 1402 2036 lize-

317 2066 389 2114 meoi
416 2065 529 2126 lumino,
557 2067 653 2130 penam
680 2062 845 2116 caesarien?
882 2057 951 2109 ohiel
968 2059 1015 2120 46,
1035 2060 1080 2108 tt:
1102 2060 1204 2124 vepretis
1220 2073 1404 2123 4044044444ωο

319 2138 407 2190 4444444.
421 2138 448 2203 4,
475 2139 536 2191 iti:
565 2140 644 2200 Teque
663 2140 725 2203 [4444
741 2139 845 2203 dipnum
881 2147 940 2184 nun
956 2133 1111 2184 0040040064
1127 2147 1212 2184 onum
1229 2137 1332 2198 plateas
1345 2140 1403 2195 4444

319 2219 431 2276 mern,
450 2215 600 2278 6444440440,
612 2220 728 2266 metreta.
747 2215 845 2266 rerum
878 2209 1191 2273 persentiscerem
1207 2213 1307 2272 004444,
1325 2215 1404 2261 44440-

319 2302 415 2353 reapse
432 2293 574 2354 aspectum
590 2290 704 2355 praebet
720 2289 844 2341 Germani
881 2289 940 2334 4004
956 2291 1015 2334 tuce
1030 2284 1162 2336 miltesire
1176 2290 1275 2336 wirma
1286 2289 1402 2337 rement.

320 2365 401 2427 caput
417 2377 450 2414 ex
467 2366 572 2416 Traiani
588 2367 710 2430 tempore
722 2365 749 2414 in
759 2366 845 2415 Marses
882 2358 957 2409 ovid.
970 2371 1003 2409 ex
1015 2360 1089 2410 Pont.
1103 2361 1131 2421 4,
1149 2361 1180 2421 4,
1201 2361 1266 2410 tlt:
1284 2359 1403 2412 4440444044

319 2437 447 2488 04404040.
471 2439 503 2490 ll.
522 2440 550 2489 Τ.
564 2441 661 2490 XLVII.
682 2467 710 2478 -
728 2439 845 2490 Peronti-
882 2434 1196 2496 conpositos-ditionii
1209 2437 1307 2487 04444444
1316 2436 1404 2500 coquin

319 2511 371 2572 bus]
395 2512 555 2563 amatoribus
578 2515 676 2566 nostris
697 2527 747 2578 per
768 2513 844 2565 Urbis
878 2509 961 2572 patrer
972 2509 1037 2572 eqni.
1064 2509 1175 2576 (liuperto
1185 2523 1236 2576 pro
1248 2525 1320 2576 equo
1331 2512 1403 2562 etiam

318 2582 440 2635 seculum
453 2587 584 2636 sertum.»
603 2588 700 2638 Matres
713 2586 779 2638 tilios
790 2588 844 2637 iam
883 2586 936 2634 Sat.
951 2584 978 2645 4,
999 2585 1027 2644 4,
1047 2583 1103 2635 nr.
1135 2587 1217 2646 «Quia
1244 2588 1272 2637 in
1298 2585 1403 2651 pedibus

319 2660 433 2709 amissos
453 2657 574 2723 lugentes
591 2662 612 2712 si
630 2661 779 2724 significare
796 2675 845 2711 vo-
883 2662 911 2710 et
930 2655 1028 2722 ungula
1050 2658 1180 2711 velocitas
1197 2663 1263 2725 equi
1280 2665 1334 2720 est,
1359 2673 1404 2724 po-

319 2734 413 2784 luisset
431 2734 468 2798 (ut
485 2733 773 2799 opinantnrnonnulli),
792 2737 846 2786 uti·
882 2734 953 2784 nitur
969 2746 1018 2798 pro
1035 2736 1090 2783 toto
1107 2747 1204 2797 equo.»
1226 2732 1403 2787 Bounimai

319 2821 373 2872 que
394 2807 516 2876 ἐπιθέτῳ
537 2809 626 2874 aliquo
649 2810 719 2861 hanc
735 2812 846 2861 senten·
882 2808 952 2871 Virg.
973 2810 1018 2859 Ge.
1038 2808 1067 2870 3,
1087 2810 1143 2860 446.
1169 2809 1210 2860 Ari
1226 2824 1254 2861 v.
1272 2808 1402 2860 verberabit

318 2884 429 2934 tentiam
446 2883 618 2936 declarasset.
635 2913 662 2922 -
678 2885 844 2948 0400400404]
883 2882 930 2932 ctr.
949 2884 1080 2934 Senecam
1100 2884 1196 2936 Troad.
1216 2885 1259 2936 43.
1279 2886 1313 2936 44
1329 2887 1402 2935 4444-

321 2960 348 3008 44.
365 2957 382 3008 4.
400 2960 521 3023 passive,
548 2963 578 3010 ut
595 2961 648 3010 Liv.
671 2961 716 3022 34,
735 2961 784 3011 la:
803 2961 847 3010 04-
882 2957 1007 3008 zonibus:
1035 2959 1125 3020 ltipem
1149 2961 1260 3010 00444044
1283 2961 1402 3012 micum

320 3033 426 3083 ominati
444 3035 595 3084 sentnmrcs.
631 3034 678 3085 04.
699 3036 726 3096 4,
749 3037 777 3095 4,
796 3034 843 3086 444
881 3033 963 3082 viduis
988 3031 1074 3096 serit.)
1105 3061 1133 3070 -
1163 3035 1284 3097 00040444
1304 3031 1398 3093 cerm]

319 3108 432 3168 bellaque
442 3109 565 3159 matribus
576 3110 711 3160 Delectata.
728 3137 755 3147 -
766 3111 847 3161 440044
884 3108 972 3167 «Quae
991 3119 1062 3158 nunc
1073 3120 1149 3158 sacro
1162 3109 1189 3158 in
1201 3108 1344 3174 sepulchro
1354 3105 1400 3158 4444

319 3184 457 3247 conquiris]
469 3196 517 3234 «ea
530 3183 599 3235 444444
612 3186 768 3236 condicione
781 3187 843 3246 nati,
883 3181 1003 3242 defossa,
1021 3181 1154 3232 subducte
1172 3195 1205 3233 ao
1221 3183 1332 3236 delansa
1346 3183 1401 3233 sunl

319 3260 350 3307 ut
374 3260 401 3307 et
425 3258 476 3322 ipsi
502 3259 590 3309 devoti
617 3261 701 3310 simus
722 3261 846 3311 exitiost
882 3269 897 3305 4
915 3254 971 3307 sole
987 3257 1142 3322 ventisque,
1165 3259 1211 3322 qul
1229 3271 1262 3309 ea
1280 3260 1400 3323 dissipare

318 3331 443 3383 destinati
463 3333 497 3382 ad
520 3335 633 3397 patriam
651 3335 844 3399 perdendam.»
883 3332 994 3396 possent
1011 3334 1080 3382 cet.»
1100 3361 1127 3368 -
1146 3346 1204 3384 esse
1223 3334 1330 3398 00444444]
1349 3333 1399 3382 ·sre

322 3435 349 3445 -
371 3409 470 3470 rursus]
494 3411 524 3458 nt
546 3412 608 3460 ante
625 3409 775 3462 Romulum.
802 3412 846 3461 Ti·
883 3406 959 3466 dicit,
984 3408 1060 3470 quasi
1078 3407 1205 3460 Romulus
1227 3408 1346 3474 sepultus
1361 3407 1398 3466 sit,

321 3481 426 3542 644444,
444 3484 473 3545 6,
492 3485 539 3534 25:
567 3485 615 3535 Sed
632 3490 691 3534 tunc
707 3487 846 3547 pascebant
883 3493 937 3532 non
954 3480 990 3531 ad
1006 3480 1113 3532 caelum
1129 3486 1222 3546 raptus
1240 3487 1287 3535 eut
1307 3484 1400 3534 discer-

323 3557 428 3606 nerbosa
442 3559 543 3608 Palatia
558 3573 659 3609 norece.
883 3555 1159 3620 ptusasanatoribus;
1179 3571 1242 3610 nam
1253 3559 1335 3610 Varro
1346 3557 1399 3622 post

352 3630 440 3682 44-44.
458 3632 598 3697 Barium]
612 3633 715 3696 Qualis,
735 3635 846 3687 nonde·
883 3632 976 3681 Rostra
999 3630 1080 3682 luisse
1106 3631 1281 3697 sepulchrum
1305 3627 1398 3683 ilomuli

320 3704 417 3754 linitur.
453 3706 523 3758 Curn
541 3710 612 3760 enirn
630 3723 662 3760 ex
680 3713 770 3760 nostra
782 3723 846 3762 sen·
883 3705 973 3756 dicit·
992 3706 1116 3755 Pomm.
1137 3707 1229 3768 (Corn.
1241 3709 1329 3766 Ceno:
1343 3717 1398 3767 «prr

320 3778 401 3828 tentia
419 3791 529 3832 carmen
547 3783 678 3834 rotaretur
694 3785 729 3835 ad
741 3799 765 3834 a.
779 3799 805 3834 u.
819 3799 843 3836 c.
883 3779 977 3830 Rostris
989 3805 1002 3816 -
1012 3805 1032 3842 -,
1059 3780 1106 3830 ubi
1131 3781 1213 3832 etiam
1229 3783 1257 3832 in
1274 3783 1348 3834 huius
1364 3777 1397 3828 rei

320 3852 377 3902 443.
402 3851 444 3902 vel
470 3854 538 3916 444,
565 3871 614 3920 per
639 3873 669 3910 se
695 3859 847 3923 intelligitur
883 3856 1042 3906 memoriam
1059 3856 1128 3908 duos
1145 3855 1237 3908 leones
1253 3857 1397 3908 404444444-

319 3927 410 3978 verbis
416 3926 548 3979 Barbarus
557 3955 570 3968 ·
581 3933 680 3984 -oietor
694 3947 746 3984 non
758 3936 846 3985 Dacos
884 3933 941 3982 ctos
954 3931 1092 3994 constet-l
1111 3931 1211 3982 lielerrl
1223 3931 1317 3982 eodem
1328 3927 1397 3978 4444-

322 4005 349 4053 et
372 4004 516 4069 Aegyptios
535 4005 590 4068 (04.
611 4006 638 4066 3,
658 4009 688 4068 6,
712 4007 773 4072 44),
791 4012 847 4060 444-
884 4008 927 4056 tur
943 4005 1075 4058 obscurus
1088 4005 1163 4057 locus
1175 4007 1243 4058 Festi
1255 4007 1294 4057 Fr.
1306 4018 1331 4070 p.
1344 4001 1394 4052 rn.

320 4078 383 4128 lonii
402 4079 492 4143 copias
512 4077 667 4140 auxiliares,
694 4082 843 4145 significari.
884 4083 917 4132 44.
937 4081 992 4131 486.
1012 4083 1057 4131 L.:
1090 4083 1168 4146 Niper
1182 4081 1248 4145 lapis
1263 4077 1395 4131 lucontio

323 4179 350 4188 —
374 4155 469 4204 cineres
493 4154 595 4219 insistet]
622 4154 722 4206 Eadem
746 4159 844 4208 constr.
883 4156 1101 4221 immensuratum
1111 4151 1393 4222 4404444404040444440).

320 4227 378 4276 Ter.
398 4229 464 4278 Eun.
483 4229 513 4289 4,
533 4229 558 4290 3,
576 4229 604 4279 34
632 4243 711 4292 quam
733 4231 847 4282 insistam
883 4232 981 4282 44004044
1011 4235 1087 4283 morti
1119 4233 1269 4283 4444440400
1301 4231 1393 4294 (cetere

320 4301 411 4350 viem?
427 4303 499 4366 virg.
513 4305 577 4354 Aen.
591 4303 619 4366 6,
638 4303 701 4355 6644
719 4305 846 4357 scelestum
883 4319 978 4358 manca
995 4309 1079 4370 sunt).
1101 4307 1331 4373 Appropinqoante
1347 4304 1393 4352 iam
