2998 4980
512 430 571 480 biit.
586 431 609 480 i.
646 429 674 480 C.
703 429 778 480 xvir.

330 588 498 666 Quaerunt
518 585 653 653 latentes
675 597 708 653 ct
728 585 838 676 thyma
860 584 974 651 deviae

375 707 499 776 Olentis
520 727 639 774 uxores
661 707 782 782 mariti,

414 831 481 896 Nec
502 828 623 895 virides
645 838 791 895 metuunt
812 827 977 906 colubras,

330 989 396 1054 Nec
417 986 576 1054 Martiales
599 985 764 1054 Haediliae
786 985 895 1074 lupos,

331 1109 500 1196 Utcunque
522 1107 623 1186 dinei,
647 1106 802 1197 Tyndari,
827 1106 933 1174 fistula
1168 1108 1208 1174 l0

179 1335 203 1384 8.
217 1335 310 1383 oirtdb
326 1334 376 1384 BT.
387 1333 538 1383 —cotabros
555 1333 637 1384 cedd.
656 1332 793 1383 Venderb.
814 1335 841 1383 et
860 1334 1026 1384 recentiores
1044 1334 1075 1384 li.
1090 1334 1177 1384 Peerl-

148 1409 256 1472 kampii.
276 1436 305 1444 —
324 1407 348 1457 9.
361 1409 488 1458 osorttotts
503 1409 552 1459 BT.
571 1435 598 1444 -
615 1408 744 1458 iioeditiae
754 1406 870 1474 Bbssyx,
884 1409 1001 1458 Pottierii
1012 1410 1037 1469 i,
1051 1409 1075 1469 3,
1091 1408 1115 1469 i,
1131 1410 1173 1458 43.

149 1482 192 1533 tl:
217 1483 331 1532 boeotia
352 1482 491 1542 sicum,
517 1481 648 1531 mesatica
670 1483 705 1544 C,
732 1483 866 1533 taedulaoa
882 1481 965 1533 Bentl.
986 1485 1055 1534 coni.
1077 1486 1102 1533 ei
1120 1485 1171 1534 ΡΜ.

147 1557 291 1620 (Haedilioe
308 1569 416 1606 mecum
432 1557 465 1620 J.)
487 1584 514 1592 —
533 1557 609 1620 lupia
625 1557 653 1606 T.

118 1763 291 1812 meuntatem
314 1761 446 1826 exprimit,
486 1761 645 1812 Pedestrem
684 1759 798 1824 meisque
820 1760 922 1811 habent
938 1762 1007 1812 inter
1030 1761 1152 1813 animalia
1173 1762 1209 1814 la-

119 1837 265 1888 orationem
282 1835 386 1886 redolet
401 1841 580 1886 totmnaemaa.
603 1836 647 1885 To-
685 1834 802 1896 mulum,
828 1837 991 1898 ministrum,
1016 1838 1055 1887 sic
1075 1838 1146 1888 Mars
1166 1836 1208 1888 lu-

118 1917 167 1961 tum
199 1912 314 1974 quidem
343 1909 468 1974 praetulit
500 1910 643 1971 Bentleiua,
683 1921 757 1973 pum.
774 1909 843 1973 Virg.
858 1913 923 1961 Aen.
939 1911 963 1972 9,
980 1913 1004 1971 5,
1018 1911 1080 1962 563:
1099 1913 1210 1964 liertiae

119 1987 175 2048 quia
201 1985 237 2036 nil
259 1987 360 2036 mirum
383 1985 417 2034 sit
439 1985 547 2049 impune
566 1999 581 2034 a
600 1999 646 2035 oa-
683 1984 815 2046 --topaa
828 1985 1209 2049 -Hocctitiooiiiestituilibro-

119 2059 189 2123 pellis
207 2061 323 2110 arbutos
338 2060 443 2122 quaeri,
466 2061 487 2110 si
504 2065 585 2110 traam
601 2061 643 2110 sit.
683 2071 743 2108 rum
767 2059 927 2120 lectionem,
960 2063 1069 2112 secutus
1092 2060 1208 2126 glossam

119 2136 167 2185 sed
192 2135 227 2184 nii
246 2135 415 2198 frequentius
437 2135 536 2198 poetis,
563 2148 646 2199 quam
683 2136 859 2198 antiquissimi
877 2135 942 2186 cod.
961 2138 990 2186 B.
1012 2151 1117 2188 «mons»
1143 2140 1208 2203 (sive

118 2211 245 2260 rationem
271 2208 349 2258 verbi
373 2206 416 2258 vel
439 2209 559 2259 adverbii
583 2210 647 2260 red·
684 2208 749 2258 silva
766 2210 829 2270 linit,
856 2212 886 2259 ut
902 2211 993 2260 Litana
1007 2213 1082 2274 ceti,
1108 2215 1208 2264 Lucre-

120 2283 179 2334 dere
198 2282 391 2349 arianicae.
422 2283 645 2334 Cir.1aniumed
684 2282 720 2332 tili
736 2285 762 2332 et
779 2285 881 2336 Usticae
898 2286 1016 2345 vicinus3
1036 2289 1064 2336 et
1080 2288 1209 2338 Hostiliae

120 2356 285 2410 bilicem..
306 2385 333 2394 κ
352 2357 597 2422 orbatos-trientes]
609 2359 648 2408 in·
684 2357 745 2419 topi,
764 2358 809 2421 qui
826 2359 853 2409 in
870 2358 986 2409 Haedilia
1001 2373 1049 2412 sua
1063 2359 1146 2412 lustra
1163 2363 1209 2411 ba·

121 2435 158 2482 ier
173 2433 237 2484 alias
256 2432 370 2483 arbores
379 2433 448 2496 picei
463 2435 578 2495 generis,
598 2446 647 2484 cu·
684 2431 758 2482 beat.
800 2434 930 2484 Hocdtiioe
956 2435 1021 2498 quid
1049 2437 1209 2498 significaret

120 2521 247 2571 pressos,
275 2509 369 2568 taxos,
396 2519 463 2571 quas
487 2519 583 2571 caprae
603 2521 648 2558 re·
684 2518 746 2556 cum
761 2519 872 2570 prorsus
889 2510 1051 2571 nesciretur,
1078 2511 1210 2561 ttaoartaae
1261 2525 1266 2536 ·

118 2586 221 2645 spuunt,
247 2582 392 2645 dispersas,
411 2581 481 2645 virg.
493 2584 538 2632 Ge.
550 2583 573 2645 3,
584 2583 644 2633 300:
684 2580 846 2632 substituere
856 2583 1000 2646 malebant,
1014 2583 1085 2634 haud
1094 2586 1210 2649 cogitem

118 2657 183 2708 iabeo
198 2657 350 2720 frondentia
360 2657 445 2718 capno
460 2657 559 2706 arbato
575 2658 647 2723 ευμ-
684 2659 725 2706 tes
748 2656 782 2706 de
800 2657 934 2708 cicuribus
957 2658 1129 2721 animalibus,
1155 2673 1208 2710 nou

118 2744 177 2781 cere.
213 2733 346 2782 Ceterum
374 2731 470 2781 eadem
495 2733 647 2782 etiamnunc
685 2731 718 2780 de
737 2731 808 2792 ieris,
830 2733 873 2782 hio
890 2734 940 2796 agi.
959 2735 1123 2796 ingeniosius
1143 2745 1208 2784 sane

121 2803 198 2857 iacies
228 2808 274 2855 est
304 2806 421 2856 nemoris
454 2807 645 2868 amoenissimi,
684 2804 818 2857 Bentleius
840 2807 875 2857 ad
899 2808 1047 2870 analogiam
1069 2822 1094 2858 v.
1116 2809 1210 2859 linare-

120 2879 234 2940 arbutis‚
261 2878 357 2940 lauris,
380 2877 534 2942 lavendula,
554 2881 647 2944 thymo
683 2881 735 2929 tas
757 2893 857 2930 novum
884 2893 944 2932 voc.
968 2881 1042 2932 linxit
1064 2881 1208 2944 morosae,

121 2956 222 3005 consiti.
683 2967 732 3018 pro
750 2954 910 3019 simpliciore
926 2957 1011 3024 iorma
1024 2956 1144 3008 baedam
1161 2957 1211 3021 (iu-

152 3030 175 3079 i.
194 3031 221 3080 8.
259 3028 361 3091 werae]
380 3029 491 3079 Theocr.
509 3030 533 3089 8,
553 3029 598 3082 te:
623 3021 648 3077 ai
684 3043 745 3080 ven.
772 3031 813 3090 ti,
840 3031 890 3094 65.)
909 3034 936 3081 et
949 3031 1057 3080 laetato
1080 3031 1146 3093 (Not.
1165 3031 1210 3080 'i'i-

120 3099 220 3172 τράγε,
247 3100 300 3152 τᾶν
325 3098 430 3153 λευκᾶν
453 3101 539 3170 αἰγᾰν
564 3099 645 3176 ἄνερ.
684 3105 762 3166 ron).
802 3107 835 3155 at
860 3105 925 3154 mihi
948 3107 1021 3154 certe
1041 3103 1209 3155 intolerabile

121 3177 251 3230 Leonidas
277 3179 335 3227 Ter.
357 3179 404 3242 Ep.
426 3178 466 3240 ot,
493 3181 521 3229 i:
548 3177 647 3244 ῗξαλος
683 3178 790 3228 videtur
818 3181 859 3228 ter
888 3181 927 3229 sic
951 3179 1035 3241 ingeri
1071 3179 1209 3242 caprinum

123 3245 261 3320 eiaeyov
278 3247 361 3319 αἰγὸς
378 3247 472 3315 πόσις.
502 3254 571 3319 virg.
591 3254 645 3306 Eoi,
684 3265 781 3317 pecus:
808 3253 918 3316 capelia,
936 3254 1023 3304 ocutis
1035 3254 1131 3316 auriti,
1152 3253 1210 3303 loa-

121 3327 143 3386 i,
160 3328 189 3376 l:
226 3329 269 3378 Vir
283 3329 367 3391 orceis
382 3328 435 3389 ipso
450 3342 535 3392 moer.
571 3330 645 3380 Ouid.
684 3329 779 3378 ouum.
809 3329 960 3379 schreiberi
976 3331 1067 3378 autem
1081 3329 1211 3392 interpre-

122 3401 186 3452 Fest.
197 3403 222 3464 t,
234 3401 296 3452 stt:
310 3402 440 3466 lmtiqeroe
450 3405 577 3468 coaioqe-
586 3406 646 3456 ocis.
684 3403 757 3463 tatio,
776 3405 806 3453 ui
820 3403 951 3453 Matidiae
972 3402 1209 3467 (quemadmodum

124 3503 148 3512 -
173 3478 202 3527 ln
221 3490 248 3526 v.
269 3477 361 3526 Olenus
381 3479 546 3529 recentiores
567 3481 649 3531 inter·
685 3478 884 3542 scriptumvolt)
903 3479 1033 3542 significet
1045 3478 1209 3528 «haedorum

122 3555 211 3612 pretes
238 3551 294 3601 iere
315 3551 466 3612 oiiendunt;
494 3567 525 3604 ex
549 3557 648 3606 Horatii
685 3552 818 3614 stabula»,
844 3555 888 3603 vix
912 3552 957 3603 ulli
982 3552 1090 3618 probari
1108 3553 1207 3617 potest,

123 3637 184 3676 vero
201 3626 311 3688 iudicio,
330 3628 355 3676 in
371 3641 425 3691 quo
445 3627 520 3679 iaciie
538 3632 648 3694 acquie-
685 3629 783 3692 quippe
800 3641 912 3691 prorsus
929 3629 1058 3692 precaria.

124 3711 197 3750 scere
214 3713 375 3765 possumus,
394 3703 457 3752 nibil
474 3703 592 3755 babebat
606 3707 648 3756 in·
718 3702 758 3752 ⁴0.
780 3702 913 3766 vastoque]
934 3701 1157 3765 quandocunque,
1176 3700 1212 3750 si-

125 3775 174 3836 epti
189 3777 235 3824 aut
251 3773 365 3826 molesti.
396 3777 455 3827 Seii.
475 3781 518 3828 est
532 3779 647 3830 verbum
684 3779 739 3828 mul
756 3791 787 3829 ac
805 3779 885 3830 Fauni
904 3780 1002 3844 fistulo,
1020 3775 1133 3848 σύριγγι
1154 3778 1207 3827 cet.

125 3849 241 3900 medium
259 3862 354 3900 omnes
372 3853 400 3900 et
415 3854 505 3914 gratos
526 3857 552 3904 et
570 3855 648 3904 ioeti-
684 3853 754 3915 virg.
773 3851 827 3903 Eel.
845 3855 871 3915 t,
887 3855 932 3905 82:
956 3855 1011 3904 Pon
1023 3855 1124 3916 prim
1137 3852 1211 3901 cota-

126 3921 172 3973 dos
188 3923 287 3974 odores
307 3925 465 3988 significans.
495 3956 523 3965 -
546 3930 647 3994 unctes]
683 3941 737 3978 oros
750 3929 970 3994 ceracoetionqere
987 3929 1074 3990 olma
1091 3927 1208 3978 instituit.

126 3993 198 4048 Haud
221 3997 357 4049 insolitum
377 4003 571 4053 venenatorum
590 4005 647 4053 ani·
684 4003 773 4066 Eurip.
793 4003 850 4067 lph.
874 4003 950 4052 Taur.
979 4003 1057 4054 tots:
1084 3999 1210 4071 Συριζων

126 4070 231 4124 melium
247 4072 389 4124 ἐπίθετον.
409 4073 544 4127 claudian.
559 4078 585 4128 in
597 4079 648 4128 Ru-
682 4073 707 4124 δ’
726 4070 743 4126 ὁ
761 4073 917 4148 κηροδέτας
934 4073 1073 4141 Κάλαμος
1094 4069 1208 4146 οὐρείου

127 4143 203 4198 linum
223 4148 253 4208 i,
275 4149 338 4198 290:
361 4150 549 4214 Lernaeamque
564 4152 648 4202 west
683 4147 783 4214 Πανὸς
815 4149 875 4202 κτλ.
905 4180 932 4189 -
969 4151 1092 4213 Tyndaris
1117 4151 1208 4200 autem

127 4217 250 4272 olatoot
262 4223 345 4284 ivero
357 4224 485 4286 paludes.
684 4227 760 4291 quasi
779 4225 879 4278 «altera
898 4226 1027 4288 Helena»,
1045 4237 1143 4278 nomen
1160 4225 1211 4275 uti-

158 4293 179 4343 9.
213 4297 354 4362 Martiales]
377 4300 407 4350 iit
423 4297 548 4349 ostendi
566 4313 645 4351 suum
684 4315 737 4365 que
753 4301 853 4352 fletum.
