3078 4978
308 421 369 487 710
627 472 630 478 ,
714 419 841 469 nonnul
859 417 988 470 EPODON

392 581 537 664 Namque
560 576 709 662 sagacius
731 595 815 640 unus
838 573 973 650 odoror,

348 698 492 789 Polypus
514 718 555 763 an
576 696 682 784 gravis
705 694 835 761 hirsutis
857 693 954 760 cubet
975 692 1084 760 hircus
1107 693 1139 758 in
1161 691 1233 769 alis,
1372 696 1391 756 5

392 821 497 899 Quam
519 818 607 885 canis
630 837 721 893 acer,
746 816 802 882 ubi
823 815 922 881 lateat
942 835 1008 881 sus,

348 942 410 1020 Qui
433 939 534 1005 sudor
554 939 647 1005 vietis
669 948 701 1004 et
722 957 820 1024 quarn
841 935 945 1002 malus
968 933 1111 1023 undique
1134 935 1290 1002 membris

392 1061 515 1127 Crescit
538 1059 636 1136 odor,
661 1080 735 1126 curn
756 1077 840 1145 pene
863 1057 968 1123 soluto

349 1181 539 1248 indomitam
560 1189 714 1268 properat
735 1176 859 1244 rabiem
881 1177 1016 1259 sedare;
1040 1197 1148 1266 neque
1171 1177 1215 1242 illi

392 1305 458 1369 lano
480 1313 587 1367 manet
608 1299 738 1366 humida
761 1309 850 1366 creta
871 1299 1027 1386 colorque
1355 1299 1394 1364 io

349 1425 499 1490 Stercore
521 1423 645 1489 fucatus
668 1420 839 1497 crocodili,
864 1421 993 1509 iamque
1017 1419 1165 1488 subando

391 1547 490 1612 Tenta
512 1543 630 1612 cubilia
655 1553 804 1631 tectaque
826 1542 961 1630 rumpit!

349 1665 405 1733 Vel
426 1686 500 1733 mea
522 1687 596 1734 cum
618 1665 723 1733 saevis
745 1664 842 1754 agitat
864 1662 991 1732 fastidia
1012 1663 1137 1731 verbis:

375 1865 399 1913 7.
419 1864 479 1925 ocis
496 1863 580 1914 nostri
597 1861 698 1923 codd..
717 1863 791 1913 Lctt.
812 1863 932 1926 (Utnos,
949 1860 1006 1929 βγκ
1018 1874 1097 1912 «cum
1114 1860 1200 1912 tribus
1217 1859 1275 1914 aliis
1285 1875 1366 1926 pres-

343 1940 384 1986 ter
400 1948 447 1987 sex
464 1937 608 1987 Torrentii»
625 1935 723 1996 Benti¹
742 1936 805 1997 FM.)
829 1961 858 1974 -
883 1938 907 1988 8.
927 1937 1026 1988 Croscm
1042 1949 1068 1997 c,
1082 1931 1111 2000 ξ,
1130 1948 1170 2000 pr.
1183 1934 1219 1998 β,
1238 1937 1366 2000 quattuor

341 2013 408 2062 Pott.
438 2039 465 2049 -
493 2012 518 2062 9.
541 2026 587 2062 nec
607 2013 687 2063 LCtF.
708 2013 855 2077 (Lectiones
877 2025 903 2060 v.
922 2012 938 2062 3
955 2025 1051 2076 seqq.,
1080 2024 1146 2075 quas
1163 2013 1248 2062 Bothe
1271 2010 1366 2062 tribuit

345 2085 492 2137 Glareano:
516 2091 657 2149 properant
674 2114 689 2124 -
708 2113 723 2123 -
742 2101 787 2137 nce
803 2087 852 2136 iliis
870 2113 911 2123 --
929 2087 1026 2150 rumpis
1042 2111 1082 2123 -·
1102 2085 1197 2150 cattas,
1219 2089 1292 2136 certe
1310 2097 1366 2135 nou

345 2163 515 2226 reperiuntur
531 2162 559 2212 in
576 2163 633 2212 eius
650 2161 698 2212 Ed.
717 2161 835 2226 Friburg.
856 2159 938 2226 ⁴533.)

309 2349 383 2412 mm]
401 2351 462 2400 anie
474 2361 578 2401 omnes.
599 2350 682 2399 «Uncti
693 2361 775 2414 saepe
787 2341 850 2402 su·'
871 2349 895 2399 9.
910 2347 944 2398 de
955 2346 1000 2398 tali
1011 2347 1124 2398 muliere
1136 2347 1237 2398 iocata:
1250 2349 1327 2398 acida
1337 2348 1399 2398 taisi

308 2423 532 2487 perlativis‚rsro
544 2425 732 2488 comparativis
743 2424 835 2474 adiun-
871 2422 948 2473 oblitu
963 2427 1041 2472 msto.
1055 2447 1083 2460 -
1106 2421 1214 2486 Motus]
1232 2421 1398 2474 aiuooiaciei

310 2497 405 2561 gitur.»
430 2499 547 2548 wicum
563 2499 598 2548 ad
614 2499 724 2558 Aeni,
744 2499 784 2548 45.
804 2524 833 2536 -
871 2497 1025 2548 inductus.»
1056 2523 1085 2534 ·-
1113 2496 1242 2560 crocoditi]
1272 2496 1398 2548 Clemens

307 2570 422 2635 Pompei]
442 2571 547 2623 Eadem
569 2573 714 2635 quantitate
733 2573 786 2622 Sat.
805 2574 834 2633 i,
871 2571 1019 2636 Paedagog.
1032 2571 1063 2632 3,
1082 2573 1111 2633 3,
1129 2573 1157 2621 i:
1177 2567 1323 2642 Τρὶςγάρ,
1341 2567 1398 2632 οὐκ

308 2646 337 2707 3,
351 2645 391 2697 io.
411 2651 521 2712 propter
539 2646 654 2698 litteram
665 2645 794 2710 liquidam
811 2645 833 2709 i,
872 2638 950 2709 ἅπαξ
966 2639 1146 2696 ἀπολωλέναι
1166 2642 1276 2697 δίκαιαι
1291 2661 1398 2717 κρωω-

309 2723 340 2772 ut
355 2721 432 2771 melos
447 2723 474 2772 in
492 2723 573 2772 Persii
596 2721 664 2773 Proi.
683 2735 709 2772 v.
730 2720 775 2771 uit.
794 2723 836 2771 at-
871 2718 971 2771 δεὶλων
993 2714 1157 2783 &sandwic
1178 2717 1326 2791 χρώμεναι
1348 2721 1398 2772 mi

309 2808 362 2859 quo
379 2797 405 2846 in
423 2797 545 2847 eiusdem
562 2798 615 2846 Sat.
629 2797 659 2857 i,
678 2795 709 2847 i:
727 2797 837 2846 Nsmiii
872 2791 1040 2861 σηπεδόνων
1064 2790 1172 2866 ἀφροϊς
1199 2792 1397 2866 ἐγχριόμεναι.

307 2871 458 2932 Polydamas
475 2873 525 2921 cet.
555 2871 605 2921 niti
622 2871 744 2922 scribunt
758 2872 835 2932 rotn-
871 2869 1342 2932 Plin.1i.rt.28‚8,us:crocodi1i
1358 2874 1399 2921 is-

306 2957 371 3007 pus,
391 2945 448 2996 sine
461 2947 627 2998 auctoritate.
646 2947 773 2997 Ceterum
785 2946 833 2997 cir.
871 2946 962 2995 testim
972 2945 1399 3008 attiponqunimcurtuomdo

311 3017 380 3070 Cels.
401 3020 430 3078 6,
457 3021 485 3081 8,
513 3021 537 3071 2.
566 3020 632 3072 ibid.
650 3021 674 3084 g.
692 3023 722 3070 i:
749 3022 836 3071 mm
872 3021 959 3070 nidore
977 3021 1080 3082 rasorio.
1097 3043 1138 3056 ·-
1157 3017 1316 3070 Crocodilon
1335 3021 1400 3070 iiiito

310 3095 500 3144 mrisodoran
520 3095 620 3157 foedum
641 3095 743 3156 baboni,
770 3095 836 3157 quod
872 3108 905 3144 an
928 3094 980 3144 oleo
1004 3094 1110 3156 cumcito
1133 3094 1261 3144 molestias
1283 3095 1312 3144 iu
1334 3095 1400 3157 {udo

309 3179 387 3231 ponus
403 3167 494 3218 Gracci
511 3162 628 3231 ὄζαιναν
649 3169 784 3231 appellum.
806 3197 833 3206 -
872 3173 1013 3218 momente!
1040 3167 1104 3218 toltit
1129 3169 1180 3218 cet.
1212 3193 1241 3204 -
1270 3169 1397 3233 mondo]

309 3241 401 3305 inirem]
419 3240 547 3293 molestus
565 3242 633 3293 odor
649 3242 767 3294 hircinus
784 3243 835 3293 sub
873 3255 970 3307 «supra
982 3241 1070 3292 virum
1091 3253 1121 3291 se
1137 3240 1286 3304 agitandon
1305 3243 1397 3293 senon.

309 3315 365 3366 olis.
384 3317 450 3380 Epp.
464 3317 474 3365 i
486 3353 491 3377 ,
505 3318 533 3377 s,
546 3317 591 3366 29:
613 3316 834 3380 olidos-capros.
875 3343 902 3353 -
920 3316 1025 3378 nmipit]
1045 3312 1145 3368 «lectus
1167 3316 1270 3366 intortis
1292 3315 1399 3367 iuribus

313 3415 341 3428 -
360 3390 438 3455 coici]
457 3389 546 3440 «velut
561 3389 599 3439 ibi
615 3389 721 3442 latenti·
873 3403 894 3441 s.
913 3387 976 3441 loris
993 3402 1026 3439 uc
1042 3387 1157 3441 fasciolis
1172 3389 1316 3441 subterius
1327 3391 1400 3441 eim·

343 3463 416 3514 'i-ii.
434 3464 513 3529 obus]
532 3465 622 3514 «senio
641 3465 834 3527 iamiisccidis‚
873 3477 925 3528 que
948 3469 1026 3526 tectu,
1044 3462 1073 3513 id
1096 3466 1150 3525 est,
1175 3455 1316 3524 aulsedm,
1333 3465 1400 3514 Bai·

311 3538 461 3589 marcidis«
491 3539 522 3588 Η.
543 3536 560 3587 l.
579 3537 750 3601 bisyllabum.
782 3540 834 3590 Cir.
873 3539 1002 3600 doctis,
1021 3539 1210 3599 nicosinum,
1234 3537 1298 3589 iacit
1315 3540 1398 3589 vehe-

311 3613 417 3661 Luci-ei.
436 3611 464 3672 3,
483 3611 546 3662 386:
564 3613 781 3663 cecidisssmetmn
794 3615 838 3664 Vo-
873 3615 979 3663 menter
1004 3625 1035 3663 so
1063 3612 1213 3676 agimundo.»
1247 3611 1333 3676 (Tecta
1357 3612 1398 3662 alii

310 3689 380 3734 sinn.
406 3711 433 3722 -
457 3699 521 3747 petto
544 3685 632 3751 soluto]
660 3685 835 3738 tdsiassato.»
874 3688 961 3738 minus
984 3687 1058 3737 recte
1078 3687 1259 3750 integumenta
1284 3701 1307 3738 s.
1329 3689 1398 3738 stra-

311 3759 404 3808 Scsou.
425 3759 509 3810 neum
521 3762 591 3810 coitu
607 3763 718 3826 peracto
729 3763 771 3812 vir
783 3762 836 3811 iam
873 3759 933 3824 gula
950 3759 1011 3811 lecti
1029 3761 1255 3825 interpretantur.)

311 3830 430 3895 languet,
449 3831 491 3882 iiie
508 3833 629 3886 nondum
646 3837 740 3887 satiato
751 3837 836 3899 magis
906 3834 994 3884 43-46.
1006 3835 1397 3900 Vsimeucet.]riouasenieniin

312 3908 392 3958 etiam
426 3906 553 3970 restingui
587 3911 662 3973 eupit
699 3909 836 3962 libidinem
874 3921 937 3962 cum
953 3906 1093 3973 abruptius
1109 3909 1251 3970 inferatur,
1278 3909 1398 3972 indigua-

312 3995 389 4033 suam
406 3981 563 4034 effrenatam
580 3997 612 4033 ac
628 3982 789 4034 rabiosum.»
808 4012 835 4022 -
873 3983 973 4033 tionem
1006 3986 1102 4048 poetae
1130 3983 1237 4047 agrame
1265 3983 1395 4047 exprimit.

312 4057 544 4120 aequinoctium]
564 4069 674 4106 «omnes
699 4057 752 4108 iam
770 4057 835 4118 iuoi,
875 4059 991 4108 aliorsus
1013 4070 1096 4122 quam
1117 4058 1268 4122 importuna
1288 4061 1317 4107 et
1332 4055 1398 4106 cbo-

313 4129 412 4192 quibus
423 4132 517 4192 utitur,
531 4131 641 4194 propter
651 4128 780 4182 sudorem
791 4131 838 4182 dii·
875 4131 1000 4182 minauda
1018 4133 1072 4193 est,
1095 4144 1157 4182 oum
1174 4131 1324 4190 neudum.
1345 4143 1398 4194 quo

313 4204 424 4254 fluunt.»
445 4231 472 4240 —
490 4203 573 4267 mia]
591 4205 711 4254 Cretaut
728 4219 837 4257 cerussa
875 4219 936 4257 eam
948 4203 1060 4270 sepelio,
1078 4207 1165 4260 saeris
1177 4205 1328 4270 opprobriis
1338 4219 1398 4255 oxu-

313 4291 363 4344 pro
377 4276 437 4328 suco
448 4278 601 4329 utebantur.
621 4277 729 4330 Martini.
748 4280 778 4340 6,
792 4279 836 4342 33,
875 4281 974 4344 gitatin
992 4281 1084 4331 Exvv.
1097 4281 1182 4346 isqq.
1201 4279 1395 4343 Qsiudorcet.
