3012 4978
293 477 355 540 630
649 471 653 478 ’
771 475 900 524 nomn

289 636 395 698 θυσίας
412 628 655 706 προσαγαγόντες,
674 626 807 684 ἐντεῦθέν
824 645 854 681 τε
866 629 913 682 ἐπί
924 625 958 681 τὸ
970 632 1243 696 κατεσκευασμένον
1255 631 1380 702 θέατρον

289 713 423 781 ἐλθόντες
445 713 497 780 τὰς
519 717 643 786 θεωρίας
665 711 844 766 ἐπιτελοῦσιν
858 707 1018 765 Ἀπόλλωνι
1035 713 1086 764 καὶ
1099 707 1254 784 Ἀρτέμιδι.
1290 711 1331 786 Τῆ
1348 712 1382 766 δέ

288 799 362 868 μετὰ
379 799 486 868 ταύτην
505 795 600 870 ἡμέρᾳ
611 802 744 866 γυναῖκες
756 798 896 864 ἐπίσημοι
907 794 983 848 κατὰ
994 793 1049 863 τήν
1059 790 1147 870 ὤραν,
1166 793 1203 864 ἣν
1215 793 1233 848 ὁ
1245 795 1381 870 χρησμός

289 882 496 956 ὑπηγόρευσεν,
515 885 556 947 είς
531 879 607 934 ίτὸ
625 878 810 934 Καπετώλιον
827 877 1023 934 συνελθοῦσαι
1040 879 1225 934 λιτανεὺουσι
1241 877 1294 932 τὸν
1310 877 1382 934 θεὸν

289 971 339 1022 καί
365 963 507 1035 ὑμνοῦσιν
533 961 573 1030 ὥς
589 967 683 1032 θέμις.
716 961 823 1036 Ἡμέρᾳ
839 964 871 1017 δέ
888 965 1001 1038 τρίτη’
986 981 1017 1018 εν
1033 963 1073 1033 τῷ
1090 962 1165 1017 κατὰ
1181 962 1216 1018 τδ
1232 964 1383 1020 Παλάτιον

287 1049 470 1115 Λπόλλωνος
488 1046 552 1123 ίερῷ
570 1051 661 1122 τρίς’
647 1052 730 1102 εννέα
747 1049 845 1128 παῖδες
862 1049 1012 1113 ἐπιφανείς
1024 1046 1099 1116 μετὰ
1110 1051 1262 1122 παρθένων
1272 1049 1381 1103 τοσοὺ-

289 1154 360 1198 των,
390 1137 449 1187 οἳ
441 1133 545 1198 πάντες
561 1128 753 1200 ἀμφιθαλεῖς,
783 1127 854 1205 ὅπερ
871 1133 964 1197 ἐστίν,
994 1127 1181 1206 ἀμφοτέρους
1198 1130 1268 1198 τοῦς
1284 1141 1381 1202 γονεῖς

289 1216 406 1284 ἔχοντες
433 1215 596 1291 περιόντας,
626 1211 737 1284 ὑμνους
761 1211 866 1287 ᾅδουσι
891 1233 926 1290 τῃ
948 1233 978 1268 τε
997 1214 1146 1286 Ελλήνων
1165 1219 1215 1269 καί
1229 1213 1380 1286 Ῥωμαίων

290 1303 374 1377 φωνή
392 1303 441 1354 καί
460 1300 593 1366 παιᾶνας,
611 1300 645 1353 δι’
662 1291 704 1352 άν
720 1303 754 1352 αί
768 1297 826 1353 ὑπὸ
839 1297 995 1368 Ῥωμαίοις
1012 1299 1154 1366 σώζονται
1171 1299 1282 1366 πόλεις·
1302 1298 1382 1354 ἀλλα

289 1405 320 1440 τε
337 1383 411 1439 κατὰ
427 1383 479 1437 τὸν
497 1381 687 1453 ὑφηγημένον
704 1382 782 1458 παρὰ
798 1383 850 1437 τοῦ
868 1387 950 1438 θείου
963 1383 1072 1458 τρόπον
1084 1383 1249 1459 ἐπράττετο,
1267 1377 1308 1438 ὦν
1318 1387 1381 1440 έπι-

291 1473 469 1538 τελουμένων
485 1469 625 1536 διέμεινεν
641 1465 660 1536 ή
678 1464 755 1542 ἀρχή
771 1466 921 1536 Ῥωμαίων
938 1465 1098 1538 ἀλώβητος.

351 1552 408 1620 Ὦς
428 1550 468 1606 ἀν
488 1554 518 1606 δέ
540 1555 589 1606 καί
611 1554 655 1606 ε’πί
682 1553 739 1605 τῶν
756 1551 931 1625 πραγμάτων
948 1548 1046 1622 ἀληθῆ
1063 1553 1155 1606 ταῦτα
1171 1551 1246 1606 εἶναι
1263 1553 1380 1607 πιστεῦ-

290 1657 397 1708 σωμεν,
415 1637 505 1693 αὑτὸν
522 1635 733 1710 παραθήσομαι
748 1635 799 1689 τόν
815 1635 957 1706 Σιβύλλης
986 1636 1130 1712 χρησμόν,
1147 1630 1204 1706 ήδη
1222 1636 1279 1714 πρὸ
1295 1635 1381 1708 ήμῶν

292 1726 355 1798 παρ’
372 1726 476 1798 ἑτέρων
492 1719 698 1791 ἀνενηγμένον·

420 1822 495 1877 Ἀλλ’
514 1822 625 1877 ὁπόταν
640 1823 786 1892 μήκιστος
802 1826 851 1898 ίκῃ
868 1823 975 1898 χρόνος
991 1821 1172 1898 ἀνθρώποισι

406 1908 498 1977 Ζωῆς,
516 1912 557 1974 είς
574 1911 660 1962 ἐτέων
677 1907 782 1962 ἑκατὸν
799 1909 869 1962 δέκα
884 1907 992 1962 κόκλον
1009 1905 1134 1975 ὁδεύων,

406 1996 546 2061 Μέμνηα,
565 1986 737 2060 άῬωμαῑε,
755 1996 805 2047 καί
821 1991 856 2046 οὑ
873 1991 956 2061 μάλα
972 1993 1075 2062 λήσεαι
1092 1991 1188 2047 αὑτῶν

408 2077 581 2146 Μεμνῆσθαι
597 2075 666 2130 τάδε
682 2077 785 2130 πάντα.
821 2080 922 2132 Θεοϊσι
937 2079 992 2145 μίν
1009 2075 1184 2132 ἀθανάτοισι

401 2159 505 2228 Ῥέζειν
522 2163 553 2216 έν
569 2162 662 2232 Πεδίῳ
679 2161 757 2236 παρὰ
775 2162 940 2236 Θόμβριδος
957 2159 1081 2216 ἄπλετον
1098 2157 1188 2235 ὑδωρ,

399 2243 497 2320 ΙὈππῃ
515 2245 711 2308 στεινότατον,
729 2244 791 2312 Νὑξ
808 2243 896 2315 ἡνίκα
912 2253 998 2315 γαίαν
1015 2248 1135 2322 ἐπέλθῃ,

403 2326 518 2383 Ἠελίου
536 2331 704 2404 κρόψαντος
721 2329 771 2383 έδν
788 2329 878 2395 φάος·
897 2324 971 2384 ἔνθα
988 2329 1024 2385 αὑ
1041 2328 1131 2402 ῥέζειν

401 2411 478 2485 Ἱερά
495 2413 684 2483 ποντογόνοις
700 2417 823 2488 Μοίραις
839 2409 928 2488 ἄρνας
944 2431 976 2467 τε
992 2417 1042 2468 καί
1058 2413 1153 2484 αίγας.

404 2499 534 2562 Κυανέας
550 2498 623 2551 δ’έπί
639 2499 731 2552 ταῖσδ’
749 2499 912 2564 Εἰλειθυίας
929 2495 1093 2573 ἀρέσασθαι

404 2578 604 2646 Παιδοτόκους
620 2585 770 2646 θυέεσσιν,
789 2577 847 2657 ότῃ
865 2586 958 2651 θέμις.
993 2577 1067 2637 Αὑθι
1083 2584 1115 2637 δέ
1131 2587 1204 2660 Γαίη

405 2665 583 2740 Πληθομένη
600 2667 702 2740 χοῖρός
719 2683 749 2720 τε
766 2671 816 2720 καί
833 2658 868 2732 ὑς
886 2670 992 2742 ἱεροίτο
1008 2668 1139 2736 μέλαινα.

405 2747 544 2802 Ζάλευκοι
562 2749 664 2824 ταῦροι
680 2751 711 2804 δέ
728 2749 822 2816 Διὸς
814 2749 892 2825 παρὰ
908 2751 1011 2818 βωμὸν
1035 2748 1169 2822 ἀγέσθων

398 2829 514 2900 Ηματι,
532 2835 600 2902 μηδ’
618 2836 665 2888 ε’πί
681 2839 776 2888 νυκτί
751 2837 892 2889 ίθεοίσι
908 2833 963 2936 γὰρ
980 2832 1143 2910 αῦρανίοισι

401 2911 539 2991 Ημέριος
555 2919 668 2972 πέλεται
686 2921 780 2972 θυέων
797 2919 918 2992 τρόπος·
937 2917 977 2985 ὣς
994 2921 1025 2972 δέ
1041 2922 1092 2974 καί
1108 2915 1203 2988 αὕτως

401 2997 532 3073 ’ίρεὺειν
551 3002 684 3071 δαμάλης
700 3002 731 3055 δέ
746 2999 820 3068 βοὸς
837 3002 926 3070 δέμας
943 3000 1054 3073 ἀγλαὸν
1065 2999 1158 3078 Ἤρης

404 3083 543 3150 Δεξάσθω
562 3085 632 3154 νηὸς
648 3085 726 3160 παρὰ
743 3085 804 3140 σεῦ.
839 3089 897 3140 Καὶ
914 3089 1022 3153 Φοῖβος
1036 3084 1192 3152 Ἀπόλλων,

400 3163 487 3222 Ὅστε
503 3173 553 3224 καὶ
567 3167 681 3236 Ἠέλιος
697 3171 899 3238 κικλήσκεται,
918 3169 970 3224 λσα
985 3171 1110 3236 δεδέχθω

404 3252 527 3321 Θὺματα
543 3255 699 3324 Λητοίδης
717 3259 767 3308 καί
783 3252 948 3324 ἀειδόιιενοί
972 3273 1004 3310 τε
1020 3259 1139 3311 Λατῖνοι

404 3339 531 3404 Παιᾶνες
547 3338 666 3414 κοὺροις
682 3339 807 3414 κοὺρῃσί
822 3357 854 3393 τε
870 3333 975 3409 νηόν”
959 3357 1056 3404 εχοιεν

401 3423 582 3479 Ἀθανάτων·
603 3427 691 3496 χωρίς
708 3424 738 3477 δέ
755 3422 840 3496 κόραι
858 3423 949 3498 χορὸν
965 3421 1087 3479 αὐτοῦ’
1070 3443 1167 3489 εχοιεν

404 3513 460 3563 Καὶ
477 3511 565 3582 χωρίς
583 3503 728 3561 παίδων”
707 3526 802 3582 αρσην
819 3509 942 3576 στάχυς,
961 3506 1035 3563 ἀλλὰ
1052 3511 1166 3580 γονήων

407 3594 526 3647 Πάντων
544 3591 689 3660 ζωόντων,
709 3589 754 3658 οἷς
770 3589 975 3662 ἀμφιθαλὴς
961 3612 1003 3647 ετι
1019 3593 1125 3663 φὺτλη.

405 3679 442 3730 At
457 3679 487 3731 δὲ
504 3675 601 3746 γάμου
619 3677 764 3747 ζεὺγλαισι
780 3676 956 3746 δεδμημέναι
973 3674 1064 3747 ἤματι
1080 3683 1164 3748 κείνῳ

408 3761 480 3828 Γνὺξ
492 3756 585 3835 ’Ἤρης
602 3759 680 3835 παρὰ
696 3759 801 3829 βωμὸν
817 3757 954 3830 ἀοίδιμον
972 3761 1127 3834 έδριόωσαι

404 3846 537 3912 Δαίμονα
558 3847 771 3898 λισσέσθωσαν.
802 3841 911 3899 Ἅπασι
927 3846 959 3900 δέ
976 3845 1091 3915 λὺματα
1108 3845 1208 3900 δοῦναι

402 3925 548 4001 Ἀνδράσιν
565 3926 616 3996 ήδέ
633 3927 758 3996 γυναιξί,
776 3929 903 3997 μάλιστα
919 3929 951 3983 δέ
966 3930 1152 4004 θηλυτέρῃσι.

405 4011 515 4078 Πάντες
532 4011 589 4078 δ’έξ
607 4011 703 4064 οἴκοιο
719 4017 886 4088 φερέσθων,
906 4007 986 4068 ὅσσα
1002 4019 1131 4081 κομίζειν

403 4094 486 4150 'Harl
503 4098 588 4164 θέμις
605 4097 756 4164 θνητοῖσιν
772 4094 988 4172 ἀπαρχομένοις
1005 4097 1134 4162 βιότοιο,

406 4183 532 4248 Δαίμοσι
547 4181 732 4249 μειλιχίοισιν
750 4181 897 4250 ίλάσματα
913 4185 962 4236 καί
979 4183 1162 4257 μακάρεσσιν

409 4262 592 4335 ίίὺρανίδαις·
611 4263 647 4318 τὰ
663 4266 695 4319 δέ
713 4265 807 4320 πάντα
825 4270 1079 4341 τεθησαυρισμένα
1096 4269 1219 4325 κείσθω,

400 4346 499 4421 Ὀφρτι
515 4367 545 4403 τε
563 4351 735 4426 θηλυτέρῃσι
754 4353 802 4404 καί
820 4347 960 4425 ἀνδράσιν
977 4350 1128 4426 ἑδριόωσιν
