3014 4978
518 421 576 470 iiis.
594 421 636 470 ΙΙΙ.
679 421 708 470 C.
726 419 812 470 XXlX.

329 577 409 642 Cum
431 573 528 650 llore,
554 575 736 652 Maecenas,
760 595 907 642 rosarum
929 584 962 640 et

370 699 487 764 Pressa
510 697 573 764 tuis
594 695 730 763 bolanus
753 695 877 785 capillis

287 853 479 922 Iamdudum
501 854 588 943 apud
610 877 662 922 me
685 865 744 922 est.
789 855 885 943 Eripe
906 865 938 922 tc
960 875 1089 932 morae;
1224 856 1243 917 5

289 980 335 1044 Ne
357 998 487 1065 semper
507 976 609 1043 udum
639 976 737 1042 Tibur
758 988 791 1043 et
812 975 949 1043 Aesulae

327 1098 459 1166 Declivc
482 1097 709 1187 contempleris
731 1119 844 1164 arvum
867 1109 899 1164 et

371 1220 522 1310 Telegoni
546 1221 620 1308 iuga
642 1219 834 1308 parricidae.

224 1426 249 1475 6.
268 1425 319 1475 Neo
334 1424 364 1473 B.

154 1597 320 1664 ἁσσνδέτως
341 1599 409 1652 ancti
433 1613 542 1666 semper
560 1603 683 1651 contem-
719 1599 811 1664 cophr,
825 1599 882 1649 797.
899 1612 962 1651 cum
973 1598 1126 1651 Scholiasta.
1147 1600 1240 1663 iiygin.

156 1677 251 1742 plari».
269 1703 295 1714 -
309 1679 387 1728 admo
400 1676 481 1741 Tibur]
494 1676 533 1726 Ci.
547 1675 595 1726 Od.
610 1675 638 1737 l,
652 1676 680 1736 7,
720 1672 783 1724 Feb.
794 1673 857 1724 ⁴37:
877 1673 1020 1738 Telegonus,
1040 1675 1151 1724 litiniaci
1162 1675 1244 1725 Circes

157 1753 199 1803 t3.
218 1753 293 1803 ovid.
312 1752 422 1812 Fasti,
441 1752 488 1800 Ti:
505 1751 538 1800 iii
554 1749 683 1800 tamTele·
717 1748 797 1812 litias,
815 1749 904 1798 noima
920 1762 937 1797 a
953 1754 1048 1810 maire,
1065 1751 1244 1814 recentiorem

154 1827 230 1891 goni,
256 1827 310 1876 iarn
330 1827 431 1878 moenia
451 1825 547 1875 Tiburis
561 1823 606 1874 arii
622 1825 683 1874 Sta-
719 1832 862 1887 quaereret,
881 1831 1022 1890 tenpestate
1037 1829 1065 1877 io
1079 1828 1193 1878 Ithacam
1209 1833 1243 1877 est

156 1901 226 1950 hant.
248 1929 275 1936 -
291 1900 393 1960 Amata,
412 1897 682 1951 coloniaiiomanain
719 1901 815 1952 ministr
840 1901 923 1962 ibique
949 1902 1017 1965 tarne
1044 1907 1144 1952 coaonae
1167 1915 1244 1966 agros

156 1975 247 2037 Latio,
266 1976 292 2024 in
308 1973 403 2025 declivi
420 1975 469 2026 sita
487 1974 683 2024 iuterPraene·
719 1975 868 2038 depopotmt
883 1977 971 2038 coepti.
1006 1977 1069 2027 Οισν
1088 1991 1137 2039 aaa
1161 1978 1244 2028 illices

156 2052 200 2100 ste
226 2050 254 2099 et
277 2049 367 2100 Tibur.
393 2075 420 2085 -
445 2047 623 2111 omnemne]
652 2061 682 2098 aa
718 2055 742 2098 et
760 2050 916 2100 Telemachus
931 2051 1017 2114 ipoart
1038 2065 1115 2100 amsa
1131 2051 1244 2101 amiate-

156 2121 302 2186 longioquo
320 2135 385 2173 sano
400 2135 463 2172 cum
479 2120 613 2172 desiderio
625 2133 683 2183 gra-
719 2131 792 2176 ruot:
811 2127 895 2176 Uttaas
910 2141 928 2176 a
946 2127 1064 2190 Telegono
1078 2127 1131 2191 filio
1148 2133 1184 2178 esi
1202 2129 1244 2178 to-

157 2199 268 2250 tissimis
285 2198 326 2248 his
343 2196 472 2248 tractibus
489 2197 553 2262 ipsis
568 2196 681 2256 fruendi,
719 2200 846 2263 tetracha,
865 2202 931 2262 quoa
947 2202 970 2250 et
985 2215 1129 2263 remoram
1143 2203 1242 2264 wat,

156 2274 199 2324 oui
212 2271 345 2323 desiderio
358 2285 407 2322 our
423 2285 476 2322 non
493 2269 562 2323 illico
579 2269 683 2322 satista-
719 2280 747 2324 at
758 2276 837 2338 afilia
847 2279 946 2325 caveret
956 2281 1070 2326 marten.
1089 2276 1167 2338 οσονι
1176 2281 1245 2340 post·

156 2348 228 2399 cis‘i»
253 2345 373 2397 Verbum
388 2347 553 2408 contemplari
569 2357 684 2409 usurpa-
719 2361 797 2410 qaam
812 2351 928 2414 cophanti
943 2351 987 2413 qus
1006 2355 1078 2412 assei,
1104 2352 1174 2403 iasa
1191 2354 1243 2406 ih·-

155 2425 201 2472 tur
212 2422 372 2485 praesertim
383 2422 417 2471 de
430 2419 513 2484 caelo,
531 2419 622 2482 stellis,
634 2433 684 2484 rte·
720 2437 812 2475 nervae
822 2437 880 2476 cnm
898 2424 1037 2476 Telemacho
1048 2430 1073 2476 et
1086 2427 1205 2489 Penelope
1216 2429 1244 2477 io

156 2491 287 2568 τεώροις,
305 2497 370 2546 item
382 2495 415 2546 de
428 2496 581 2560 regionibus
593 2508 684 2546 amoe—
716 2501 832 2560 patriam
847 2500 989 2559 redieruut,¹
1005 2500 1033 2549 in
1049 2501 1158 2550 imolam
1167 2502 1244 2552 Aeae-

157 2572 213 2632 uis,
241 2569 339 2635 quibus
361 2568 431 2620 oculi
450 2568 565 2620 libenter
586 2569 683 2620 immo·
719 2588 762 2624 arn
779 2576 813 2624 aa
829 2575 917 2626 Circen
935 2575 1032 2624 Utiaem
1053 2580 1180 2626 maiman
1200 2577 1244 2628 de-

156 2647 258 2696 rantur.
718 2654 854 2711 portarunt
870 2649 953 2711 hiare
972 2649 1115 2710 sepultarae
1131 2651 1244 2700 tradide-

189 2721 215 2772 8.
244 2721 355 2784 Tetepoot
376 2719 450 2785 tage]
469 2720 543 2770 Ovid.
562 2721 631 2770 Tast.
652 2719 681 2782 3,
718 2729 788 2774 runt.
806 2725 924 2774 Eiusdem
940 2724 1069 2774 Mineruae
1085 2725 1182 2774 monita
1200 2725 1244 2775 Te-

157 2795 203 2845 92:
231 2796 358 2857 Factaque
377 2795 488 2860 Telegoni
503 2795 603 2846 moenia
618 2795 684 2844 cetra
719 2801 821 2863 teporata
828 2799 975 2860 Penelopen,
992 2799 1147 2848 Telemachus
1157 2800 1245 2850 Circen

155 2883 244 2920 manu.
271 2868 414 2921 Tusculum
432 2870 571 2934 significat,
590 2869 683 2920 condi·
719 2878 963 2925 commutabam.
986 2873 1029 2921 Ea
1046 2873 1116 2922 Circe
1133 2878 1156 2922 ei
1177 2874 1245 2924 Tete-

158 2947 215 2996 tam
224 2959 239 2995 a
248 2943 380 3008 Telegono
390 2943 441 3008 (Sil.
453 2943 509 2995 ilai.
519 2947 544 3005 7,
554 2945 599 2995 iiiii
611 2959 616 2993 :
630 2945 685 2995 Cir-
718 2948 807 2999 macho
818 2951 894 2996 amau
903 2951 939 2996 est
950 2947 1067 3004 Latinae·
1085 2960 1118 2996 aa
1127 2948 1246 3010 Penelope

156 3033 217 3070 caeo
235 3019 341 3070 Tuscula
357 3021 430 3071 dorso
446 3021 556 3082 nomia,
574 3020 684 3069 Laertae
719 3030 742 3074 at
755 3023 872 3085 Telegono
888 3024 963 3069 natus
979 3025 1014 3068 est
1029 3021 1118 3082 italae,
1136 3022 1180 3082 qai
1190 3023 1245 3072 Ita-

157 3097 284 3159 quoodam
305 3099 414 3158 raphaia
438 3095 551 3160 noraoth),
574 3095 619 3158 qui
640 3095 682 3144 in·
719 3101 781 3150 liam
796 3110 842 3148 saa
857 3095 957 3144 nomme
976 3095 1152 3145 dmmninaott.
1189 3096 1242 3146 Cir.

157 3172 230 3222 scius
241 3169 341 3221 Ulixem
352 3171 457 3233 patrem
473 3169 548 3219 radio
563 3169 683 3232 trygouis
719 3173 829 3237 oppian.
849 3167 961 3220 Halieut.
976 3169 1005 3230 2,
1024 3168 1081 3220 tei.
1101 3169 1171 3220 Sext.
1184 3172 1245 3222 Em-

160 3245 225 3308 (eine
236 3243 431 3294 hochenarimii
441 3245 521 3294 naam
531 3245 630 3294 Staohet
640 3257 684 3293 orn
720 3249 768 3312 pir.
787 3259 847 3311 pag.
865 3244 923 3295 273.
943 3243 1030 3294 Faba:
1048 3238 1116 3306 Πῶς
1134 3237 1188 3294 οὐκ
1199 3237 1245 3316 ἕρ-

157 3318 305 3383 8σὴισσσσσ)
330 3319 439 3382 sagittae
461 3319 579 3384 proclino
599 3320 683 3370 inter·
719 3337 785 3390 γον,
809 3316 888 3382 τινὸς
907 3317 962 3384 μὲν
979 3316 1181 3391 γραμματικοῦ
1198 3319 1247 3370 λέ-

158 3395 230 3446 lccit.
266 3394 385 3444 Primum
402 3395 569 3444 memoratur
586 3393 684 3444 abile·
720 3411 836 3464 γσντος,
854 3387 1068 3456 &romaneche
1085 3387 1142 3444 ὑπὸ
1160 3393 1245 3459 Τηλε-

157 3469 233 3520 siodo
245 3470 271 3518 in
283 3467 449 3531 Theogoniae
461 3480 542 3520 versu
556 3470 683 3533 suspecto
719 3469 808 3542 γόνον
826 3465 929 3532 παιδὸς
945 3463 1021 3519 κατὰ
1038 3461 1159 3535 ἄγνοιαν
1171 3463 1244 3540 ἀνῄ-

158 3543 249 3604 rori„
279 3555 331 3593 uns
360 3555 422 3594 cum
451 3542 576 3595 iratribus
603 3544 683 3606 hgrio
720 3561 819 3620 ρηται,
845 3540 924 3606 τινὸς
939 3541 984 3605 δέ,
1009 3535 1055 3594 ὅτι
1072 3539 1162 3614 λάρον
1180 3545 1245 3594 κέν-

158 3621 186 3669 et
202 3619 304 3669 hauno:
332 3616 369 3667 Οἱ
382 3615 406 3667 δ’
429 3611 495 3682 ἤτοι
516 3613 597 3684 μάλα
614 3613 683 3682 τῆλε
719 3636 787 3694 epea
810 3617 975 3682 θαλασσίας
996 3613 1135 3690 τρυγόνος
1151 3615 1245 3680 ἀφέν-

156 3689 243 3759 μσχῷ
260 3693 359 3759 νήσων
377 3688 480 3764 ἱεράων
495 3689 592 3743 Πᾶσιν
609 3694 683 3763 Top-
719 3712 769 3760 τος
794 3688 885 3747 αὐτοῦ
911 3691 946 3764 τῇ
968 3690 1081 3765 κεφαλῇ
1102 3689 1245 3760 διεφώνη-

157 3772 293 3836 σηνοτσιν
321 3763 517 3836 ἀγακλεέτοισι
540 3761 681 3820 ἄνασσον.
721 3787 786 3832 cea,
804 3762 895 3820 ἄλλον
912 3767 951 3830 δέ,
971 3761 1016 3818 ὅτι
1033 3769 1074 3832 εἰς
1091 3766 1178 3819 ἵππον
1193 3785 1245 3835 με·

157 3845 252 3895 'Totam
268 3847 359 3894 autem
376 3843 444 3896 hauc
456 3842 573 3896 fabulam
585 3844 684 3894 tracta-
720 3843 823 3907 τέβαλσ
839 3839 892 3910 τὴν
908 3839 1044 3914 pepererim·
1061 3842 1154 3894 Proclo
1173 3844 1245 3909 apud

157 3922 234 3970 verat
251 3919 277 3970 in
294 3919 442 3984 Telegonea
461 3921 605 3984 Eugemmo
629 3919 684 3981 Cy·
720 3921 795 3972 Phot.
814 3917 881 3971 nihi.
900 3921 929 3970 C.
948 3919 1006 3970 239.
1025 3921 1092 3970 teste
1109 3918 1178 3968 baec
1193 3917 1245 3971 Uli·

158 4007 287 4054 renaeus,
319 3996 398 4060 poeta
430 3994 549 4057 cyclicus
576 3994 682 4058 Olymp.
720 3997 761 4046 xis
783 4007 857 4046 mors
879 3994 989 4056 mythici
1013 3991 1080 4055 cycli
1101 3992 1160 4042 linis
1178 3994 1243 4042 erat.

158 4069 199 4120 53.
218 4068 284 4120 Vide
301 4067 425 4120 Welcker
436 4071 482 4119 der
492 4070 586 4131 epische
596 4069 685 4130 Ouolas
721 4069 853 4122 Plutarch.
872 4067 965 4120 Parali.
984 4069 1012 4118 T.
1028 4069 1053 4117 2.
1070 4080 1096 4132 p.
1110 4065 1167 4116 346.
1181 4079 1244 4116 unr-

159 4158 185 4208 p.
204 4143 261 4193 sar.
280 4142 426 4208 Sophocles
443 4145 469 4194 io
486 4141 684 4207 Euryaloapud
720 4145 762 4194 rat
790 4145 871 4194 etism
901 4145 1043 4194 Praeneste
1072 4155 1087 4191 a
1113 4140 1245 4204 Telegono

159 4218 283 4269 Parthen.
302 4221 378 4269 Nerr.
397 4218 426 4268 3:
449 4217 575 4290 Τρωθεὶς
591 4212 684 4267 aindo-
722 4219 860 4270 conditum
877 4231 946 4270 esse.
966 4219 1086 4282 Propert.
1099 4217 1130 4277 2,
1149 4214 1194 4275 32,
1213 4214 1241 4264 3:

158 4291 199 4364 ¹⁹37
215 4289 354 4364 τρνγόνσς
370 4290 543 4356 θαλασσίας.
569 4293 622 4346 Cir.
635 4293 686 4358 Ly·
720 4295 787 4345 Nam
805 4294 865 4356 qaia
881 4289 1132 4350 amerbachius,
1155 4289 1246 4350 acyn-
