3002 4974
710 387 838 437 nonnuli
856 385 1025 436 CARMINUM

565 513 743 610 'interdum
765 561 880 629 rapere
902 550 1048 627 occupet.

389 747 429 794 28.
448 747 549 805 occupor
566 743 657 793 BSTcd
675 746 702 792 ct
718 757 758 807 pr.
771 743 804 806 b,
825 741 942 794 Poiiien'i
956 739 1086 804 plerique,
1105 742 1171 792 LCi:
1190 746 1293 804 occripai
1302 752 1362 790 corr.

359 819 390 878 b,
417 814 526 885 γδκνξω
544 821 571 868 ei
587 818 640 868 duo
657 818 808 882 Bodleiuui,
837 817 905 872 Pcti.
925 819 1066 883 quattuor,
1084 815 1231 876 Bcuiieius,
1249 817 1282 867 M.

322 995 412 1045 oscula
424 1011 429 1054 ;
450 994 571 1059 cupidius
582 997 662 1046 ctiam
674 1010 706 1046 eu
718 997 769 1046 sibi
781 1010 847 1059 gau·
883 1001 989 1058 compar
1005 994 1111 1058 regredi
1129 1007 1255 1058 cogamur
1266 991 1300 1042 ad
1311 991 1390 1055 partic

323 1071 369 1120 dei
386 1071 451 1134 eripi
469 1072 620 1133 Licymnia,
638 1073 747 1135 propter
763 1084 845 1135 quem
883 1073 950 1121 dum.
971 1071 1098 1122 Ceicrum
1106 1069 1297 1120 sententiarum
1307 1066 1393 1116 seriem

323 1145 448 1196 ardorem
466 1147 553 1210 ipsum
571 1147 679 1211 semper
696 1147 783 1196 carior
800 1145 846 1196 tibi
883 1144 1062 1210 perturbavit,
1082 1144 1127 1208 qui
1145 1145 1248 1206 signum
1260 1143 1393 1201 iuterroga-

321 1221 376 1270 fit.»
394 1219 452 1280 Alii,
469 1222 551 1283 manis
567 1223 677 1284 quudcui
697 1222 844 1284 iungentes,
884 1221 962 1270 tionis
978 1221 1066 1284 posuit
1090 1219 1153 1282 post
1174 1231 1217 1266 vv.
1244 1217 1311 1266 crine
1331 1215 1395 1273 Licu-

318 1300 434 1357 poscente
451 1293 615 1359 explicarunt
631 1309 648 1344 a
662 1300 784 1357 poscente.
882 1295 980 1356 mnino,
1016 1293 1145 1357 virgulam
1170 1296 1232 1358 post
1254 1307 1279 1342 v.
1312 1292 1393 1340 donus.

355 1369 395 1419 28.
425 1371 538 1433 occupet]
564 1366 676 1431 φθάνοι
693 1364 730 1419 ἂν
752 1363 846 1440 denui-
885 1372 973 1419 Nerus
990 1369 1188 1420 enimhicesi:
1208 1362 1394 1418 «nummulis

322 1447 421 1507 ζουσα.
456 1445 498 1495 Sic
516 1445 599 1495 Codd.
613 1446 719 1509 optimi,
739 1459 770 1495 ac
782 1444 848 1494 mihi
884 1457 932 1508 pro
950 1445 1102 1508 Licymniae
1120 1443 1237 1495 crinibus
1256 1453 1331 1506 gazas
1346 1436 1395 1486 iius

323 1522 396 1570 certe
414 1521 568 1572 concinnius
585 1521 705 1581 videtur,
729 1523 758 1570 ui
775 1520 847 1570 idern
883 1519 1040 1570 barbaricas
1052 1521 1174 1583 accipere
1186 1521 1256 1579 ium,
1273 1529 1333 1567 cum
1346 1514 1395 1563 eius

322 1594 419 1646 modus
431 1597 567 1656 servetur,
587 1608 669 1659 quam
681 1598 710 1644 ui
725 1593 847 1657 legentes
883 1593 965 1644 basiis
984 1594 1114 1645 irueris‘i»
