<?xml version="1.0" encoding="UTF-8"?>
<!DOCTYPE html PUBLIC "-//W3C//DTD XHTML 1.0 Transitional//EN"
    "http://www.w3.org/TR/xhtml1/DTD/xhtml1-transitional.dtd">
<html xmlns="http://www.w3.org/1999/xhtml" xml:lang="en" lang="en">
 <head>
  <title>
</title>
<meta http-equiv="Content-Type" content="text/html;charset=utf-8" />
  <meta name='ocr-system' content='tesseract 3.04.00' />
  <meta name='ocr-capabilities' content='ocr_page ocr_carea ocr_par ocr_line ocrx_word'/>
</head>
<body>
  <div class='ocr_page' id='page_1' title='image "./qhoratiusflaccu02baitgoog/qhoratiusflaccu02baitgoog_0566.png"; bbox 0 0 3014 4978; ppageno 0'>
   <div class='ocr_carea' id='block_1_1' title="bbox 501 437 735 486">
    <p class='ocr_par' dir='ltr' id='par_1_1' title="bbox 501 437 735 486">
     <span class='ocr_line' id='line_1_1' title="bbox 501 437 735 486; baseline 0 -1"><span class='ocrx_word' id='word_1_1' title='bbox 501 437 559 485; x_wconf 80' lang='lat' dir='ltr'><strong>tin.</strong></span> <span class='ocrx_word' id='word_1_2' title='bbox 579 437 620 485; x_wconf 80' lang='lat' dir='ltr'><strong>it&#39;.</strong></span> <span class='ocrx_word' id='word_1_3' title='bbox 657 439 684 486; x_wconf 86' lang='lat' dir='ltr'><strong>u.</strong></span> <span class='ocrx_word' id='word_1_4' title='bbox 705 437 735 485; x_wconf 95' lang='lat' dir='ltr'><strong>ll.</strong></span> 
     </span>
    </p>
   </div>
   <div class='ocr_carea' id='block_1_2' title="bbox 241 591 892 800">
    <p class='ocr_par' dir='ltr' id='par_1_2' title="bbox 241 591 892 800">
     <span class='ocr_line' id='line_1_2' title="bbox 241 591 892 678; baseline 0 -22"><span class='ocrx_word' id='word_1_5' title='bbox 241 591 377 656; x_wconf 80' lang='lat' dir='ltr'><strong>Nubium</strong></span> <span class='ocrx_word' id='word_1_6' title='bbox 400 601 529 657; x_wconf 85' lang='lat' dir='ltr'><strong>tractus.</strong></span> <span class='ocrx_word' id='word_1_7' title='bbox 575 593 641 678; x_wconf 83' lang='lat' dir='ltr'><strong>Ego</strong></span> <span class='ocrx_word' id='word_1_8' title='bbox 664 591 734 678; x_wconf 89' lang='lat' dir='ltr'><strong>apis</strong></span> <span class='ocrx_word' id='word_1_9' title='bbox 757 592 892 657; x_wconf 86' lang='lat' dir='ltr'><strong>Matinae</strong></span> 
     </span>
     <span class='ocr_line' id='line_1_3' title="bbox 371 711 648 800; baseline 0.007 -24"><span class='ocrx_word' id='word_1_10' title='bbox 371 713 459 777; x_wconf 85' lang='lat' dir='ltr'><strong>llore</strong></span> <span class='ocrx_word' id='word_1_11' title='bbox 483 711 648 800; x_wconf 81' lang='lat' dir='ltr'>modoque</span> 
     </span>
    </p>
   </div>
   <div class='ocr_carea' id='block_1_3' title="bbox 242 889 1200 1097">
    <p class='ocr_par' dir='ltr' id='par_1_3' title="bbox 242 889 1200 1097">
     <span class='ocr_line' id='line_1_4' title="bbox 243 889 903 977; baseline 0 -23"><span class='ocrx_word' id='word_1_12' title='bbox 243 891 338 955; x_wconf 89' lang='lat' dir='ltr'><strong>Grata</strong></span> <span class='ocrx_word' id='word_1_13' title='bbox 360 889 522 976; x_wconf 78' lang='lat' dir='ltr'>carpentis</span> <span class='ocrx_word' id='word_1_14' title='bbox 545 889 654 977; x_wconf 79' lang='lat' dir='ltr'><strong>thyma</strong></span> <span class='ocrx_word' id='word_1_15' title='bbox 677 911 736 976; x_wconf 85' lang='lat' dir='ltr'><strong>per</strong></span> <span class='ocrx_word' id='word_1_16' title='bbox 760 889 903 954; x_wconf 87' lang='lat' dir='ltr'><strong>laborem</strong></span> 
     </span>
     <span class='ocr_line' id='line_1_5' title="bbox 242 1008 1200 1097; baseline 0.002 -20"><span class='ocrx_word' id='word_1_17' title='bbox 242 1008 417 1077; x_wconf 87' lang='lat' dir='ltr'>Plurimum</span> <span class='ocrx_word' id='word_1_18' title='bbox 439 1011 524 1076; x_wconf 83' lang='lat' dir='ltr'><strong>elma</strong></span> <span class='ocrx_word' id='word_1_19' title='bbox 547 1031 661 1074; x_wconf 87' lang='lat' dir='ltr'><strong>nemus</strong></span> <span class='ocrx_word' id='word_1_20' title='bbox 684 1009 838 1097; x_wconf 84' lang='lat' dir='ltr'><strong>uvidique</strong></span> <span class='ocrx_word' id='word_1_21' title='bbox 1159 1015 1200 1079; x_wconf 84' lang='lat'><strong>30</strong></span> 
     </span>
    </p>
   </div>
   <div class='ocr_carea' id='block_1_4' title="bbox 153 1206 1168 1346">
    <p class='ocr_par' dir='ltr' id='par_1_4' title="bbox 153 1206 1168 1346">
     <span class='ocr_line' id='line_1_6' title="bbox 183 1206 1168 1271; baseline 0.004 -13"><span class='ocrx_word' id='word_1_22' title='bbox 183 1209 221 1258; x_wconf 89' lang='grc'><strong>36.</strong></span> <span class='ocrx_word' id='word_1_23' title='bbox 239 1209 377 1258; x_wconf 78' lang='lat' dir='ltr'><strong>Plurimum</strong></span> <span class='ocrx_word' id='word_1_24' title='bbox 404 1209 486 1271; x_wconf 82' lang='lat' dir='ltr'><strong>iungit</strong></span> <span class='ocrx_word' id='word_1_25' title='bbox 511 1221 572 1258; x_wconf 89' lang='lat' dir='ltr'><strong>cum</strong></span> <span class='ocrx_word' id='word_1_26' title='bbox 597 1223 620 1258; x_wconf 88' lang='lat' dir='ltr'><strong>v.</strong></span> <span class='ocrx_word' id='word_1_27' title='bbox 640 1206 886 1268; x_wconf 65' lang='lat' dir='ltr'><strong>numantinus,</strong></span> <span class='ocrx_word' id='word_1_28' title='bbox 914 1208 991 1259; x_wconf 89' lang='lat' dir='ltr'><strong>simul</strong></span> <span class='ocrx_word' id='word_1_29' title='bbox 1016 1209 1168 1262; x_wconf 75' lang='lat' dir='ltr'><strong>dubitanter</strong></span> 
     </span>
     <span class='ocr_line' id='line_1_7' title="bbox 153 1284 629 1346; baseline -0.006 -13"><span class='ocrx_word' id='word_1_30' title='bbox 153 1295 301 1346; x_wconf 84' lang='lat' dir='ltr'><strong>proponens</strong></span> <span class='ocrx_word' id='word_1_31' title='bbox 318 1284 434 1332; x_wconf 79' lang='grc' dir='ltr'><strong>440νο040</strong></span> <span class='ocrx_word' id='word_1_32' title='bbox 450 1284 520 1331; x_wconf 83' lang='lat' dir='ltr'><strong>circa</strong></span> <span class='ocrx_word' id='word_1_33' title='bbox 536 1296 629 1332; x_wconf 82' lang='grc'><strong>400444.</strong></span> 
     </span>
    </p>
   </div>
   <div class='ocr_carea' id='block_1_5' title="bbox 121 1457 1271 4360">
    <p class='ocr_par' dir='ltr' id='par_1_5' title="bbox 122 1457 1271 1895">
     <span class='ocr_line' id='line_1_8' title="bbox 124 1457 1203 1514; baseline 0.006 -6"><span class='ocrx_word' id='word_1_34' title='bbox 124 1461 188 1510; x_wconf 86' lang='lat' dir='ltr'><strong>mine</strong></span> <span class='ocrx_word' id='word_1_35' title='bbox 200 1460 316 1510; x_wconf 78' lang='lat' dir='ltr'><strong>eundem</strong></span> <span class='ocrx_word' id='word_1_36' title='bbox 328 1458 465 1510; x_wconf 83' lang='lat' dir='ltr'><strong>hominem</strong></span> <span class='ocrx_word' id='word_1_37' title='bbox 482 1457 523 1509; x_wconf 88' lang='lat' dir='ltr'><strong>bis</strong></span> <span class='ocrx_word' id='word_1_38' title='bbox 535 1458 641 1509; x_wconf 86' lang='lat' dir='ltr'><strong>diverso</strong></span> <span class='ocrx_word' id='word_1_39' title='bbox 679 1463 720 1510; x_wconf 87' lang='lat' dir='ltr'><strong>est</strong></span> <span class='ocrx_word' id='word_1_40' title='bbox 735 1460 835 1510; x_wconf 83' lang='lat' dir='ltr'><strong>Latina.</strong></span> <span class='ocrx_word' id='word_1_41' title='bbox 855 1461 910 1510; x_wconf 85' lang='lat' dir='ltr'><strong>Cic.</strong></span> <span class='ocrx_word' id='word_1_42' title='bbox 924 1461 990 1511; x_wconf 86' lang='lat' dir='ltr'><strong>Tim.</strong></span> <span class='ocrx_word' id='word_1_43' title='bbox 1004 1462 1014 1510; x_wconf 99' lang='grc'><strong>4</strong></span> <span class='ocrx_word' id='word_1_44' title='bbox 1028 1476 1033 1509; x_wconf 90' lang='lat'>:</span> <span class='ocrx_word' id='word_1_45' title='bbox 1051 1463 1132 1513; x_wconf 81' lang='grc'><strong>044440</strong></span> <span class='ocrx_word' id='word_1_46' title='bbox 1146 1468 1203 1514; x_wconf 82' lang='grc'><strong>44404</strong></span> 
     </span>
     <span class='ocr_line' id='line_1_9' title="bbox 124 1532 1203 1598; baseline 0.006 -16"><span class='ocrx_word' id='word_1_47' title='bbox 124 1535 223 1584; x_wconf 87' lang='lat' dir='ltr'><strong>nomine</strong></span> <span class='ocrx_word' id='word_1_48' title='bbox 240 1532 400 1597; x_wconf 81' lang='lat' dir='ltr'><strong>alloquitur,</strong></span> <span class='ocrx_word' id='word_1_49' title='bbox 426 1534 543 1598; x_wconf 92' lang='lat' dir='ltr'><strong>primum</strong></span> <span class='ocrx_word' id='word_1_50' title='bbox 561 1545 641 1596; x_wconf 86' lang='lat' dir='ltr'><strong>prae·</strong></span> <span class='ocrx_word' id='word_1_51' title='bbox 677 1547 695 1583; x_wconf 85' lang='grc'><strong>0</strong></span> <span class='ocrx_word' id='word_1_52' title='bbox 714 1533 990 1586; x_wconf 75' lang='grc'><strong>40444--4304440400</strong></span> <span class='ocrx_word' id='word_1_53' title='bbox 1005 1549 1075 1586; x_wconf 78' lang='lat' dir='ltr'><strong>moro</strong></span> <span class='ocrx_word' id='word_1_54' title='bbox 1092 1542 1115 1587; x_wconf 85' lang='grc'><strong>04</strong></span> <span class='ocrx_word' id='word_1_55' title='bbox 1129 1540 1203 1589; x_wconf 77' lang='lat' dir='ltr'><strong>niodo</strong></span> 
     </span>
     <span class='ocr_line' id='line_1_10' title="bbox 123 1606 1203 1676; baseline 0.006 -21"><span class='ocrx_word' id='word_1_56' title='bbox 123 1609 236 1666; x_wconf 83' lang='lat' dir='ltr'><strong>nomine,</strong></span> <span class='ocrx_word' id='word_1_57' title='bbox 256 1608 283 1657; x_wconf 89' lang='lat' dir='ltr'><strong>id</strong></span> <span class='ocrx_word' id='word_1_58' title='bbox 300 1607 372 1670; x_wconf 92' lang='lat' dir='ltr'><strong>quod</strong></span> <span class='ocrx_word' id='word_1_59' title='bbox 390 1606 571 1657; x_wconf 90' lang='lat' dir='ltr'><strong>lamiliaritatis</strong></span> <span class='ocrx_word' id='word_1_60' title='bbox 584 1608 639 1666; x_wconf 89' lang='lat' dir='ltr'><strong>est,</strong></span> <span class='ocrx_word' id='word_1_61' title='bbox 677 1608 813 1670; x_wconf 79' lang='grc' dir='ltr'><strong>4444ρο4440.</strong></span> <span class='ocrx_word' id='word_1_62' title='bbox 827 1607 932 1669; x_wconf 82' lang='lat' dir='ltr'><strong>Quintil.</strong></span> <span class='ocrx_word' id='word_1_63' title='bbox 944 1610 971 1658; x_wconf 95' lang='grc'><strong>44</strong></span> <span class='ocrx_word' id='word_1_64' title='bbox 985 1648 991 1670; x_wconf 97' lang='grc'><strong>,</strong></span> <span class='ocrx_word' id='word_1_65' title='bbox 1005 1611 1033 1671; x_wconf 94' lang='grc'><strong>4,</strong></span> <span class='ocrx_word' id='word_1_66' title='bbox 1046 1611 1093 1660; x_wconf 76' lang='lat'><strong>29:</strong></span> <span class='ocrx_word' id='word_1_67' title='bbox 1111 1614 1203 1676; x_wconf 74' lang='grc'><strong>000044</strong></span> 
     </span>
     <span class='ocr_line' id='line_1_11' title="bbox 123 1679 1271 1745; baseline 0.006 -15"><span class='ocrx_word' id='word_1_68' title='bbox 123 1681 243 1732; x_wconf 81' lang='lat' dir='ltr'><strong>hocloco</strong></span> <span class='ocrx_word' id='word_1_69' title='bbox 260 1679 525 1744; x_wconf 76' lang='lat' dir='ltr'><strong>nominegendiicto.</strong></span> <span class='ocrx_word' id='word_1_70' title='bbox 543 1681 639 1745; x_wconf 88' lang='lat' dir='ltr'><strong>partim</strong></span> <span class='ocrx_word' id='word_1_71' title='bbox 677 1695 747 1732; x_wconf 76' lang='lat' dir='ltr'><strong>more</strong></span> <span class='ocrx_word' id='word_1_72' title='bbox 762 1695 794 1732; x_wconf 88' lang='grc'><strong>00</strong></span> <span class='ocrx_word' id='word_1_73' title='bbox 809 1683 891 1732; x_wconf 82' lang='lat' dir='ltr'><strong>modo.</strong></span> <span class='ocrx_word' id='word_1_74' title='bbox 909 1684 966 1733; x_wconf 84' lang='grc'><strong>4404</strong></span> <span class='ocrx_word' id='word_1_75' title='bbox 982 1686 1102 1735; x_wconf 84' lang='lat' dir='ltr'><strong>naturam</strong></span> <span class='ocrx_word' id='word_1_76' title='bbox 1120 1689 1147 1737; x_wconf 88' lang='lat' dir='ltr'><strong>et</strong></span> <span class='ocrx_word' id='word_1_77' title='bbox 1165 1688 1203 1737; x_wconf 94' lang='lat' dir='ltr'><strong>in-</strong></span> <span class='ocrx_word' id='word_1_78' title='bbox 1268 1707 1271 1712; x_wconf 96' lang='lat'>·</span> 
     </span>
     <span class='ocr_line' id='line_1_12' title="bbox 123 1755 1204 1820; baseline 0.005 -14"><span class='ocrx_word' id='word_1_79' title='bbox 123 1759 150 1806; x_wconf 87' lang='lat' dir='ltr'><strong>ut</strong></span> <span class='ocrx_word' id='word_1_80' title='bbox 171 1755 241 1806; x_wconf 91' lang='lat' dir='ltr'><strong>illum</strong></span> <span class='ocrx_word' id='word_1_81' title='bbox 269 1758 368 1806; x_wconf 81' lang='lat' dir='ltr'><strong>testem</strong></span> <span class='ocrx_word' id='word_1_82' title='bbox 398 1767 464 1805; x_wconf 87' lang='lat' dir='ltr'><strong>suae</strong></span> <span class='ocrx_word' id='word_1_83' title='bbox 492 1755 640 1805; x_wconf 78' lang='lat' dir='ltr'><strong>sententiae</strong></span> <span class='ocrx_word' id='word_1_84' title='bbox 677 1758 800 1820; x_wconf 75' lang='lat' dir='ltr'><strong>genium,</strong></span> <span class='ocrx_word' id='word_1_85' title='bbox 826 1758 914 1806; x_wconf 81' lang='grc'><strong>4440404</strong></span> <span class='ocrx_word' id='word_1_86' title='bbox 935 1770 1015 1808; x_wconf 80' lang='lat' dir='ltr'><strong>usum</strong></span> <span class='ocrx_word' id='word_1_87' title='bbox 1038 1761 1065 1809; x_wconf 88' lang='lat' dir='ltr'><strong>et</strong></span> <span class='ocrx_word' id='word_1_88' title='bbox 1087 1773 1204 1811; x_wconf 83' lang='lat' dir='ltr'><strong>consue-</strong></span> 
     </span>
     <span class='ocr_line' id='line_1_13' title="bbox 122 1829 955 1895; baseline 0.004 -16"><span class='ocrx_word' id='word_1_89' title='bbox 122 1830 230 1881; x_wconf 84' lang='lat' dir='ltr'><strong>advooet</strong></span> <span class='ocrx_word' id='word_1_90' title='bbox 249 1835 271 1893; x_wconf 77' lang='grc'><strong>44</strong></span> <span class='ocrx_word' id='word_1_91' title='bbox 258 1831 305 1880; x_wconf 74' lang='lat' dir='ltr'><strong>«ut</strong></span> <span class='ocrx_word' id='word_1_92' title='bbox 321 1831 406 1880; x_wconf 83' lang='lat' dir='ltr'><strong>tumet</strong></span> <span class='ocrx_word' id='word_1_93' title='bbox 432 1830 505 1891; x_wconf 79' lang='lat' dir='ltr'><strong>ipse.</strong></span> <span class='ocrx_word' id='word_1_94' title='bbox 535 1829 640 1887; x_wconf 76' lang='lat' dir='ltr'><strong>Antoni,</strong></span> <span class='ocrx_word' id='word_1_95' title='bbox 678 1831 798 1882; x_wconf 86' lang='lat' dir='ltr'><strong>tudinem</strong></span> <span class='ocrx_word' id='word_1_96' title='bbox 816 1831 955 1895; x_wconf 74' lang='lat' dir='ltr'><strong>significat.</strong></span> 
     </span>
    </p>

    <p class='ocr_par' dir='ltr' id='par_1_6' title="bbox 121 1902 1210 4360">
     <span class='ocr_line' id='line_1_14' title="bbox 123 1902 1202 1978; baseline 0.003 -23"><span class='ocrx_word' id='word_1_97' title='bbox 123 1904 200 1968; x_wconf 86' lang='lat' dir='ltr'><strong>probe</strong></span> <span class='ocrx_word' id='word_1_98' title='bbox 217 1905 329 1968; x_wconf 84' lang='grc'><strong>4404444),</strong></span> <span class='ocrx_word' id='word_1_99' title='bbox 346 1904 458 1968; x_wconf 84' lang='lat' dir='ltr'><strong>partim,</strong></span> <span class='ocrx_word' id='word_1_100' title='bbox 478 1914 531 1965; x_wconf 90' lang='lat' dir='ltr'><strong>quo</strong></span> <span class='ocrx_word' id='word_1_101' title='bbox 548 1902 643 1953; x_wconf 83' lang='grc'><strong>4444044-</strong></span> <span class='ocrx_word' id='word_1_102' title='bbox 710 1908 752 1956; x_wconf 78' lang='grc'><strong>444.</strong></span> <span class='ocrx_word' id='word_1_103' title='bbox 771 1907 811 1957; x_wconf 90' lang='grc'><strong>344.</strong></span> <span class='ocrx_word' id='word_1_104' title='bbox 829 1907 965 1970; x_wconf 69' lang='lat' dir='ltr'><strong>corpedo]</strong></span> <span class='ocrx_word' id='word_1_105' title='bbox 984 1904 1202 1978; x_wconf 70' lang='grc' dir='ltr'><strong>44ρεπτομένης,</strong></span> 
     </span>
     <span class='ocr_line' id='line_1_15' title="bbox 123 1977 1202 2044; baseline 0.004 -14"><span class='ocrx_word' id='word_1_106' title='bbox 123 1983 175 2030; x_wconf 90' lang='lat' dir='ltr'><strong>tum</strong></span> <span class='ocrx_word' id='word_1_107' title='bbox 194 1979 243 2030; x_wconf 86' lang='lat' dir='ltr'><strong>sibi</strong></span> <span class='ocrx_word' id='word_1_108' title='bbox 273 1980 352 2043; x_wconf 87' lang='lat' dir='ltr'><strong>paret</strong></span> <span class='ocrx_word' id='word_1_109' title='bbox 368 1978 404 2028; x_wconf 90' lang='lat' dir='ltr'><strong>ad</strong></span> <span class='ocrx_word' id='word_1_110' title='bbox 425 1991 482 2041; x_wconf 82' lang='lat' dir='ltr'><strong>seq.</strong></span> <span class='ocrx_word' id='word_1_111' title='bbox 506 1977 643 2028; x_wconf 82' lang='lat' dir='ltr'><strong>allocutio-</strong></span> <span class='ocrx_word' id='word_1_112' title='bbox 679 1995 792 2032; x_wconf 84' lang='lat' dir='ltr'><strong>succum</strong></span> <span class='ocrx_word' id='word_1_113' title='bbox 816 1981 934 2043; x_wconf 79' lang='lat' dir='ltr'><strong>sugentis</strong></span> <span class='ocrx_word' id='word_1_114' title='bbox 966 1995 998 2031; x_wconf 87' lang='grc'><strong>04</strong></span> <span class='ocrx_word' id='word_1_115' title='bbox 1024 1983 1202 2044; x_wconf 77' lang='lat' dir='ltr'><strong>thymo·-</strong></span> 
     </span>
     <span class='ocr_line' id='line_1_16' title="bbox 123 2054 1205 2118; baseline 0.004 -14"><span class='ocrx_word' id='word_1_116' title='bbox 123 2068 182 2106; x_wconf 88' lang='lat' dir='ltr'><strong>oem</strong></span> <span class='ocrx_word' id='word_1_117' title='bbox 204 2055 324 2106; x_wconf 79' lang='grc'><strong>00004044</strong></span> <span class='ocrx_word' id='word_1_118' title='bbox 349 2054 419 2114; x_wconf 80' lang='lat' dir='ltr'><strong>oet,</strong></span> <span class='ocrx_word' id='word_1_119' title='bbox 446 2064 516 2116; x_wconf 82' lang='lat' dir='ltr'><strong>quae</strong></span> <span class='ocrx_word' id='word_1_120' title='bbox 542 2054 642 2102; x_wconf 84' lang='lat' dir='ltr'><strong>omisso</strong></span> <span class='ocrx_word' id='word_1_121' title='bbox 679 2055 860 2118; x_wconf 75' lang='lat' dir='ltr'><strong>iiipmu1ilirg</strong></span> <span class='ocrx_word' id='word_1_122' title='bbox 880 2057 927 2105; x_wconf 83' lang='lat' dir='ltr'><strong>Ge.</strong></span> <span class='ocrx_word' id='word_1_123' title='bbox 949 2054 979 2116; x_wconf 97' lang='grc'><strong>4,</strong></span> <span class='ocrx_word' id='word_1_124' title='bbox 1000 2057 1061 2106; x_wconf 84' lang='grc'><strong>469;</strong></span> <span class='ocrx_word' id='word_1_125' title='bbox 1080 2059 1205 2108; x_wconf 81' lang='grc'><strong>44404044-</strong></span> 
     </span>
     <span class='ocr_line' id='line_1_17' title="bbox 123 2125 1205 2193; baseline 0.004 -15"><span class='ocrx_word' id='word_1_126' title='bbox 123 2130 146 2179; x_wconf 88' lang='grc'><strong>40</strong></span> <span class='ocrx_word' id='word_1_127' title='bbox 161 2129 298 2193; x_wconf 76' lang='lat' dir='ltr'><strong>prioribus</strong></span> <span class='ocrx_word' id='word_1_128' title='bbox 315 2129 422 2178; x_wconf 85' lang='lat' dir='ltr'><strong>nomine</strong></span> <span class='ocrx_word' id='word_1_129' title='bbox 440 2128 518 2178; x_wconf 84' lang='lat' dir='ltr'><strong>amici</strong></span> <span class='ocrx_word' id='word_1_130' title='bbox 541 2125 643 2189; x_wconf 79' lang='lat' dir='ltr'><strong>langui·</strong></span> <span class='ocrx_word' id='word_1_131' title='bbox 679 2142 727 2191; x_wconf 78' lang='lat' dir='ltr'><strong>qua</strong></span> <span class='ocrx_word' id='word_1_132' title='bbox 744 2130 827 2190; x_wconf 76' lang='grc'><strong>440040</strong></span> <span class='ocrx_word' id='word_1_133' title='bbox 843 2130 992 2192; x_wconf 73' lang='grc'><strong>4400404440</strong></span> <span class='ocrx_word' id='word_1_134' title='bbox 1007 2131 1090 2180; x_wconf 76' lang='lat' dir='ltr'><strong>meda.</strong></span> <span class='ocrx_word' id='word_1_135' title='bbox 1123 2131 1205 2182; x_wconf 87' lang='lat' dir='ltr'><strong>Colu-</strong></span> 
     </span>
     <span class='ocr_line' id='line_1_18' title="bbox 123 2202 1207 2267; baseline -0.001 -15"><span class='ocrx_word' id='word_1_136' title='bbox 123 2202 225 2254; x_wconf 86' lang='lat' dir='ltr'><strong>dissima</strong></span> <span class='ocrx_word' id='word_1_137' title='bbox 234 2203 374 2254; x_wconf 83' lang='lat' dir='ltr'><strong>evasisset.</strong></span> <span class='ocrx_word' id='word_1_138' title='bbox 387 2229 415 2238; x_wconf 97' lang='lat'>—</span> <span class='ocrx_word' id='word_1_139' title='bbox 425 2202 529 2266; x_wconf 80' lang='grc'><strong>4400404]</strong></span> <span class='ocrx_word' id='word_1_140' title='bbox 543 2202 644 2264; x_wconf 71' lang='grc'><strong>440440-</strong></span> <span class='ocrx_word' id='word_1_141' title='bbox 681 2202 759 2254; x_wconf 84' lang='lat' dir='ltr'><strong>mella</strong></span> <span class='ocrx_word' id='word_1_142' title='bbox 768 2203 792 2264; x_wconf 89' lang='lat'><strong>9,</strong></span> <span class='ocrx_word' id='word_1_143' title='bbox 805 2203 867 2264; x_wconf 86' lang='grc'><strong>4,6;</strong></span> <span class='ocrx_word' id='word_1_144' title='bbox 881 2203 1207 2267; x_wconf 70' lang='grc'><strong>80404444440004004400440</strong></span> 
     </span>
     <span class='ocr_line' id='line_1_19' title="bbox 123 2275 1205 2342; baseline 0.006 -16"><span class='ocrx_word' id='word_1_145' title='bbox 123 2290 190 2328; x_wconf 81' lang='lat' dir='ltr'><strong>nes.»</strong></span> <span class='ocrx_word' id='word_1_146' title='bbox 220 2275 347 2328; x_wconf 82' lang='lat' dir='ltr'><strong>Similiter</strong></span> <span class='ocrx_word' id='word_1_147' title='bbox 366 2277 426 2326; x_wconf 86' lang='lat' dir='ltr'><strong>Tae.</strong></span> <span class='ocrx_word' id='word_1_148' title='bbox 448 2279 515 2326; x_wconf 78' lang='lat' dir='ltr'><strong>nnn.</strong></span> <span class='ocrx_word' id='word_1_149' title='bbox 537 2277 567 2335; x_wconf 78' lang='grc'><strong>4,</strong></span> <span class='ocrx_word' id='word_1_150' title='bbox 592 2275 641 2324; x_wconf 75' lang='grc' dir='ltr'><strong>43ι</strong></span> <span class='ocrx_word' id='word_1_151' title='bbox 679 2278 762 2328; x_wconf 81' lang='lat' dir='ltr'><strong>reddit</strong></span> <span class='ocrx_word' id='word_1_152' title='bbox 785 2277 891 2338; x_wconf 76' lang='grc'><strong>4444404444,</strong></span> <span class='ocrx_word' id='word_1_153' title='bbox 933 2277 1115 2342; x_wconf 81' lang='lat' dir='ltr'><strong>Metapborico</strong></span> <span class='ocrx_word' id='word_1_154' title='bbox 1141 2281 1205 2332; x_wconf 84' lang='lat' dir='ltr'><strong>item</strong></span> 
     </span>
     <span class='ocr_line' id='line_1_20' title="bbox 123 2348 1206 2417; baseline 0.005 -17"><span class='ocrx_word' id='word_1_155' title='bbox 123 2353 214 2402; x_wconf 73' lang='lat' dir='ltr'><strong>Auster</strong></span> <span class='ocrx_word' id='word_1_156' title='bbox 229 2353 351 2401; x_wconf 80' lang='grc'><strong>4444044440</strong></span> <span class='ocrx_word' id='word_1_157' title='bbox 367 2349 471 2400; x_wconf 83' lang='lat' dir='ltr'><strong>nubium</strong></span> <span class='ocrx_word' id='word_1_158' title='bbox 488 2348 645 2399; x_wconf 80' lang='grc'><strong>4400400044-</strong></span> <span class='ocrx_word' id='word_1_159' title='bbox 680 2353 747 2417; x_wconf 85' lang='lat' dir='ltr'><strong>Epp.</strong></span> <span class='ocrx_word' id='word_1_160' title='bbox 767 2354 797 2412; x_wconf 96' lang='grc'><strong>4,</strong></span> <span class='ocrx_word' id='word_1_161' title='bbox 819 2353 849 2412; x_wconf 91' lang='grc'><strong>3,</strong></span> <span class='ocrx_word' id='word_1_162' title='bbox 870 2352 917 2402; x_wconf 75' lang='lat' dir='ltr'><strong>tu:</strong></span> <span class='ocrx_word' id='word_1_163' title='bbox 947 2352 1001 2414; x_wconf 76' lang='lat' dir='ltr'><strong>lpse</strong></span> <span class='ocrx_word' id='word_1_164' title='bbox 1026 2353 1086 2413; x_wconf 79' lang='lat' dir='ltr'><strong>quid</strong></span> <span class='ocrx_word' id='word_1_165' title='bbox 1107 2355 1206 2405; x_wconf 81' lang='grc'><strong>044044</strong></span> 
     </span>
     <span class='ocr_line' id='line_1_21' title="bbox 122 2425 1204 2490; baseline 0.002 -14"><span class='ocrx_word' id='word_1_166' title='bbox 122 2425 170 2476; x_wconf 80' lang='lat' dir='ltr'><strong>diu.</strong></span> <span class='ocrx_word' id='word_1_167' title='bbox 191 2455 218 2464; x_wconf 88' lang='lat'>-</span> <span class='ocrx_word' id='word_1_168' title='bbox 242 2427 310 2490; x_wconf 77' lang='lat' dir='ltr'><strong>apis]</strong></span> <span class='ocrx_word' id='word_1_169' title='bbox 328 2427 465 2488; x_wconf 85' lang='lat' dir='ltr'><strong>Frequens</strong></span> <span class='ocrx_word' id='word_1_170' title='bbox 483 2425 551 2474; x_wconf 85' lang='grc'><strong>44000</strong></span> <span class='ocrx_word' id='word_1_171' title='bbox 568 2436 644 2473; x_wconf 88' lang='lat' dir='ltr'><strong>oom-</strong></span> <span class='ocrx_word' id='word_1_172' title='bbox 682 2428 753 2488; x_wconf 78' lang='grc'><strong>44004</strong></span> <span class='ocrx_word' id='word_1_173' title='bbox 768 2426 1204 2490; x_wconf 70' lang='grc'><strong>440000044044044444404004-</strong></span> 
     </span>
     <span class='ocr_line' id='line_1_22' title="bbox 121 2499 1208 2566; baseline 0.003 -16"><span class='ocrx_word' id='word_1_174' title='bbox 121 2502 225 2564; x_wconf 86' lang='lat' dir='ltr'><strong>paratio</strong></span> <span class='ocrx_word' id='word_1_175' title='bbox 256 2499 452 2565; x_wconf 87' lang='lat' dir='ltr'><strong>simonidesp.</strong></span> <span class='ocrx_word' id='word_1_176' title='bbox 472 2501 512 2550; x_wconf 88' lang='lat'><strong>96.</strong></span> <span class='ocrx_word' id='word_1_177' title='bbox 532 2499 645 2550; x_wconf 79' lang='grc'><strong>80444404-</strong></span> <span class='ocrx_word' id='word_1_178' title='bbox 682 2502 774 2564; x_wconf 80' lang='lat' dir='ltr'><strong>Utique</strong></span> <span class='ocrx_word' id='word_1_179' title='bbox 792 2501 954 2565; x_wconf 81' lang='lat' dir='ltr'><strong>iungendum</strong></span> <span class='ocrx_word' id='word_1_180' title='bbox 968 2515 1017 2563; x_wconf 82' lang='lat' dir='ltr'><strong>per</strong></span> <span class='ocrx_word' id='word_1_181' title='bbox 1032 2503 1208 2566; x_wconf 74' lang='grc'><strong>4040440040-</strong></span> 
     </span>
     <span class='ocr_line' id='line_1_23' title="bbox 126 2571 1204 2661; baseline 0.007 -38"><span class='ocrx_word' id='word_1_182' title='bbox 126 2573 332 2626; x_wconf 68' lang='lat' dir='ltr'><strong>demutatum</strong></span> <span class='ocrx_word' id='word_1_183' title='bbox 356 2577 418 2625; x_wconf 91' lang='lat' dir='ltr'><strong>lone</strong></span> <span class='ocrx_word' id='word_1_184' title='bbox 437 2588 496 2661; x_wconf 80' lang='lat' dir='ltr'><strong>pag.</strong></span> <span class='ocrx_word' id='word_1_185' title='bbox 515 2573 572 2626; x_wconf 84' lang='grc'><strong>334.</strong></span> <span class='ocrx_word' id='word_1_186' title='bbox 592 2576 643 2624; x_wconf 76' lang='grc'><strong>4.;</strong></span> <span class='ocrx_word' id='word_1_187' title='bbox 680 2577 791 2634; x_wconf 81' lang='grc'><strong>4444004,</strong></span> <span class='ocrx_word' id='word_1_188' title='bbox 828 2571 917 2640; x_wconf 78' lang='grc' dir='ltr'><em>«μετὰ</em></span> <span class='ocrx_word' id='word_1_189' title='bbox 951 2572 1044 2626; x_wconf 82' lang='grc' dir='ltr'><em>πόνον</em></span> <span class='ocrx_word' id='word_1_190' title='bbox 1078 2575 1204 2638; x_wconf 79' lang='grc' dir='ltr'><strong>πολλοῦ,</strong></span> 
     </span>
     <span class='ocr_line' id='line_1_24' title="bbox 124 2647 1207 2735; baseline 0.003 -35"><span class='ocrx_word' id='word_1_191' title='bbox 124 2647 259 2716; x_wconf 79' lang='grc' dir='ltr'><strong><em>λέγουσι·</em></strong></span> <span class='ocrx_word' id='word_1_192' title='bbox 270 2649 332 2735; x_wconf 80' lang='grc' dir='ltr'><strong>γὰρ</strong></span> <span class='ocrx_word' id='word_1_193' title='bbox 346 2643 645 2732; x_wconf 75' lang='grc' dir='ltr'><em>πρὸςὴμᾶςοὶποιη-</em></span> <span class='ocrx_word' id='word_1_194' title='bbox 681 2649 828 2701; x_wconf 84' lang='lat' dir='ltr'><strong>admodum</strong></span> <span class='ocrx_word' id='word_1_195' title='bbox 845 2649 978 2700; x_wconf 79' lang='lat' dir='ltr'><strong>laboriose</strong></span> <span class='ocrx_word' id='word_1_196' title='bbox 996 2651 1207 2715; x_wconf 80' lang='lat' dir='ltr'><strong>singulosilores</strong></span> 
     </span>
     <span class='ocr_line' id='line_1_25' title="bbox 124 2717 1206 2795; baseline 0.001 -20"><span class='ocrx_word' id='word_1_197' title='bbox 124 2728 184 2788; x_wconf 83' lang='grc'><strong>404,</strong></span> <span class='ocrx_word' id='word_1_198' title='bbox 202 2717 248 2777; x_wconf 83' lang='grc' dir='ltr'><strong>ὅτι</strong></span> <span class='ocrx_word' id='word_1_199' title='bbox 258 2719 320 2776; x_wconf 81' lang='grc' dir='ltr'><strong>ἀπὸ</strong></span> <span class='ocrx_word' id='word_1_200' title='bbox 332 2721 446 2794; x_wconf 79' lang='grc' dir='ltr'><em>κρηνῶν</em></span> <span class='ocrx_word' id='word_1_201' title='bbox 456 2719 644 2795; x_wconf 77' lang='grc' dir='ltr'><strong>μελιῤῥύτων,</strong></span> <span class='ocrx_word' id='word_1_202' title='bbox 681 2723 884 2787; x_wconf 79' lang='lat' dir='ltr'><strong>supervolitans,</strong></span> <span class='ocrx_word' id='word_1_203' title='bbox 897 2726 927 2774; x_wconf 91' lang='lat' dir='ltr'><strong>ut</strong></span> <span class='ocrx_word' id='word_1_204' title='bbox 937 2723 990 2774; x_wconf 85' lang='lat' dir='ltr'><strong>mel</strong></span> <span class='ocrx_word' id='word_1_205' title='bbox 1002 2724 1063 2775; x_wconf 89' lang='lat' dir='ltr'><strong>inde</strong></span> <span class='ocrx_word' id='word_1_206' title='bbox 1076 2724 1206 2784; x_wconf 83' lang='lat' dir='ltr'><strong>delibet;</strong></span> 
     </span>
     <span class='ocr_line' id='line_1_26' title="bbox 122 2795 1208 2865; baseline 0 -15"><span class='ocrx_word' id='word_1_207' title='bbox 122 2797 151 2850; x_wconf 81' lang='grc' dir='ltr'><strong>ἐκ</strong></span> <span class='ocrx_word' id='word_1_208' title='bbox 180 2795 310 2852; x_wconf 80' lang='grc' dir='ltr'>Μουσῶν</span> <span class='ocrx_word' id='word_1_209' title='bbox 344 2797 445 2865; x_wconf 79' lang='grc' dir='ltr'><em>κήπων</em></span> <span class='ocrx_word' id='word_1_210' title='bbox 477 2796 563 2850; x_wconf 77' lang='grc' dir='ltr'><em>τινῶν</em></span> <span class='ocrx_word' id='word_1_211' title='bbox 596 2800 645 2849; x_wconf 77' lang='grc' dir='ltr'><strong>καὶ</strong></span> <span class='ocrx_word' id='word_1_212' title='bbox 682 2799 837 2861; x_wconf 85' lang='lat' dir='ltr'><strong>neutiquam</strong></span> <span class='ocrx_word' id='word_1_213' title='bbox 855 2811 921 2848; x_wconf 84' lang='lat' dir='ltr'><strong>vero</strong></span> <span class='ocrx_word' id='word_1_214' title='bbox 934 2798 1208 2850; x_wconf 77' lang='lat' dir='ltr'><strong>cumitentleiooirco</strong></span> 
     </span>
     <span class='ocr_line' id='line_1_27' title="bbox 122 2868 1205 2963; baseline 0.003 -41"><span class='ocrx_word' id='word_1_215' title='bbox 122 2874 215 2927; x_wconf 70' lang='grc' dir='ltr'><em>νωνῶν</em></span> <span class='ocrx_word' id='word_1_216' title='bbox 239 2871 412 2963; x_wconf 75' lang='grc' dir='ltr'><em>δρεπόμενοι</em></span> <span class='ocrx_word' id='word_1_217' title='bbox 429 2869 466 2925; x_wconf 82' lang='grc' dir='ltr'><strong>τὰ</strong></span> <span class='ocrx_word' id='word_1_218' title='bbox 482 2873 556 2940; x_wconf 66' lang='grc' dir='ltr'><strong>μέλη</strong></span> <span class='ocrx_word' id='word_1_219' title='bbox 573 2868 645 2941; x_wconf 78' lang='grc' dir='ltr'><em>ἡμῖν</em></span> <span class='ocrx_word' id='word_1_220' title='bbox 680 2885 768 2922; x_wconf 68' lang='lat' dir='ltr'><strong>parntes</strong></span> <span class='ocrx_word' id='word_1_221' title='bbox 780 2872 937 2934; x_wconf 76' lang='lat' dir='ltr'><strong>plurimum,</strong></span> <span class='ocrx_word' id='word_1_222' title='bbox 956 2872 983 2922; x_wconf 91' lang='grc'><strong>44</strong></span> <span class='ocrx_word' id='word_1_223' title='bbox 1001 2875 1057 2934; x_wconf 83' lang='lat' dir='ltr'><strong>est,</strong></span> <span class='ocrx_word' id='word_1_224' title='bbox 1078 2875 1205 2937; x_wconf 80' lang='lat' dir='ltr'><strong>spissum,</strong></span> 
     </span>
     <span class='ocr_line' id='line_1_28' title="bbox 123 2946 1208 3039; baseline -0.002 -39"><span class='ocrx_word' id='word_1_225' title='bbox 123 2953 257 3039; x_wconf 75' lang='grc' dir='ltr'><em>φέρουσιν</em></span> <span class='ocrx_word' id='word_1_226' title='bbox 276 2965 374 3021; x_wconf 81' lang='grc' dir='ltr'><em>ωσπερ</em></span> <span class='ocrx_word' id='word_1_227' title='bbox 391 2950 424 3000; x_wconf 80' lang='grc' dir='ltr'><strong>αἱ</strong></span> <span class='ocrx_word' id='word_1_228' title='bbox 438 2948 578 3016; x_wconf 72' lang='grc' dir='ltr'><strong>μέλιτται,</strong></span> <span class='ocrx_word' id='word_1_229' title='bbox 595 2949 645 2999; x_wconf 78' lang='grc' dir='ltr'><strong>καὶ</strong></span> <span class='ocrx_word' id='word_1_230' title='bbox 682 2949 712 2998; x_wconf 84' lang='lat' dir='ltr'><strong>ui</strong></span> <span class='ocrx_word' id='word_1_231' title='bbox 732 2947 807 2996; x_wconf 86' lang='lat' dir='ltr'><strong>ovid.</strong></span> <span class='ocrx_word' id='word_1_232' title='bbox 835 2948 896 2998; x_wconf 89' lang='grc'><strong>4404.</strong></span> <span class='ocrx_word' id='word_1_233' title='bbox 923 2946 970 3009; x_wconf 87' lang='grc'><strong>44,</strong></span> <span class='ocrx_word' id='word_1_234' title='bbox 993 2947 1056 2997; x_wconf 69' lang='grc'><strong>3644</strong></span> <span class='ocrx_word' id='word_1_235' title='bbox 1094 2949 1208 2998; x_wconf 64' lang='lat' dir='ltr'><strong>Ptin-itm</strong></span> 
     </span>
     <span class='ocr_line' id='line_1_29' title="bbox 123 3018 1207 3090; baseline -0.002 -15"><span class='ocrx_word' id='word_1_236' title='bbox 123 3018 202 3076; x_wconf 79' lang='grc' dir='ltr'><em>αὐτοὶ</em></span> <span class='ocrx_word' id='word_1_237' title='bbox 219 3020 298 3078; x_wconf 78' lang='grc' dir='ltr'><em>οὕτω</em></span> <span class='ocrx_word' id='word_1_238' title='bbox 317 3021 478 3090; x_wconf 76' lang='grc' dir='ltr'><strong>πετόμενοι.</strong></span> <span class='ocrx_word' id='word_1_239' title='bbox 509 3023 643 3088; x_wconf 81' lang='grc'><strong>44404004.</strong></span> <span class='ocrx_word' id='word_1_240' title='bbox 682 3035 735 3084; x_wconf 85' lang='lat' dir='ltr'><strong>qua</strong></span> <span class='ocrx_word' id='word_1_241' title='bbox 750 3022 814 3070; x_wconf 81' lang='grc'><strong>44400</strong></span> <span class='ocrx_word' id='word_1_242' title='bbox 838 3026 890 3081; x_wconf 81' lang='grc'><strong>044;</strong></span> <span class='ocrx_word' id='word_1_243' title='bbox 917 3033 980 3072; x_wconf 83' lang='lat' dir='ltr'><strong>nam</strong></span> <span class='ocrx_word' id='word_1_244' title='bbox 996 3021 1069 3071; x_wconf 78' lang='lat' dir='ltr'><strong>labor</strong></span> <span class='ocrx_word' id='word_1_245' title='bbox 1085 3022 1160 3072; x_wconf 87' lang='grc'><strong>440</strong></span> <span class='ocrx_word' id='word_1_246' title='bbox 1145 3037 1207 3073; x_wconf 79' lang='grc' dir='ltr'><strong><em>επι-</em></strong></span> 
     </span>
     <span class='ocr_line' id='line_1_30' title="bbox 123 3094 1205 3164; baseline -0.002 -16"><span class='ocrx_word' id='word_1_247' title='bbox 123 3101 167 3150; x_wconf 78' lang='grc'><strong>44.</strong></span> <span class='ocrx_word' id='word_1_248' title='bbox 180 3101 241 3152; x_wconf 82' lang='grc'><strong>434;</strong></span> <span class='ocrx_word' id='word_1_249' title='bbox 260 3096 370 3150; x_wconf 82' lang='grc'><strong>4440000</strong></span> <span class='ocrx_word' id='word_1_250' title='bbox 381 3099 563 3164; x_wconf 77' lang='grc' dir='ltr'><strong><em>λοχμαία</em></strong></span> <span class='ocrx_word' id='word_1_251' title='bbox 548 3094 645 3148; x_wconf 86' lang='grc' dir='ltr'><strong><em>-Ποι-</em></strong></span> <span class='ocrx_word' id='word_1_252' title='bbox 682 3095 757 3161; x_wconf 69' lang='grc'><strong>44404</strong></span> <span class='ocrx_word' id='word_1_253' title='bbox 774 3094 942 3145; x_wconf 84' lang='lat' dir='ltr'><strong>definiendus</strong></span> <span class='ocrx_word' id='word_1_254' title='bbox 954 3097 1026 3155; x_wconf 86' lang='lat' dir='ltr'><strong>erat</strong></span> <span class='ocrx_word' id='word_1_255' title='bbox 1046 3108 1098 3146; x_wconf 90' lang='lat' dir='ltr'><strong>non</strong></span> <span class='ocrx_word' id='word_1_256' title='bbox 1110 3109 1205 3158; x_wconf 79' lang='grc'><strong>0444440</strong></span> 
     </span>
     <span class='ocr_line' id='line_1_31' title="bbox 125 3165 1208 3241; baseline -0.002 -19"><span class='ocrx_word' id='word_1_257' title='bbox 125 3171 204 3240; x_wconf 74' lang='lat' dir='ltr'><strong>xth,</strong></span> <span class='ocrx_word' id='word_1_258' title='bbox 226 3165 334 3240; x_wconf 76' lang='grc' dir='ltr'><strong>μεθ’</strong></span> <span class='ocrx_word' id='word_1_259' title='bbox 314 3190 351 3240; x_wconf 83' lang='grc' dir='ltr'><strong>ης</strong></span> <span class='ocrx_word' id='word_1_260' title='bbox 373 3169 427 3241; x_wconf 78' lang='grc' dir='ltr'><strong>ἐγώ</strong></span> <span class='ocrx_word' id='word_1_261' title='bbox 447 3169 579 3223; x_wconf 77' lang='grc' dir='ltr'><strong><em>Νάπαισι</em></strong></span> <span class='ocrx_word' id='word_1_262' title='bbox 596 3173 646 3221; x_wconf 82' lang='grc' dir='ltr'><strong>καὶ</strong></span> <span class='ocrx_word' id='word_1_263' title='bbox 683 3169 756 3234; x_wconf 91' lang='lat' dir='ltr'><strong>quod</strong></span> <span class='ocrx_word' id='word_1_264' title='bbox 773 3169 799 3220; x_wconf 91' lang='lat' dir='ltr'><strong>h.</strong></span> <span class='ocrx_word' id='word_1_265' title='bbox 818 3168 835 3219; x_wconf 89' lang='lat' dir='ltr'><strong>l.</strong></span> <span class='ocrx_word' id='word_1_266' title='bbox 854 3172 944 3219; x_wconf 90' lang='lat' dir='ltr'><strong>utrum</strong></span> <span class='ocrx_word' id='word_1_267' title='bbox 961 3168 1075 3220; x_wconf 84' lang='lat' dir='ltr'><strong>densum</strong></span> <span class='ocrx_word' id='word_1_268' title='bbox 1092 3171 1126 3221; x_wconf 88' lang='lat' dir='ltr'><strong>sit</strong></span> <span class='ocrx_word' id='word_1_269' title='bbox 1143 3183 1208 3220; x_wconf 87' lang='grc'><strong>4400-</strong></span> 
     </span>
     <span class='ocr_line' id='line_1_32' title="bbox 129 3241 1209 3319; baseline -0.001 -23"><span class='ocrx_word' id='word_1_270' title='bbox 129 3256 270 3318; x_wconf 82' lang='grc' dir='ltr'><em>νορνφαῑς</em></span> <span class='ocrx_word' id='word_1_271' title='bbox 283 3247 313 3299; x_wconf 82' lang='grc' dir='ltr'><strong>ἐν</strong></span> <span class='ocrx_word' id='word_1_272' title='bbox 331 3243 491 3319; x_wconf 78' lang='grc' dir='ltr'><em>ὀρείαις--</em></span> <span class='ocrx_word' id='word_1_273' title='bbox 475 3241 647 3312; x_wconf 80' lang='grc' dir='ltr'><em>-Ἱζόμενος</em></span> <span class='ocrx_word' id='word_1_274' title='bbox 684 3258 731 3306; x_wconf 87' lang='grc'><strong>00,</strong></span> <span class='ocrx_word' id='word_1_275' title='bbox 750 3243 813 3295; x_wconf 89' lang='lat' dir='ltr'><strong>nihil</strong></span> <span class='ocrx_word' id='word_1_276' title='bbox 829 3243 971 3294; x_wconf 82' lang='lat' dir='ltr'><strong>reteri.-</strong></span> <span class='ocrx_word' id='word_1_277' title='bbox 994 3244 1101 3294; x_wconf 84' lang='lat' dir='ltr'><strong>lahnius</strong></span> <span class='ocrx_word' id='word_1_278' title='bbox 1118 3244 1209 3296; x_wconf 88' lang='lat' dir='ltr'><strong>distin·</strong></span> 
     </span>
     <span class='ocr_line' id='line_1_33' title="bbox 126 3319 1209 3388; baseline -0.005 -14"><span class='ocrx_word' id='word_1_279' title='bbox 126 3321 223 3387; x_wconf 76' lang='grc' dir='ltr'><strong><em>μελίας</em></strong></span> <span class='ocrx_word' id='word_1_280' title='bbox 247 3323 295 3374; x_wconf 74' lang='grc'><strong>444</strong></span> <span class='ocrx_word' id='word_1_281' title='bbox 318 3319 560 3388; x_wconf 59' lang='lat' dir='ltr'><strong>pomonam„</strong></span> <span class='ocrx_word' id='word_1_282' title='bbox 546 3321 647 3371; x_wconf 76' lang='grc' dir='ltr'><em>-Πανὶ</em></span> <span class='ocrx_word' id='word_1_283' title='bbox 684 3321 736 3369; x_wconf 85' lang='lat' dir='ltr'><strong>xit:</strong></span> <span class='ocrx_word' id='word_1_284' title='bbox 755 3321 821 3382; x_wconf 77' lang='lat' dir='ltr'><strong>Epo,</strong></span> <span class='ocrx_word' id='word_1_285' title='bbox 841 3319 897 3380; x_wconf 80' lang='lat' dir='ltr'><strong>apis</strong></span> <span class='ocrx_word' id='word_1_286' title='bbox 906 3319 1074 3368; x_wconf 83' lang='grc'><strong>44044000--</strong></span> <span class='ocrx_word' id='word_1_287' title='bbox 1085 3319 1209 3370; x_wconf 76' lang='grc'><strong>-4440444</strong></span> 
     </span>
     <span class='ocr_line' id='line_1_34' title="bbox 124 3391 1210 3484; baseline -0.002 -38"><span class='ocrx_word' id='word_1_288' title='bbox 124 3392 536 3484; x_wconf 51' lang='lat' dir='ltr'><strong>vopovgupovgctwspatvom</strong></span> <span class='ocrx_word' id='word_1_289' title='bbox 524 3391 645 3455; x_wconf 37' lang='lat' dir='ltr'><strong>-NJEvdrv</strong></span> <span class='ocrx_word' id='word_1_290' title='bbox 683 3395 768 3456; x_wconf 81' lang='lat' dir='ltr'><strong>ripas,</strong></span> <span class='ocrx_word' id='word_1_291' title='bbox 787 3407 893 3455; x_wconf 79' lang='lat' dir='ltr'><strong>operosa</strong></span> <span class='ocrx_word' id='word_1_292' title='bbox 910 3395 962 3444; x_wconf 87' lang='lat' dir='ltr'><strong>oet.</strong></span> <span class='ocrx_word' id='word_1_293' title='bbox 997 3394 1030 3443; x_wconf 90' lang='grc'><strong>44</strong></span> <span class='ocrx_word' id='word_1_294' title='bbox 1047 3393 1109 3444; x_wconf 87' lang='lat' dir='ltr'><strong>huic</strong></span> <span class='ocrx_word' id='word_1_295' title='bbox 1129 3396 1210 3444; x_wconf 88' lang='lat' dir='ltr'><strong>inter-</strong></span> 
     </span>
     <span class='ocr_line' id='line_1_35' title="bbox 124 3465 1206 3564; baseline -0.001 -45"><span class='ocrx_word' id='word_1_296' title='bbox 124 3465 381 3564; x_wconf 60' lang='lat' dir='ltr'><strong>ooneprjpa&#39;brfa,</strong></span> <span class='ocrx_word' id='word_1_297' title='bbox 389 3468 648 3542; x_wconf 73' lang='grc' dir='ltr'><em>Φρύνιχοςάμβρο-</em></span> <span class='ocrx_word' id='word_1_298' title='bbox 684 3469 823 3535; x_wconf 84' lang='lat' dir='ltr'><strong>pretationi</strong></span> <span class='ocrx_word' id='word_1_299' title='bbox 849 3471 981 3532; x_wconf 78' lang='lat' dir='ltr'><strong>repugnat</strong></span> <span class='ocrx_word' id='word_1_300' title='bbox 1008 3469 1064 3530; x_wconf 80' lang='lat' dir='ltr'><strong>apia</strong></span> <span class='ocrx_word' id='word_1_301' title='bbox 1090 3469 1206 3530; x_wconf 83' lang='grc'><strong>4404400,</strong></span> 
     </span>
     <span class='ocr_line' id='line_1_36' title="bbox 124 3507 1208 3617; baseline -0.004 -21"><span class='ocrx_word' id='word_1_302' title='bbox 124 3549 191 3598; x_wconf 82' lang='grc' dir='ltr'><em>σίων</em></span> <span class='ocrx_word' id='word_1_303' title='bbox 202 3545 313 3613; x_wconf 77' lang='grc' dir='ltr'><em>μελέων</em></span> <span class='ocrx_word' id='word_1_304' title='bbox 325 3541 507 3608; x_wconf 78' lang='grc' dir='ltr'><em>ανεβόσκετο</em></span> <span class='ocrx_word' id='word_1_305' title='bbox 524 3545 646 3617; x_wconf 78' lang='grc' dir='ltr'><strong>καρπόν,</strong></span> <span class='ocrx_word' id='word_1_306' title='bbox 684 3543 809 3608; x_wconf 84' lang='lat' dir='ltr'><strong>Apulioa,</strong></span> <span class='ocrx_word' id='word_1_307' title='bbox 847 3556 917 3606; x_wconf 84' lang='lat' dir='ltr'><strong>quae</strong></span> <span class='ocrx_word' id='word_1_308' title='bbox 954 3544 1025 3592; x_wconf 84' lang='lat' dir='ltr'><strong>oiron</strong></span> <span class='ocrx_word' id='word_1_309' title='bbox 1055 3543 1129 3593; x_wconf 76' lang='lat' dir='ltr'><strong>Tibur</strong></span> <span class='ocrx_word' id='word_1_310' title='bbox 1155 3507 1208 3594; x_wconf 82' lang='lat' dir='ltr'><strong>mel</strong></span> 
     </span>
     <span class='ocr_line' id='line_1_37' title="bbox 124 3614 1209 3694; baseline -0.002 -24"><span class='ocrx_word' id='word_1_311' title='bbox 124 3614 168 3672; x_wconf 79' lang='grc'><strong>0404</strong></span> <span class='ocrx_word' id='word_1_312' title='bbox 183 3623 281 3694; x_wconf 80' lang='grc' dir='ltr'><em>φέρων</em></span> <span class='ocrx_word' id='word_1_313' title='bbox 298 3621 431 3689; x_wconf 78' lang='grc' dir='ltr'><strong>γλυκεῖαν</strong></span> <span class='ocrx_word' id='word_1_314' title='bbox 448 3618 534 3689; x_wconf 76' lang='grc' dir='ltr'><strong>ᾠδάν.</strong></span> <span class='ocrx_word' id='word_1_315' title='bbox 564 3624 645 3672; x_wconf 86' lang='lat' dir='ltr'><strong>Leon.</strong></span> <span class='ocrx_word' id='word_1_316' title='bbox 685 3618 808 3681; x_wconf 80' lang='lat' dir='ltr'><strong>colligere</strong></span> <span class='ocrx_word' id='word_1_317' title='bbox 822 3632 876 3668; x_wconf 89' lang='lat' dir='ltr'><strong>non</strong></span> <span class='ocrx_word' id='word_1_318' title='bbox 892 3620 989 3682; x_wconf 84' lang='lat' dir='ltr'><strong>potest.</strong></span> <span class='ocrx_word' id='word_1_319' title='bbox 1013 3617 1151 3670; x_wconf 84' lang='grc'><strong>4400440440</strong></span> <span class='ocrx_word' id='word_1_320' title='bbox 1169 3617 1209 3668; x_wconf 92' lang='grc'><strong>40-</strong></span> 
     </span>
     <span class='ocr_line' id='line_1_38' title="bbox 124 3691 1210 3762; baseline -0.004 -17"><span class='ocrx_word' id='word_1_321' title='bbox 124 3697 179 3746; x_wconf 83' lang='grc'><strong>404.</strong></span> <span class='ocrx_word' id='word_1_322' title='bbox 192 3698 271 3748; x_wconf 84' lang='grc'><strong>444444</strong></span> <span class='ocrx_word' id='word_1_323' title='bbox 286 3696 339 3747; x_wconf 82' lang='lat' dir='ltr'><strong>Pal</strong></span> <span class='ocrx_word' id='word_1_324' title='bbox 355 3699 374 3747; x_wconf 95' lang='lat' dir='ltr'><strong>l.</strong></span> <span class='ocrx_word' id='word_1_325' title='bbox 394 3711 421 3762; x_wconf 93' lang='lat' dir='ltr'><strong>p.</strong></span> <span class='ocrx_word' id='word_1_326' title='bbox 438 3697 495 3748; x_wconf 81' lang='lat'>309.</span> <span class='ocrx_word' id='word_1_327' title='bbox 520 3697 647 3748; x_wconf 87' lang='lat' dir='ltr'><strong>Erinnam</strong></span> <span class='ocrx_word' id='word_1_328' title='bbox 684 3695 775 3758; x_wconf 93' lang='lat' dir='ltr'><strong>quitur</strong></span> <span class='ocrx_word' id='word_1_329' title='bbox 792 3693 826 3744; x_wconf 87' lang='grc'><strong>40</strong></span> <span class='ocrx_word' id='word_1_330' title='bbox 842 3705 943 3742; x_wconf 76' lang='lat' dir='ltr'><strong>nemore</strong></span> <span class='ocrx_word' id='word_1_331' title='bbox 959 3693 1031 3743; x_wconf 83' lang='grc'><strong>044044</strong></span> <span class='ocrx_word' id='word_1_332' title='bbox 1042 3691 1123 3743; x_wconf 82' lang='lat' dir='ltr'><strong>Tibur</strong></span> <span class='ocrx_word' id='word_1_333' title='bbox 1135 3693 1210 3755; x_wconf 83' lang='grc'><strong>(4404-</strong></span> 
     </span>
     <span class='ocr_line' id='line_1_39' title="bbox 124 3765 1208 3837; baseline -0.003 -17"><span class='ocrx_word' id='word_1_334' title='bbox 124 3773 200 3822; x_wconf 81' lang='lat' dir='ltr'><strong>vocat</strong></span> <span class='ocrx_word' id='word_1_335' title='bbox 209 3770 397 3837; x_wconf 70' lang='grc' dir='ltr'><em>μέλισσαν</em></span> <span class='ocrx_word' id='word_1_336' title='bbox 385 3769 538 3823; x_wconf 85' lang='grc' dir='ltr'><em>Μ-ονσῶν</em></span> <span class='ocrx_word' id='word_1_337' title='bbox 554 3765 648 3822; x_wconf 75' lang='grc' dir='ltr'><em>ἄνθεα</em></span> <span class='ocrx_word' id='word_1_338' title='bbox 686 3767 738 3819; x_wconf 84' lang='lat' dir='ltr'><strong>tiul.</strong></span> <span class='ocrx_word' id='word_1_339' title='bbox 758 3771 787 3829; x_wconf 94' lang='grc'><strong>4,</strong></span> <span class='ocrx_word' id='word_1_340' title='bbox 808 3768 853 3818; x_wconf 77' lang='grc' dir='ltr'><strong>43ε</strong></span> <span class='ocrx_word' id='word_1_341' title='bbox 880 3768 977 3818; x_wconf 68' lang='lat' dir='ltr'><strong>Tiburis</strong></span> <span class='ocrx_word' id='word_1_342' title='bbox 993 3781 1095 3818; x_wconf 82' lang='grc'><strong>04004-</strong></span> <span class='ocrx_word' id='word_1_343' title='bbox 1106 3769 1208 3818; x_wconf 81' lang='grc'><strong>-44040</strong></span> 
     </span>
     <span class='ocr_line' id='line_1_40' title="bbox 124 3843 1209 3916; baseline -0.002 -22"><span class='ocrx_word' id='word_1_344' title='bbox 124 3843 328 3916; x_wconf 68' lang='grc' dir='ltr'><strong>δρεπομέναν,</strong></span> <span class='ocrx_word' id='word_1_345' title='bbox 351 3850 378 3897; x_wconf 87' lang='lat' dir='ltr'><strong>et</strong></span> <span class='ocrx_word' id='word_1_346' title='bbox 394 3847 540 3911; x_wconf 86' lang='lat' dir='ltr'><strong>Sophocles</strong></span> <span class='ocrx_word' id='word_1_347' title='bbox 559 3848 647 3898; x_wconf 87' lang='lat' dir='ltr'><strong>dictus</strong></span> <span class='ocrx_word' id='word_1_348' title='bbox 683 3855 818 3904; x_wconf 75' lang='grc'><strong>4404444004</strong></span> <span class='ocrx_word' id='word_1_349' title='bbox 841 3855 943 3892; x_wconf 79' lang='lat' dir='ltr'><strong>sucrum</strong></span> <span class='ocrx_word' id='word_1_350' title='bbox 965 3843 1128 3904; x_wconf 78' lang='grc'><strong>4440040000·</strong></span> <span class='ocrx_word' id='word_1_351' title='bbox 1119 3855 1209 3906; x_wconf 73' lang='lat' dir='ltr'><strong>rupero</strong></span> 
     </span>
     <span class='ocr_line' id='line_1_41' title="bbox 125 3917 1209 3987; baseline -0.006 -16"><span class='ocrx_word' id='word_1_352' title='bbox 125 3917 260 3985; x_wconf 58' lang='grc'><strong>0444444444</strong></span> <span class='ocrx_word' id='word_1_353' title='bbox 267 3921 441 3987; x_wconf 73' lang='grc' dir='ltr'><strong><em>μέλισσα</em></strong></span> <span class='ocrx_word' id='word_1_354' title='bbox 459 3922 579 3987; x_wconf 82' lang='grc'><strong>44044404]</strong></span> <span class='ocrx_word' id='word_1_355' title='bbox 595 3925 648 3974; x_wconf 84' lang='lat' dir='ltr'><strong>bia-</strong></span> <span class='ocrx_word' id='word_1_356' title='bbox 684 3919 797 3980; x_wconf 82' lang='grc'><strong>440444.)</strong></span> <span class='ocrx_word' id='word_1_357' title='bbox 833 3917 901 3968; x_wconf 85' lang='grc'><strong>0400</strong></span> <span class='ocrx_word' id='word_1_358' title='bbox 928 3919 957 3968; x_wconf 89' lang='grc'><strong>04</strong></span> <span class='ocrx_word' id='word_1_359' title='bbox 979 3918 1047 3968; x_wconf 84' lang='lat' dir='ltr'><strong>haee</strong></span> <span class='ocrx_word' id='word_1_360' title='bbox 1072 3917 1106 3966; x_wconf 89' lang='grc'><strong>04</strong></span> <span class='ocrx_word' id='word_1_361' title='bbox 1124 3917 1209 3967; x_wconf 83' lang='grc'><strong>44044-</strong></span> 
     </span>
     <span class='ocr_line' id='line_1_42' title="bbox 125 3992 1209 4062; baseline -0.004 -20"><span class='ocrx_word' id='word_1_362' title='bbox 125 3995 192 4047; x_wconf 88' lang='lat' dir='ltr'><strong>tiuus</strong></span> <span class='ocrx_word' id='word_1_363' title='bbox 200 4009 278 4048; x_wconf 89' lang='lat' dir='ltr'><strong>mons</strong></span> <span class='ocrx_word' id='word_1_364' title='bbox 289 4011 373 4062; x_wconf 84' lang='lat' dir='ltr'><strong>prope</strong></span> <span class='ocrx_word' id='word_1_365' title='bbox 383 3999 549 4061; x_wconf 78' lang='lat' dir='ltr'><strong>Garganum</strong></span> <span class='ocrx_word' id='word_1_366' title='bbox 542 4011 569 4047; x_wconf 94' lang='lat' dir='ltr'><strong>m</strong></span> <span class='ocrx_word' id='word_1_367' title='bbox 577 4001 648 4061; x_wconf 78' lang='lat' dir='ltr'><strong>Apu</strong></span> <span class='ocrx_word' id='word_1_368' title='bbox 684 3994 750 4042; x_wconf 84' lang='lat' dir='ltr'><strong>tium</strong></span> <span class='ocrx_word' id='word_1_369' title='bbox 767 3992 910 4042; x_wconf 81' lang='lat' dir='ltr'><strong>reserenda</strong></span> <span class='ocrx_word' id='word_1_370' title='bbox 927 3993 991 4053; x_wconf 79' lang='lat' dir='ltr'><strong>sint¹</strong></span> <span class='ocrx_word' id='word_1_371' title='bbox 1011 3993 1055 4055; x_wconf 92' lang='lat' dir='ltr'><strong>qui</strong></span> <span class='ocrx_word' id='word_1_372' title='bbox 1072 3993 1098 4042; x_wconf 91' lang='lat' dir='ltr'><strong>in</strong></span> <span class='ocrx_word' id='word_1_373' title='bbox 1115 4003 1209 4040; x_wconf 83' lang='lat' dir='ltr'><strong>seces·</strong></span> 
     </span>
     <span class='ocr_line' id='line_1_43' title="bbox 125 4065 1208 4136; baseline -0.005 -20"><span class='ocrx_word' id='word_1_374' title='bbox 125 4066 173 4128; x_wconf 82' lang='lat' dir='ltr'><strong>lia,</strong></span> <span class='ocrx_word' id='word_1_375' title='bbox 192 4070 238 4120; x_wconf 90' lang='lat' dir='ltr'><strong>ubi</strong></span> <span class='ocrx_word' id='word_1_376' title='bbox 255 4070 309 4122; x_wconf 86' lang='lat' dir='ltr'><strong>mel</strong></span> <span class='ocrx_word' id='word_1_377' title='bbox 326 4073 466 4136; x_wconf 89' lang='lat' dir='ltr'><strong>optimum.</strong></span> <span class='ocrx_word' id='word_1_378' title='bbox 491 4070 548 4134; x_wconf 82' lang='grc'><strong>404.</strong></span> <span class='ocrx_word' id='word_1_379' title='bbox 562 4073 591 4132; x_wconf 92' lang='grc'><strong>4,</strong></span> <span class='ocrx_word' id='word_1_380' title='bbox 604 4072 645 4132; x_wconf 79' lang='grc'><strong>48,</strong></span> <span class='ocrx_word' id='word_1_381' title='bbox 684 4081 716 4118; x_wconf 87' lang='lat' dir='ltr'><strong>su</strong></span> <span class='ocrx_word' id='word_1_382' title='bbox 742 4067 839 4117; x_wconf 87' lang='lat' dir='ltr'><strong>Sabino</strong></span> <span class='ocrx_word' id='word_1_383' title='bbox 864 4079 949 4131; x_wconf 86' lang='lat' dir='ltr'><strong>prope</strong></span> <span class='ocrx_word' id='word_1_384' title='bbox 979 4065 1060 4117; x_wconf 84' lang='lat' dir='ltr'><strong>&#39;l&#39;ibur</strong></span> <span class='ocrx_word' id='word_1_385' title='bbox 1090 4065 1208 4116; x_wconf 79' lang='lat' dir='ltr'><strong>cannino</strong></span> 
     </span>
     <span class='ocr_line' id='line_1_44' title="bbox 125 4135 1206 4211; baseline -0.005 -19"><span class='ocrx_word' id='word_1_386' title='bbox 125 4141 148 4192; x_wconf 88' lang='grc'><strong>3.</strong></span> <span class='ocrx_word' id='word_1_387' title='bbox 166 4143 194 4203; x_wconf 91' lang='grc'><strong>3,</strong></span> <span class='ocrx_word' id='word_1_388' title='bbox 208 4146 254 4206; x_wconf 89' lang='grc'><strong>46,</strong></span> <span class='ocrx_word' id='word_1_389' title='bbox 267 4146 309 4196; x_wconf 89' lang='grc'><strong>33.</strong></span> <span class='ocrx_word' id='word_1_390' title='bbox 327 4147 411 4211; x_wconf 84' lang='lat' dir='ltr'><strong>Epod.</strong></span> <span class='ocrx_word' id='word_1_391' title='bbox 426 4147 472 4208; x_wconf 91' lang='grc'><strong>46,</strong></span> <span class='ocrx_word' id='word_1_392' title='bbox 486 4147 526 4197; x_wconf 78' lang='lat'><strong>28.</strong></span> <span class='ocrx_word' id='word_1_393' title='bbox 547 4149 644 4198; x_wconf 85' lang='grc'><strong>400444.</strong></span> <span class='ocrx_word' id='word_1_394' title='bbox 685 4154 848 4205; x_wconf 79' lang='lat' dir='ltr'><strong>componere</strong></span> <span class='ocrx_word' id='word_1_395' title='bbox 876 4140 1042 4192; x_wconf 83' lang='grc'><strong>4040404-</strong></span> <span class='ocrx_word' id='word_1_396' title='bbox 1055 4135 1206 4199; x_wconf 72' lang='grc'><strong>’4044404401</strong></span> 
     </span>
     <span class='ocr_line' id='line_1_45' title="bbox 125 4213 1208 4284; baseline -0.001 -21"><span class='ocrx_word' id='word_1_397' title='bbox 125 4216 223 4276; x_wconf 86' lang='grc'><strong>9,.484</strong></span> <span class='ocrx_word' id='word_1_398' title='bbox 243 4183 644 4284; x_wconf 39' lang='lat' dir='ltr'><strong>ltomanelliTopoprutiuiiUp</strong></span> <span class='ocrx_word' id='word_1_399' title='bbox 684 4217 732 4268; x_wconf 89' lang='lat' dir='ltr'><strong>Od.</strong></span> <span class='ocrx_word' id='word_1_400' title='bbox 761 4219 789 4278; x_wconf 93' lang='grc'><strong>4,</strong></span> <span class='ocrx_word' id='word_1_401' title='bbox 816 4219 844 4278; x_wconf 82' lang='grc'><strong>4,</strong></span> <span class='ocrx_word' id='word_1_402' title='bbox 873 4216 911 4268; x_wconf 90' lang='grc'><strong>44.</strong></span> <span class='ocrx_word' id='word_1_403' title='bbox 942 4217 971 4277; x_wconf 94' lang='grc'><strong>3,</strong></span> <span class='ocrx_word' id='word_1_404' title='bbox 996 4217 1043 4276; x_wconf 77' lang='lat'><strong>29,</strong></span> <span class='ocrx_word' id='word_1_405' title='bbox 1067 4215 1095 4264; x_wconf 92' lang='grc'><strong>6.</strong></span> <span class='ocrx_word' id='word_1_406' title='bbox 1130 4213 1208 4262; x_wconf 71' lang='lat' dir='ltr'><strong>udum</strong></span> 
     </span>
     <span class='ocr_line' id='line_1_46' title="bbox 125 4289 768 4360; baseline -0.005 -15"><span class='ocrx_word' id='word_1_407' title='bbox 125 4289 247 4352; x_wconf 70' lang='grc'><strong>4094-</strong></span> <span class='ocrx_word' id='word_1_408' title='bbox 275 4295 346 4346; x_wconf 75' lang='lat' dir='ltr'><strong>noro</strong></span> <span class='ocrx_word' id='word_1_409' title='bbox 364 4295 497 4360; x_wconf 78' lang='grc'><strong>40040404]</strong></span> <span class='ocrx_word' id='word_1_410' title='bbox 525 4293 645 4346; x_wconf 85' lang='lat' dir='ltr'><strong>Formula</strong></span> <span class='ocrx_word' id='word_1_411' title='bbox 687 4293 768 4343; x_wconf 78' lang='grc'><strong>44404.</strong></span> 
     </span>
    </p>
   </div>
   <div class='ocr_carea' id='block_1_6' title="bbox 0 0 1515 4978">
    <p class='ocr_par' dir='ltr' id='par_1_7' title="bbox 0 0 1515 4978">
     <span class='ocr_line' id='line_1_47' title="bbox 0 0 1515 4978; baseline 0 0"><span class='ocrx_word' id='word_1_412' title='bbox 0 0 1515 4978; x_wconf 95' lang='lat' dir='ltr'><strong> </strong></span> 
     </span>
    </p>
   </div>
  </div>
 </body>
</html>
