3012 4978
659 418 802 476 .H0llthl
820 417 988 469 caeninam

550 576 655 643 Findit
676 575 834 664 Aprilem,

464 741 537 804 lure
559 736 723 804 sollemnis
745 733 823 801 mihi
845 733 1050 820 sanctiorque

463 863 571 926 Paene
597 857 691 925 natali
714 856 866 944 proprio,
890 854 980 942 quod
1002 875 1043 922 ex
1066 854 1128 920 hac

464 983 551 1046 Luce
574 981 744 1046 Maecenas
765 999 858 1045 meus
882 976 1062 1044 adfluentes

549 1101 685 1168 Ordinat
707 1121 818 1166 annos.

464 1259 654 1347 Telephum,
679 1279 776 1346 quem
798 1269 832 1324 tu
854 1257 954 1345 petis,
980 1259 1149 1345 occupavit

464 1385 533 1448 Non
555 1391 630 1447 tuae
653 1381 748 1446 sortis
772 1381 921 1446 iuvenem
943 1379 1051 1466 puella

465 1504 563 1569 Dives
586 1513 618 1568 et
638 1501 759 1569 lasciva
780 1511 934 1589 tenetque
956 1512 1046 1589 grata

557 1624 722 1711 Compede
743 1625 894 1690 vinctum.

465 1785 577 1848 Terret
598 1782 765 1864 ambustus
788 1781 953 1848 Phaethon
976 1802 1090 1848 avaras
1337 1785 1379 1847 25

364 2001 403 2050 49.
422 1999 548 2065 affluentis
563 2000 613 2049 BT.

299 2189 367 2239 sisse
391 2186 535 2237 serebatur.
566 2185 618 2236 Clr.
642 2185 725 2235 Varro
746 2187 773 2234 i..
793 2186 821 2234 L.
859 2186 981 2250 poeticae
998 2197 1131 2249 personae
1149 2183 1197 2236 od.
1216 2187 1300 2247 t,t3.
1320 2188 1379 2246 ete,

299 2263 329 2321 6,
345 2263 385 2312 33.
405 2260 526 2312 admitti.
538 2260 656 2311 Macrob.
667 2262 719 2311 Sat.
732 2261 742 2309 i
756 2297 761 2320 ,
773 2260 821 2308 ta:
861 2261 915 2321 tit,
943 2259 1015 2309 unde
1036 2272 1132 2323 magna
1155 2262 1183 2310 et
1203 2259 1302 2312 inutilis
1319 2275 1381 2312 con-

297 2336 369 2388 ilaec
393 2337 491 2386 liomett
514 2337 590 2398 feisse
606 2340 722 2385 asserant
741 2335 824 2384 retio-
861 2336 991 2385 troversia
1008 2336 1076 2384 iuter
1098 2333 1277 2386 scholasticos
1295 2339 1381 2386 exorta

297 2423 371 2470 nere,
396 2415 425 2458 nt
439 2410 551 2470 primum
568 2409 666 2470 quidem
682 2421 790 2458 nentem
806 2421 824 2456 e
861 2411 919 2469 est,
946 2411 1037 2458 utrum
1057 2422 1125 2460 uuus
1147 2409 1275 2474 idemque
1294 2411 1380 2470 merit,

294 2489 425 2546 petrosae
433 2485 529 2542 Marte,
543 2483 717 2531 secundamat
728 2483 825 2531 damea
861 2497 894 2532 an
911 2483 982 2544 duo,
1006 2497 1039 2533 an
1058 2491 1113 2534 tres
1131 2483 1247 2543 diversi;
1275 2486 1381 2548 quidem

296 2562 380 2607 metra
398 2557 489 2606 Venere
507 2557 594 2620 (quasi
612 2555 646 2605 ab
664 2550 760 2626 ἀφρῷ)
776 2569 824 2605 ao·
861 2571 893 2608 eo
906 2558 991 2607 'etiam
1009 2557 1136 2608 audaciae
1153 2571 1316 2622 progressus
1334 2563 1380 2618 est,

299 2631 417 2680 minaret.
453 2630 537 2679 Varro
554 2628 570 2679 l.
593 2629 629 2679 l,:
659 2631 741 2693 mapis
761 2635 824 2692 pato
859 2633 891 2680 ut
900 2630 1047 2696 Telephum
1064 2645 1112 2695 pro
1130 2633 1190 2682 ficta
1208 2645 1327 2696 persona
1338 2635 1382 2684 ba-

300 2707 410 2767 dictum,
447 2706 513 2766 peod
537 2719 582 2754 ver
606 2705 692 2754 omnia
724 2705 822 2766 aperit,
859 2707 946 2756 beret.
977 2707 1103 2778 Ceterum
1120 2705 1308 2759 acerbioribus
1324 2721 1383 2758 seu·

299 2780 418 2842 Aprilem.
455 2780 581 2829 Ceterum
603 2779 636 2828 de
656 2778 751 2843 Apellis
769 2779 824 2828 Ve-
860 2779 974 2830 tentiolis
997 2792 1116 2843 pungere
1133 2779 1283 2842 Phyllidem
1306 2797 1383 2832 cous-

297 2868 363 2904 nere
389 2855 491 2904 marina
514 2867 540 2903 v.
559 2853 666 2917 elegans
691 2854 823 2904 Leonidae
861 2857 918 2915 tur,
942 2867 995 2917 quo
1019 2853 1127 2917 Telephi
1148 2855 1259 2906 tandem
1277 2855 1382 2908 oblitam

297 2931 357 2979 Tar.
371 2929 457 2992 Epigr.
471 2929 549 2978 Anth,
563 2927 616 2978 Pal.
636 2931 667 2978 ΙΙ.
680 2943 706 2994 p.
721 2929 779 2979 680.
793 2957 820 2966 -
860 2929 896 2978 ad
912 2942 942 2980 se
959 2927 1047 2978 solum
1065 2929 1210 2980 amandum
1227 2931 1346 2982 inducat.
1357 2959 1381 2968 -

298 3003 390 3064 Findit]
411 3003 547 3062 ‹rdiiidita3
571 3005 599 3052 ut
616 3004 704 3066 ipsum
721 3017 747 3052 v.
767 3005 825 3052 idus
861 3004 1005 3066 occupavit]
1048 3005 1090 3053 «te
1122 3007 1302 3068 praeveniens
1337 3007 1382 3057 sibi

300 3076 472 3127 deducebant
488 3077 523 3127 ab
535 3078 644 3140 antiquo
656 3077 740 3128 verbo
753 3080 826 3128 iduu-
861 3077 1035 3128 conciliavit.»
1056 3105 1083 3116 -
1105 3079 1162 3128 Non
1178 3085 1237 3129 tues
1253 3083 1330 3130 sortis
1345 3083 1382 3130 iu-

299 3165 341 3213 re,
360 3153 387 3201 id
406 3155 464 3212 est,
495 3153 612 3203 dividere.
632 3153 749 3204 Macrob.
770 3155 822 3203 Sat.
860 3154 953 3214 oanan]
977 3152 1155 3203 «condicionis
1177 3151 1255 3217 longe
1273 3155 1383 3206 nobilio-

299 3229 329 3289 l,
350 3229 389 3276 tt.
861 3228 912 3288 ris,
940 3240 972 3276 ac
995 3229 1020 3276 te
1039 3228 1181 3288 ditiorem;
1211 3231 1289 3280 cuius
1311 3233 1382 3294 igitur

332 3303 441 3351 tt-ao.
468 3303 642 3364 sanctiorque]
668 3301 761 3352 Tibull.
791 3302 822 3364 i,
862 3315 983 3352 amorem
1000 3302 1047 3352 tibi
1058 3302 1177 3366 polliceri
1189 3317 1328 3367 nunquam
1340 3305 1383 3354 de-

299 3379 328 3439 d,
348 3379 379 3426 t:
412 3379 460 3438 Qui
475 3378 537 3427 miti
553 3383 594 3438 te,
622 3377 749 3439 Cerintbe,
775 3379 826 3427 dies
861 3377 973 3427 babes.»
992 3377 1234 3441 Siceuimiungo,
1253 3389 1381 3430 noricum

299 3453 382 3512 dedit,
409 3453 448 3500 tte
471 3453 533 3501 mitti
549 3458 650 3502 sanatas
666 3453 745 3514 Atque
761 3454 826 3501 inter
862 3451 1004 3502 Lambino:
1033 3465 1084 3501 raon
1107 3458 1166 3502 tuae
1190 3455 1264 3502 sortis
1284 3455 1381 3515 meta,

298 3526 373 3588 festos
383 3539 478 3588 senper
488 3527 614 3577 habendas
625 3529 680 3578 ortt.
696 3555 723 3564 —-
735 3527 823 3592 Poene]
862 3527 924 3578 aiibi
942 3525 1019 3577 valde
1038 3526 1173 3578 dissimilis
1189 3526 1250 3578 loco
1262 3565 1267 3587 ,
1288 3541 1327 3589 re,
1345 3541 1384 3591 ge

300 3603 367 3650 «Pro
401 3601 551 3654 adulatione
577 3605 684 3654 vitanda
709 3605 823 3668 posuit.»
862 3616 943 3662 nere,
963 3602 1061 3666 quippe
1079 3602 1172 3652 dives.»

300 3675 394 3725 Acron.
422 3678 483 3726 Sine
501 3690 581 3728 causa
594 3677 748 3729 scholastici
761 3692 826 3728 non·
894 3677 1004 3727 att-27.
1042 3676 1140 3740 Terret]
1177 3677 1284 3740 «Atque
1312 3678 1381 3740 copia

301 3747 364 3798 nulli
389 3750 440 3798 hoc
466 3753 603 3815 tamquam
628 3752 712 3816 lyrico
734 3755 824 3817 generi
862 3751 939 3801 adest
955 3747 1156 3814 exemplorum,
1186 3762 1256 3813 quae
1274 3753 1384 3814 gravit&

300 3822 389 3874 minus
407 3827 569 3874 couveniens
587 3828 779 3890 vituperarunt.
795 3856 823 3865 -
862 3839 912 3877 nos
929 3826 1074 3886 moneant,
1100 3827 1130 3874 ut
1153 3837 1184 3874 aa
1202 3824 1382 3876 tautummodo

301 3895 422 3960 Ordinot]
449 3901 485 3948 mi
507 3901 594 3962 primo
617 3900 660 3950 die
678 3914 728 3950 suo
746 3902 826 3953 natali
862 3903 1007 3960 sectemur,
1020 3899 1118 3964 quibus
1130 3901 1201 3949 vires
1213 3899 1382 3962 fortunaeque

301 3980 413 4021 exorsus
434 3973 574 4023 Maecenas
595 3986 679 4024 annos
703 3987 767 4025 suos
784 3977 826 4040 as·
863 3979 969 4028 nostrae
980 3987 1061 4039 pares
1076 3975 1140 4033 sint;
1159 3973 1240 4024 veluti
1252 3975 1381 4025 Phaethon

300 4048 417 4110 (tuentes,
447 4049 548 4100 sensim
571 4049 623 4100 sibi
648 4051 825 4104 succedentes
863 4053 920 4114 ille,
939 4052 1047 4116 (τυπεὶς
1059 4047 1132 4121 πρὸς
1143 4050 1248 4122 στέρνα
1258 4045 1381 4122 κεραυνῷ

302 4123 330 4171 et
347 4134 461 4186 quorum
487 4137 599 4174 numero
622 4126 825 4192 quamplurimi
858 4121 998 4192 Ἡμιδαὴς
1019 4125 1140 4176 Φαέθων
1162 4124 1247 4190 Apoll.
1261 4125 1343 4176 Rbod.
1356 4123 1377 4180 l,

303 4197 366 4260 opto
378 4197 520 4258 accedant,
540 4198 633 4250 ordine
645 4203 794 4252 numerat.»
864 4201 932 4263 sat.)
951 4202 996 4266 qui
1014 4201 1142 4251 metretas
1158 4200 1297 4261 incendio,
1316 4196 1380 4264 quod

335 4273 363 4324 24
379 4273 445 4325 -at
467 4273 606 4338 Telephum]
634 4275 709 4327 idem
727 4289 826 4328 nomon
864 4290 913 4341 per
930 4276 1034 4328 caelum
1053 4276 1187 4336 excitavit,
1211 4277 1238 4325 et
1255 4276 1322 4326 iovis
1336 4271 1381 4324 iui-
