2998 4980
493 427 551 476 tiit.
573 428 589 475 i.
624 427 652 476 C.
673 427 712 477 xi.

476 895 814 958 cumn·

98 1107 146 1170 Tu
169 1123 211 1170 ne
234 1101 432 1190 quaesieris,
456 1101 540 1167 scire
563 1100 667 1178 nesae,
692 1122 790 1188 quem
811 1101 908 1179 mihi,
932 1123 1032 1189 quem
1051 1103 1108 1170 tibi

99 1228 215 1292 Finem
238 1223 272 1290 di
294 1222 458 1300 dederint,
480 1223 669 1298 Leuconoe,
694 1243 755 1289 nec
775 1221 970 1312 Babylonios

164 1424 207 1473 xi.
243 1423 327 1472 inser.
353 1419 422 1484 volg.
458 1421 495 1471 Ad
519 1421 671 1472 imorcer.
699 1447 725 1454 —
748 1419 786 1469 Aa
810 1421 838 1470 i.
866 1423 972 1472 suadem
996 1423 1156 1472 omittendam

130 1498 326 1548 madmtaticeu
343 1497 368 1546 S.
387 1498 445 1547 Om.
459 1497 486 1546 T.
508 1523 535 1532 -
555 1495 578 1545 4.
598 1495 733 1557 quaesieris
748 1495 826 1557 seire,
843 1496 914 1558 nefas
930 1498 1096 1550 hethi—2.
1115 1499 1156 1548 de

131 1568 303 1625 deruntdet
319 1585 360 1637 pr.
379 1587 406 1621 κ.

132 1752 173 1801 xl.
210 1749 346 1799 Leuconoe·
359 1747 400 1808 (al.
420 1746 566 1812 Letuottot)
583 1760 631 1797 no·
665 1748 736 1812 uelat
751 1748 853 1798 oomni.
876 1747 966 1812 (uetus,
987 1750 1098 1800 vetitius
1115 1763 1129 1799 e
1148 1749 1189 1800 dis

103 1839 162 1876 men
181 1826 277 1874 netum
294 1824 360 1886 greti
372 1823 438 1873 soni.
464 1821 631 1873 Obverseba-
667 1822 856 1886 etinctum.)
875 1824 1016 1885 Quaesieris
1032 1825 1122 1874 autem
1140 1823 1194 1875 alt-¹

101 1903 142 1950 tur
159 1902 259 1964 poetae
277 1900 365 1961 imago
383 1895 486 1961 poeitae
503 1897 631 1960 supersti-
667 1896 765 1959 solute,
789 1900 818 1947 ut
834 1897 883 1948 0d.
903 1898 926 1959 4,
946 1899 970 1959 9,
994 1897 1033 1948 43.
1068 1901 1187 1962 Propert.

101 1976 201 2032 tineae,
230 1985 312 2037 saepe
335 1971 538 2022 mathematicos
564 1982 630 2020 con·
666 1974 691 2032 i,
710 1972 751 2034 ti,
771 1974 799 2021 i:
818 1974 850 2023 At
864 1973 1189 2034 variminumortates,

100 2047 227 2106 solentis,
247 2059 327 2109 equa
340 2044 446 2096 stultitia
459 2042 631 2095 eamedlae-
665 2047 760 2111 funeta
780 2047 870 2097 iterare
895 2047 1030 2109 Quaeritis,
1053 2051 1076 2096 et
1092 2061 1144 2108 que
1159 2052 1192 2096 stt

100 2125 156 2174 tum
176 2123 248 2172 vitae
261 2120 454 2172 usumavocat.
481 2120 632 2168 Tuncnon·
664 2135 733 2172 mors
749 2122 854 2172 aelim
870 2123 915 2171 oia
932 2121 1058 2183 Quaeritis
1074 2125 1097 2170 et
1119 2121 1190 2170 caeto

102 2198 169 2248 dum
187 2195 262 2259 leges
280 2193 348 2244 latae
366 2196 455 2254 erent,
475 2192 572 2256 quibus
590 2205 632 2243 se·
665 2197 812 2248 homiuum
836 2199 939 2246 inventa
962 2209 1048 2246 sereno
1070 2197 1139 2258 Quae
1160 2197 1192 2246 sit

101 2272 245 2322 verissime
263 2268 431 2319 interdictum
450 2265 631 2318 eratastrolo-
666 2272 737 2322 stella
753 2272 847 2320 homiui
858 2271 988 2320 cmmroda
998 2269 1191 2332 quoeptumata

101 2348 157 2410 gis,
176 2361 210 2396 ne
223 2348 295 2396 artes
307 2357 370 2395 suas
382 2343 552 2401 exercerent;
571 2342 631 2405 qid-
667 2348 719 2396 cet.
732 2373 759 2382 -
770 2347 819 2394 Vv.
832 2357 965 2407 quaerere,
983 2344 1102 2404 emtam,
1121 2357 1191 2393 στο-

101 2421 156 2471 bus
185 2419 287 2483 legibus
319 2417 458 2481 aliquoties
492 2430 525 2466 en
557 2415 630 2467 ltalia
667 2417 824 2483 χάζεσθαι,
853 2419 960 2483 propria
986 2417 1189 2481 astrologorum,

102 2493 206 2559 expulsi
223 2495 294 2546 suot.
324 2494 396 2543 Suet.
416 2491 496 2556 Vesp.
516 2491 556 2543 il.
584 2491 632 2541 Ta·
667 2507 734 2558 quos
752 2493 923 2544 Philostratus
940 2495 971 2543 V.
990 2493 1070 2558 Soph.
1089 2506 1115 2556 p.
1132 2491 1189 2542 iso.

103 2571 147 2620 cit.
167 2571 234 2620 iiist.
253 2570 278 2629 4,
296 2569 342 2617 ti:
361 2579 439 2630 geniis
454 2567 631 2616 itominumto-
667 2567 782 2632 appellet
797 2571 921 2642 μυρίοιςΙ
933 2563 1063 2640 ἀστέρων
1082 2583 1191 2628 στοχα-

99 2647 188 2708 Mun,
211 2641 369 2704 specuium
387 2642 489 2703 saiwa,
516 2642 582 2703 estod
604 2642 631 2689 io
666 2645 806 2709 ζομένους
821 2643 873 2695 τοῦ
894 2638 988 2707 ὄντος.

102 2721 203 2770 durau
219 2723 308 2768 metro
324 2723 348 2768 et
362 2716 488 2767 viatim
502 2730 598 2778 seraper
608 2721 632 2766 et
688 2720 712 2770 i.
725 2719 749 2769 3.
768 2720 861 2784 Fines]
871 2720 941 2770 vitae
951 2719 1096 2770 decursum
1104 2731 1190 2782 usque

102 2795 259 2846 retinebitur.
299 2793 415 2856 Tempus
441 2793 566 2842 carminis
588 2793 631 2841 in·
667 2793 702 2842 ed
719 2793 829 2844 obitum.
851 2821 879 2830 -
899 2796 965 2844 «Nec
981 2795 1097 2858 positum
1114 2793 1191 2843 vides

104 2873 208 2920 certum
235 2869 289 2921 estc
317 2864 436 2916 nonnulii
460 2865 579 2916 referunt
596 2865 630 2916 ad
666 2867 845 2932 praecedente
863 2869 931 2933 part.
949 2882 994 2929 ue,
1013 2866 1060 2917 ubi
1076 2881 1126 2916 eeu
1143 2879 1191 2916 ex·

105 2959 127 2995 a.
146 2957 173 2994 u.
193 2957 218 2994 e.
238 2942 295 2992 738.
666 2945 800 3007 spectes.»
827 2944 920 2993 Reuss.
962 2941 1102 3006 Reperiinr
1126 2952 1191 2990 sene

135 3022 158 3069 4.
179 3019 249 3077 «Tu,
268 3019 324 3067 tem
342 3016 486 3066 caremihi
505 3014 631 3078 (idquod
666 3016 791 3069 omnibus
814 3017 839 3066 in
862 3015 936 3067 libris
957 3015 1029 3080 apud
1050 3013 1191 3065 Aemilium

105 3095 171 3144 inest
189 3095 217 3142 in
234 3105 277 3141 vv.
297 3105 369 3153 quern
384 3091 454 3150 miti,
476 3104 549 3152 quern
565 3089 629 3153 tibi),
667 3093 784 3144 Probum
802 3095 913 3142 Pausan.
932 3089 957 3154 4,,
976 3090 1003 3139 6;
1027 3103 1058 3138 ue
1074 3088 1191 3138 eumatio-

104 3170 156 3219 tem
199 3167 301 3218 florens
343 3162 541 3216 adolescentula
578 3163 630 3214 noli
665 3172 704 3217 ret
720 3181 765 3216 nec
781 3168 939 3228 seproderet.
959 3161 1111 3213 H.l.ueaii.
1126 3162 1150 3210 Τ.
1163 3176 1189 3211 e.

106 3243 231 3293 arsuri»
246 3243 307 3302 eet,
322 3253 391 3304 quae
403 3240 555 3304 superstitio
566 3240 630 3288 tnnc
668 3245 709 3292 est
730 3242 806 3304 quasi
828 3237 983 3304 epexegesis
1004 3251 1047 3286 vv.
1065 3250 1096 3286 ne
1113 3249 1193 3298 quae-

106 3317 218 3381 rigebat.
260 3317 303 3366 Sic
328 3316 409 3365 Tacit.
437 3317 504 3366 Ann.
532 3313 556 3374 3,
583 3315 628 3363 ti:
666 3318 745 3378 ueris,
765 3315 837 3380 quod
855 3313 932 3364 aliter
949 3312 1006 3362 fieri
1023 3312 1193 3374 nonpotorat

106 3395 244 3454 moesitum
261 3405 309 3454 per
331 3390 466 3440 etaim
486 3390 514 3437 io
531 3391 631 3438 mum
667 3391 717 3442 nisi
735 3389 860 3441 consultis
877 3387 1127 3439 mathematicorum
1145 3399 1193 3435 nu·

107 3467 229 3518 Caesaris
266 3463 523 3524 dinitiarum.
553 3463 630 3514 Sido-
666 3458 1192 3525 meria-Beeytoota-umneroucmi-

107 3543 161 3592 nius
178 3538 339 3605 Apollinaris
359 3539 384 3599 8,
408 3537 451 3587 tt:
486 3538 552 3588 iliud
571 3551 631 3587 saue
667 3541 796 3591 dacorum
806 3536 1026 3602 (astrologorum),
1045 3536 1090 3599 qui
1102 3533 1192 3585 multis

106 3631 152 3668 aaa
176 3615 259 3666 solun
286 3613 408 3676 adpetita
433 3614 460 3662 iu
484 3614 630 3675 Lampridio
667 3612 909 3678 computationibus
936 3611 1011 3661 iactis
1038 3623 1071 3660 ex
1095 3607 1192 3660 tabuiis

106 3691 149 3752 istit
164 3692 207 3741 sed
220 3689 419 3751 pererepiorium
437 3687 541 3749 (netes),
565 3689 632 3750 meod
667 3687 839 3753 genethliacis
868 3689 948 3749 etque
974 3681 1192 3749 ephemeridibus

106 3765 292 3815 emanarent
308 3764 435 3824 quondam
448 3763 554 3812 desitas
571 3776 631 3812 suae
668 3764 701 3814 de
725 3762 844 3812 siderum
869 3763 938 3811 statu
965 3763 991 3809 et
1016 3759 1190 3822 oppositione,

107 3841 152 3901 flue
167 3838 300 3890 comuluit.
322 3865 350 3872 —
369 3839 429 3900 ipsa
445 3849 540 3888 versus
565 3849 631 3886 con·
667 3837 805 3886 hominum
815 3836 861 3899 qui
870 3847 917 3886 eos
924 3831 1107 3893 consulebant,
1118 3833 1193 3897 γένε-

108 3915 213 3964 siructio
225 3912 301 3961 iubet
311 3925 359 3962 nos
371 3913 480 3974 iungere
493 3924 545 3961 non
557 3925 633 3973 miae
667 3926 714 3962 σιν
731 3913 758 3961 et
769 3911 957 3973 horoscopum,
970 3909 1050 3970 atque
1061 3919 1110 3970 per
1121 3907 1193 3956 hunc

107 3989 175 4038 riou
201 3987 279 4048 scire,
313 3985 362 4036 sed
390 3985 456 4035 seire
484 3985 571 4049 uetus,
602 3987 631 4036 ut
666 3987 735 4036 vitae
777 3982 972 4036 vicissitudines
1017 3979 1190 4032 deliniebant.

109 4061 187 4126 Epod.
208 4062 249 4121 lii,
270 4059 314 4112 ti:
333 4060 405 4123 nefas
419 4059 511 4108 uidere.
530 4061 628 4110 Lucan.
666 4062 764 4111 Lucan.
784 4061 808 4120 4,
827 4059 888 4110 636:
907 4058 941 4108 de
954 4055 1043 4120 Figulo
1059 4055 1191 4118 astrologo

110 4136 132 4196 4,
158 4136 219 4186 ⁴26:
247 4135 303 4198 ouis
326 4135 415 4184 iustius
438 4134 519 4183 induit
544 4147 628 4196 mma,
665 4133 792 4198 loquens:
838 4133 997 4194 sunmerso
1039 4129 1192 4180 moeottlbut

112 4207 177 4259 Scire
191 4209 270 4272 nesae.
305 4210 403 4260 Statius
419 4207 502 4259 Theb.
522 4207 546 4269 3,
565 4209 627 4258 eet:
665 4213 745 4258 astra
780 4209 835 4258 Iuv.
863 4209 887 4268 6,
912 4207 973 4256 576:
995 4207 1094 4256 semei
1112 4204 1192 4253 itro-

114 4284 167 4342 euid
186 4285 299 4335 crastina
318 4283 426 4336 vomeret
451 4287 534 4346 oetas,
561 4282 631 4334 seire
665 4283 734 4345 ruiti,
762 4274 955 4342 mathematici3
982 4276 1117 4346 ψηφῖδας
1143 4290 1190 4327 vo·
