2998 4980
691 415 817 465 lionnrii
837 415 1005 466 enutritum

580 582 798 668 Latonamque
820 601 973 667 supremo

621 700 778 768 Dilectum
799 701 928 788 penitus
952 703 1028 766 lovi.

476 863 538 926 Vos
559 859 676 926 laetam
698 858 802 925 ssuviis
825 870 857 925 ot
880 879 1048 926 nemorum
1071 882 1176 938 eoma,
1374 863 1392 926 5

474 983 695 1069 Quaecunque
717 991 772 1046 aut
794 980 901 1068 gelido
923 981 1084 1068 prominet
1105 981 1228 1070 Algido,

370 1237 394 1284 ti.
413 1249 510 1284 44444444
529 1235 569 1284 BT
586 1237 613 1284 et
628 1234 712 1284 Benti.
732 1247 747 1284 e
765 1233 847 1286 Cidd.
862 1232 999 1285 Blandae
1013 1233 1041 1296 β.
1063 1237 1135 1299 (item
1154 1238 1222 1287 Pott.
1242 1240 1362 1302 septem.

339 1311 427 1360 Celeri
445 1310 527 1360 nostri
544 1309 638 1372 conen.)

304 1526 385 1574 deum.
420 1525 457 1576 Id.
482 1527 507 1586 9,
534 1525 559 1586 5,
587 1525 647 1574 tei:
673 1526 777 1575 Annue:
794 1525 830 1574 444
868 1523 934 1573 Hine
943 1516 1073 1592 ’Ἄρτεμις
1089 1523 1225 1590 Ποταμία
1236 1527 1263 1578 in
1277 1527 1394 1577 nummis

304 1601 348 1649 4444
363 1600 412 1650 sint
428 1601 532 1660 intonsi,
555 1599 655 1660 Phoebe,
680 1600 781 1662 capitii!
801 1625 828 1636 -
867 1596 960 1648 Siculis
985 1596 1085 1660 (titillor
1104 1600 1209 1650 4444444444.
1235 1601 1255 1650 1.
1276 1603 1308 1651 N.
1328 1600 1393 1660 904.)

305 1675 425 1736 Cynum,
444 1674 501 1725 Deli
519 1687 606 1725 mons.
867 1675 895 1724 et
911 1670 1042 1738 λιμνᾶτις
1064 1677 1141 1726 Paus.
1161 1675 1185 1736 i,
1205 1676 1229 1735 4,
1248 1677 1274 1726 9.
1312 1677 1394 1726 Diana

337 1750 360 1799 3.
404 1748 506 1800 Cullim.
538 1751 634 1812 Hymn.
665 1747 749 1813 Apoll.
780 1747 828 1799 li:
867 1750 1009 1813 Ephesia
1002 1763 1029 1799 m
1051 1751 1167 1800 nummis
1185 1751 1353 1802 Cenchrium
1370 1753 1395 1799 et

303 1825 396 1910 Χαῖρε
412 1821 529 1912 pdnacp
548 1841 570 1871 ω
562 1815 690 1888 Λητοῖ,
709 1823 770 1873 ἐπεὶ
784 1823 830 1872 τέ-
868 1825 1011 1886 Cavstrum
1029 1825 1123 1874 iluuios
1140 1837 1190 1887 pro
1207 1825 1328 1888 pedihus
1346 1825 1394 1875 ha-

304 1913 352 1960 κες
368 1892 464 1963 ἀγλαὰ
479 1898 576 1947 τέκνα
595 1898 669 1947 ovid.
683 1897 828 1954 Aletam.,6
867 1897 915 1948 bet
948 1898 1152 1949 decumbentes.
1199 1899 1313 1950 Streber
1341 1901 1394 1949 Nu-

305 1975 364 2023 teo:
377 1975 478 2022 Etdoto
494 1973 606 2021 Latonae
623 1973 831 2058 Latonigenisque
867 1974 955 2023 mism.
975 1977 1017 2024 Gr.
1036 1987 1062 2037 p.
1083 1972 1182 2023 443.—
1154 1975 1276 2060 -oomoJ
1296 1974 1392 2036 odyss.

304 2047 399 2097 duobus
416 2047 477 2097 Cum
489 2059 564 2108 preco
581 2052 641 2096 tura
655 2048 708 2108 pin.
744 2044 788 2095 Sol
803 2049 831 2095 et
867 2061 903 2110 ψ,
931 2049 992 2098 teo:
1019 2040 1160 2110 ἀπέκοψα
1184 2044 1282 2113 κόμην
1309 2062 1394 2099 zaun-

304 2125 376 2173 Lunn
394 2120 552 2172 mortalibus
569 2119 710 2192 σωτῆρες,
734 2115 829 2184 4444ξί-
866 2119 978 2184 quinon
996 2121 1102 2188 eloim.
1122 2125 1203 2187 soph.
1221 2126 1311 2186 Antig.
1331 2122 1392 2174 ile:

304 2211 399 2246 κακοι.
410 2199 525 2248 Latonae
533 2199 669 2259 imagoest
677 2197 829 2246 rnGerhard
866 2196 966 2264 φόβην
984 2191 1053 2263 ὕλης
1071 2194 1212 2260 πεδιάδος.
1232 2199 1326 2262 Eurip.
1339 2195 1391 2247 Alc.

304 2277 356 2320 4444.
376 2273 465 2321 Biidw.
485 2273 504 2322 l
524 2272 552 2321 Τ
567 2271 618 2332 44.
638 2271 706 2322 4444
699 2285 726 2321 m
738 2271 830 2321 Muller
867 2277 927 2324 449ι
955 2270 1089 2344 πτόρθων
1109 2271 1258 2344 μυρσινῶν
1281 2270 1392 2337 φόβην.

304 2346 409 2396 Denlm.
436 2348 455 2395 i.
483 2347 512 2396 N.
536 2346 576 2396 46.
600 2348 681 2408 utque
703 2345 829 2409 pulcher·
866 2347 959 2399 Catuli.
986 2348 1011 2408 4,
1040 2350 1083 2398 io:
1112 2350 1166 2409 4444,
1188 2353 1246 2410 poet
1265 2348 1392 2410 4144444444,

305 2421 373 2469 rima
390 2418 516 2482 Apollinis
535 2423 563 2469 et
572 2422 672 2471 Dianae
687 2414 827 2486 Ἀγγέλοιι,
866 2429 941 2472 annu
957 2423 1006 2486 44444
1022 2423 1128 2472 Conna
1144 2423 1222 2481 siina,·
1242 2437 1306 2474 num
1324 2423 1393 2482 Cyto·

305 2507 359 2556 quo
385 2495 493 2544 nomine
520 2497 659 2557 Syracusis
680 2495 827 2556 colebatur,
864 2498 904 2546 rio
929 2498 956 2546 in
979 2499 1039 2560 inpo
1061 2499 1185 2558 loquente
1205 2511 1279 2559 saepe
1295 2497 1393 2548 4444444444

304 2582 366 2618 oum
390 2570 509 2618 eudueeo
535 2571 562 2618 et
583 2572 675 2633 patera
697 2571 722 2620 in
738 2573 830 2620 Annali
866 2572 941 2621 edidit
961 2586 1048 2622 conta:
1075 2573 1201 2634 frequens
1227 2573 1301 2636 apud
1324 2570 1393 2622 anti·

304 2645 358 2692 44444
382 2645 440 2693 lost.
464 2645 535 2693 orell.
558 2644 588 2693 V
613 2658 639 2708 p
662 2646 718 2694 449.
740 2673 768 2681 -
786 2659 829 2694 444-
866 2659 934 2708 quos
952 2646 985 2696 de
1003 2645 1145 2697 arboribus
1162 2649 1254 2710 tropus
1272 2644 1392 2697 euamin

301 2719 396 2781 44444444]
419 2720 455 2768 Ex
477 2718 653 2769 iormulurum
679 2733 730 2770 usu
754 2720 827 2770 Pind.
866 2735 945 2786 prosa
962 2724 1092 2772 oratione.
1112 2723 1218 2772 Lucien.
1237 2725 1331 2772 Amor.
1352 2719 1389 2768 49.

303 2795 379 2844 Nem
400 2793 423 2854 4,
443 2793 488 2843 90:
516 2789 585 2856 Διὸς
610 2789 740 2856 ὑψίστου
758 2809 829 2863 προ-
866 2795 966 2866 δένδρα
982 2802 1046 2858 ταις
1057 2793 1163 2861 κομαις
1180 2789 1392 2858 &aereaere-

302 2865 408 2930 cpn'tau.
437 2869 542 2918 Terent.
562 2868 674 2932 Adelph.
694 2871 719 2928 9,
741 2871 764 2930 4,
783 2868 827 2919 494
866 2887 914 2941 xpe
930 2866 1027 2940 ,τόῤῥω
1045 2869 1180 2940 βρύοντα.
1216 2869 1311 2922 Achill.
1335 2869 1389 2918 Tet.

302 2945 351 2994 Pro
373 2957 487 3004 supreme
505 2944 632 3006 lnppitnl
666 2909 809 2994 Athenis
803 2959 828 2994 m
866 2949 890 2996 9.
909 2959 935 3008 p.
961 2945 1001 2995 44.
1025 2945 1129 2996 lacobs.
1153 2947 1186 2996 de
1208 2945 1336 2996 iioribus·
1362 2938 1393 2990 αἱ

303 3031 365 3068 aree
392 3021 450 3068 erat
476 3013 545 3080 Διὸς
572 3015 674 3083 βωμὸς
696 3012 826 3069 Ὑπάτου.
865 3017 924 3071 τῶν
941 3015 1087 3085 λειμώνων
1103 3017 1201 3085 κόμαι.
1231 3023 1320 3081 Atque
1339 3019 1390 3069 ior-

303 3095 379 3143 Peus.
400 3093 427 3152 4,
446 3093 491 3154 96,
510 3095 534 3144 5.
866 3101 937 3147 tasse
964 3096 1043 3146 nimis
1065 3096 1145 3145 etium
1170 3093 1301 3158 explicata
1324 3095 1391 3144 ima-

336 3166 359 3217 4.
376 3167 482 3232 penum]
501 3164 631 3239 «κηρόθι,
651 3171 751 3220 intimis
768 3184 830 3220 sen·
865 3175 924 3236 gine
944 3171 1018 3222 ond.
1037 3171 1099 3220 Met.
1119 3172 1158 3230 40,
1178 3169 1238 3219 493;
1265 3171 1392 3220 4444444444

305 3241 406 3292 sibus.»
865 3261 949 3297 444444
968 3275 984 3284 -
1004 3273 1018 3284 -
1037 3246 1121 3307 pineis
1169 3245 1292 3306 Figuram
1323 3245 1390 3294 hanc

336 3317 360 3364 5.
380 3317 499 3377 Dianam,
519 3330 588 3379 quae
607 3319 694 3368 tiuviis
709 3318 829 3368 44444444-
865 3321 962 3371 trustra
972 3320 1136 3371 nostratibus
1146 3319 1339 3369 commendare
1349 3330 1391 3368 4ο·

305 3389 348 3436 tur
365 3392 393 3438 et
408 3391 574 3440 nemoribus.
611 3391 704 3442 Catuli.
732 3393 773 3455 34,
799 3396 826 3443 5:
866 3401 943 3448 natus
964 3399 1006 3445 est
1026 3395 1155 3454 Bodmer,
1178 3393 1271 3444 dicens
1293 3392 1389 3444 alieubi

304 3464 462 3524 9444444444,
488 3467 597 3515 inanimi
618 3469 715 3530 Mupna
733 3483 828 3531 prope·
865 3473 891 3521 in
903 3469 1050 3520 Noachide:
1070 3471 1109 3519 die
1119 3469 1214 3518 boolton
1230 3469 1387 3518 narbonen.

303 3538 355 3586 44444
371 3539 449 3598 Ionis,
477 3541 559 3600 (44444444
580 3547 662 3590 mater
680 3555 759 3604 prope
779 3545 830 3592 De·
866 3546 919 3595 Cir.
946 3545 1007 3595 Sodi
1028 3545 1169 3595 ilosarium
1190 3543 1275 3592 Gentii
1296 3557 1324 3607 p.
1344 3541 1386 3592 23:

303 3613 364 3660 tiam
380 3614 506 3673 Deposiuit
523 3616 624 3670 olivam,
642 3618 766 3666 Montium
783 3619 829 3666 do-
868 3621 945 3668 l'iridi
960 3621 1079 3682 soliorum
1095 3619 1180 3668 tunica
1196 3617 1305 3666 4444444444
1317 3617 1388 3667 erant

302 3687 373 3736 minu
388 3691 416 3736 ui
425 3689 492 3750 sores
502 3689 679 3751 Siivarunique
694 3693 829 3741 virentium
865 3695 974 3744 arbores.
989 3721 1017 3728 --
1030 3693 1183 3742 Lectionem
1197 3705 1271 3740 centu
1281 3703 1388 3754 magno·

303 3761 467 3822 Soituumque
493 3765 676 3814 reconditorum
701 3767 829 3814 Amnium-
865 3781 930 3831 pero
949 3765 1142 3817 commendat'
1137 3780 1194 3830 ipsu
1211 3767 1388 3816 construetio-

303 3849 350 3897 que
365 3841 505 3885 sonantum.
534 3839 657 3902 Orpheus
675 3841 770 3902 Hymn.
785 3840 825 3900 34,
865 3845 906 3893 444
924 3841 1034 3891 facilitas
1055 3843 1148 3892 ioelum
1167 3843 1250 3906 44444444
1266 3845 1290 3891 44
1306 3851 1384 3890 emite.

303 3909 331 3960 l:
356 3900 422 3973 ἥτε
439 3908 580 3974 διαισσεις
598 3907 709 3974 ὄχθους
728 3907 828 3975 ὑψαύ-
866 3917 915 3976 Qui
940 3931 1037 3966 comum
1058 3917 1224 3980 praeferunt,
1244 3914 1385 3979 explicant:

303 4001 389 4047 χενας
404 3977 527 4057 ἁκρωρεί
528 4003 579 4050 ους
593 3981 683 4037 Ἰ443
665 4003 735 4059 open
749 3985 829 4038 σκιό-
866 3992 996 4041 «binnam
1018 3993 1105 4041 canite
1128 3993 1155 4041 et
1177 4002 1287 4040 nemora
1304 3985 1386 4052 Algidi

304 4058 477 4128 εντανάπνσ
458 4058 825 4134 σίτεσὴνφρένατέρπεις.
864 4067 934 4115 oet.»
968 4067 1020 4116 Sed
1045 4065 1109 4116 laisa
1135 4067 1203 4116 haec
1227 4063 1324 4127 lectio,
1351 4061 1386 4112 uti

305 4139 390 4198 Atque
418 4084 501 4186 D'ianu
530 4140 588 4187 erat
614 4151 713 4189 numen
746 4140 827 4189 etiam
865 4142 955 4204 paret,
980 4143 1038 4190 orta
1060 4145 1102 4191 est
1124 4154 1157 4190 ex
1178 4153 1260 4204 prava
1278 4149 1385 4189 necom-

306 4209 439 4260 lluviatile.
459 4212 532 4262 Pind.
553 4212 628 4275 rytu.
648 4213 672 4274 9,
686 4213 714 4262 6:
731 4207 828 4284 Ὀρτυ-
865 4215 1018 4265 modutione
1035 4216 1069 4266 ad
1086 4230 1111 4265 v.
1130 4217 1231 4266 44444444.

304 4288 385 4350 pluo,
408 4287 552 4352 ποταμίας
574 4279 638 4350 ἕδος
655 4281 824 4357 Αρτὲμιδος.
916 4291 1054 4350 ,4044444
1081 4305 1168 4342 nanus
1201 4289 1271 4354 (pare
1306 4287 1384 4340 441444
