2992 4978
503 395 561 444 tm.
581 396 622 445 lli.
658 396 686 446 C.
707 396 794 446 xviii.

263 550 363 637 Larga
385 569 446 616 uec
467 550 584 617 desunt
606 551 739 620 Veneris
762 551 863 619 sodali

262 672 338 736 Vina
360 681 520 748 craterae,
544 682 636 738 vetus
660 694 715 740 ara
738 673 837 740 multo

348 795 459 858 Fumat
480 792 591 859 odore.

259 960 354 1026 Ludit
374 960 515 1028 herboso
538 981 638 1049 pecus
659 983 756 1028 omno
778 983 907 1050 campo,

259 1083 339 1148 Cum
361 1081 417 1148 tibi
440 1083 550 1150 Nonae
572 1083 710 1150 redeunt
731 1081 945 1162 Decembres;
1175 1085 1214 1150 ld

215 1217 219 1227 “
258 1205 372 1271 Festus
395 1204 427 1269 in
448 1205 548 1292 pratis
570 1217 662 1272 vacat
687 1205 790 1272 otioso

343 1325 423 1392 Cum
445 1325 529 1392 bove
550 1345 669 1414 pagus3

256 1495 343 1560 lnter
364 1493 505 1562 audaces
527 1492 623 1582 lupus
646 1505 732 1561 errat
753 1515 874 1583 agnos;

192 1730 216 1778 7.
242 1729 410 1790 cretum,
437 1729 531 1791 Aldus,
559 1731 591 1788 L;
618 1728 829 1782 sedLvolebat
849 1735 971 1780 oraim.
997 1755 1023 1766 —
1047 1731 1071 1781 8.
1090 1733 1178 1782 odore:

160 1805 320 1940 (fflsslgtrlt)
346 1831 373 1840 -
398 1805 437 1855 η.
458 1805 556 1867 pardus
579 1803 647 1865 bed,
674 1813 777 1870 μνψω,
806 1817 875 1856 corr.
894 1821 929 1866 κ,
955 1819 1011 1855 var.
1034 1803 1094 1856 lect.
1120 1805 1176 1873 βγι.

129 2093 250 2144 vernulae
269 2094 331 2144 sunl
348 2092 419 2157 apud
436 2095 527 2144 iuven.
541 2094 585 2154 tt,
607 2093 651 2143 97:
688 2095 768 2144 Recta
791 2093 923 2144 distinctio
941 2096 982 2144 est
1004 2096 1057 2146 iam
1074 2094 1209 2147 inuidiae

128 2167 315 2230 capuit-uselli,
340 2168 378 2217 Ad
395 2169 461 2230 quod
478 2168 564 2218 lascivi
580 2169 651 2218 iude-
689 2169 760 2218 4509.
796 2167 844 2218 atii
867 2171 927 2218 ante
948 2167 1095 2220 Bentlelum
1116 2171 1210 2234 iunge-

130 2241 187 2292 bant
197 2244 267 2293 ratris
276 2241 381 2292 monent.
400 2241 649 2306 (Videllxcursum.)
687 2241 752 2292 bant
765 2255 826 2293 cum
836 2257 862 2292 v.
880 2243 908 2292 st
920 2243 989 2306 (vbi.
1010 2270 1039 2280 -
1057 2243 1157 2293 berboao
1169 2271 1208 2282 --

131 2343 156 2352 -
172 2317 287 2381 Aequus]
310 2316 351 2366 Ad
372 2316 424 2366 hoe
449 2329 508 2367 voc.
536 2316 650 2366 Torren·
686 2317 783 2381 campo]
797 2316 851 2366 Sub
864 2315 1209 2369 eaeloltalicovirenther-

131 2390 179 2440 tius
196 2392 280 2442 refert
295 2392 396 2441 variam
414 2389 475 2440 lect.
495 2390 559 2440 Cod.
572 2391 650 2440 unius
686 2391 752 2453 bae,
772 2404 834 2441 cum
851 2391 921 2456 apud
940 2405 989 2442 nos
1006 2393 1115 2443 iamdiu
1131 2397 1206 2458 prata

128 2463 215 2526 uena,
234 2464 380 2517 Lambinus
397 2465 430 2514 ad
447 2479 473 2514 v.
492 2465 564 2524 tanim
586 2464 649 2515 illud
685 2467 754 2516 vieta
781 2480 812 2516 ac
835 2466 965 2517 deformia
987 2471 1032 2517 aut
1058 2468 1117 2518 nive
1144 2481 1208 2518 coo-

128 2549 189 2589 sane
212 2538 388 2604 probabilius.
424 2539 476 2589 Sed
499 2553 561 2590 cum
578 2538 649 2591 nulla
685 2542 848 2604 pertusant.

129 2611 180 2662 iere
202 2615 303 2664 nitatur
323 2614 492 2675 auctoritate,
519 2614 648 2664 aCritico
718 2616 757 2664 lt.
779 2617 818 2665 ti.
844 2616 1080 2680 Festa-papie]
1097 2628 1207 2666 «omnes

128 2686 244 2738 Leideusi
259 2701 313 2737 non
325 2686 443 2737 debebat
454 2688 646 2738 commendari.
685 2688 821 2742 blandelae
832 2689 1047 2753 (hodieliondela)
1056 2691 1151 2753 pagani
1161 2689 1208 2739 tibi

156 2763 209 2812 5-8.
236 2763 275 2827 st]
293 2765 391 2813 Preces
411 2775 492 2827 saepe
513 2765 648 2828 concipie-
685 2766 829 2827 operantur
849 2764 981 2826 feriasque
1002 2763 1107 2826 agunt.»
1132 2763 1205 2812 Ouid.

127 2835 296 2888 banturcum
313 2836 464 2886 huiusmodi
482 2837 645 2887 condicione.
684 2837 753 2886 Fast.
773 2839 800 2898 t,
827 2837 888 2886 669:
922 2839 1005 2900 Papus
1026 2841 1087 2900 apat
1108 2837 1206 2900 sertum.

126 2910 180 2962 Vid.
191 2912 224 2962 ad
230 2912 281 2962 od.
293 2911 316 2971 l,
327 2910 368 2972 32,
381 2912 404 2960 ⁴.
415 2937 441 2948 ·-
449 2911 524 2974 pleno
532 2911 645 2976 nanno]
684 2910 760 2972 Quod
772 2909 846 2962 multi
856 2909 939 2960 Codd.
952 2923 1001 2974 pro
1012 2924 1093 2973 papus
1109 2909 1209 2960 habent

127 2983 256 3036 adfinem
276 2987 420 3048 vergente,
439 2999 523 3050 prope
542 2988 644 3047 exacto,
679 2986 778 3048 pardus
803 2984 894 3035 iestive
921 2983 1034 3049 explicat
1056 2983 1205 3034 Bentleius:

126 3060 201 3112 lionis
213 3059 419 3112 Decembribus.
435 3087 463 3097 -
484 3061 645 3125 torpescet]
685 3059 768 3110 avide
792 3061 820 3110 et
840 3058 898 3109 ride
915 3059 1109 3109 monachorum
1132 3060 1207 3123 inge-

127 3134 645 3200 ·Silergerepleturvinocrntero(torma
682 3135 765 3185 nium.
785 3135 849 3194 Quia
859 3132 921 3185 illud
930 3133 1095 3198 sequebatur
1104 3133 1137 3183 de
1148 3133 1207 3196 lupo

126 3209 201 3260 etiam
224 3225 240 3260 a
258 3211 388 3261 Cicerone
404 3210 479 3259 Verr.
497 3211 559 3260 Ac'c.
578 3209 602 3261 l.
619 3209 643 3273 5.
680 3210 747 3259 inter
762 3223 841 3273 opaca
855 3211 976 3270 innocuo,
995 3208 1073 3259 faceti
1084 3207 1205 3260 homines

126 3283 191 3344 tan,
204 3284 643 3350 sadinprimisapoelislsat.i,t,
682 3287 879 3335 commutarunt
902 3297 985 3348 popm
1008 3286 1036 3334 in
1053 3284 1151 3347 param
1174 3297 1206 3334 ex

125 3356 163 3407 80.
172 3359 336 3422 Persidi.)
349 3361 473 3424 usurpata
482 3373 531 3425 pro
539 3359 643 3424 nata),
681 3359 773 3410 Esaiae
786 3359 815 3410 C.
831 3360 871 3420 tt,
886 3359 916 3409 6:
929 3359 1056 3409 dubitabit
1066 3359 1140 3421 iupus
1150 3371 1207 3408 cnm

126 3442 189 3492 quae
215 3436 320 3484 cratera
346 3436 386 3484 est
415 3434 513 3484 Verania
537 3435 641 3496 sodalis,
681 3445 746 3496 opno
762 3433 1047 3496 etpcrduacumbucdo
1063 3432 1205 3482 uceadobit:

124 3511 249 3570 perpetua
273 3521 378 3570 comae,
405 3509 462 3560 sine
484 3523 537 3572 qua
554 3510 644 3560 Venus
679 3507 1030 3558 vitulmetleoetociaaimut
1039 3507 1207 3558 morabuntur

126 3577 220 3643 trigel.»
264 3585 398 3646 Lageuam
431 3586 586 3646 anonymus
616 3584 643 3634 iu
681 3587 704 3632 et
719 3595 784 3644 puer
799 3580 923 3644 pamulae
938 3581 1043 3631 minabit
1069 3581 1205 3646 (italorum

125 3655 198 3705 luth.
220 3656 273 3708 Pal.
292 3659 311 3707 l.
330 3671 356 3721 p.
376 3659 433 3708 tat.
453 3659 492 3709 sic
513 3655 641 3723 appellat:
679 3669 790 3718 menore,
809 3655 942 3706 Gallomm
958 3657 1053 3722 maner)
1071 3671 1136 3708 eos.»

127 3725 237 3790 Βάκχου
254 3732 305 3781 καὶ
315 3731 457 3783 Μουσέων
470 3729 553 3804 ἱλαρὴ
562 3729 644 3803 luitpr
713 3729 753 3780 43.
769 3731 907 3796 laterent]
917 3731 1065 3782 Perfectum
1074 3733 1206 3782 totiusru-

125 3803 170 3853 καὶ
186 3804 353 3876 Κυθερείης.
371 3812 481 3858 -vetoa
498 3808 556 3872 ora]
575 3809 643 3858 «iam
678 3803 715 3854 ris
732 3803 946 3868 tranquillitatem
966 3818 997 3855 ac
1014 3817 1124 3870 pacem,
1151 3817 1204 3868 qua

126 3875 156 3925 ab
173 3877 233 3942 illis,
252 3881 298 3944 qui
315 3880 360 3930 diu
377 3883 438 3931 ante
456 3894 500 3931 me
516 3880 642 3932 Sabinum
680 3880 789 3943 paganis
801 3880 852 3929 hoc
865 3877 992 3930 sollemne
1004 3879 1205 3943 gratumreddi-

126 3960 212 4002 meum
234 3954 425 4018 possederunt,
452 3958 586 4006 exstructa
609 3955 644 4005 ad
681 3955 737 4015 tur,
765 3953 883 4005 cumulat
908 3956 1007 4006 inserta
1032 3955 1101 4004 inter
1124 3964 1203 4002 veras

127 4021 243 4078 Faunulia
272 4029 464 4082 celebranda.»
495 4057 525 4067 -
554 4029 643 4093 odoro]
681 4029 808 4092 imagines
821 4029 934 4093 imagine
945 4030 1024 4079 etiam
1035 4027 1139 4092 poetica
1149 4025 1203 4090 lupi

128 4097 224 4152 «murts
241 4102 336 4166 odore,
355 4103 539 4156 autumantis.»
681 4103 786 4154 innoxie
810 4104 864 4154 iam
890 4103 1002 4153 errantis
1028 4103 1096 4151 iuter
1120 4112 1203 4163 agnos

156 4171 178 4221 9.
204 4176 288 4242 dudd]
318 4179 385 4230 Hinc
411 4178 539 4243 incipiunt
564 4179 645 4228 Fauni
681 4179 791 4242 propter
817 4177 860 4228 dei
883 4177 1061 4242 praesentiam
1087 4173 1204 4224 audaces

126 4240 213 4300 laudes
247 4251 452 4316 Fauualiumque
491 4251 643 4316 descriptio.
683 4251 769 4304 subito
787 4251 878 4302 iactos.
