2986 4974
502 419 561 470 ΗΒ.
581 419 600 467 l.
637 419 665 468 C.
686 417 772 468 xxm.

288 579 355 642 Non
378 585 549 642 aestuosae
571 585 661 660 grata
685 571 853 640 Calabriae

288 699 454 772 Armenta,
478 716 543 762 non
565 715 681 760 aurum
703 703 758 760 aut
780 691 862 760 ebur
884 692 1043 766 indicum,

331 820 400 884 Non
422 837 514 894 rura,
541 836 627 904 quae
648 815 731 882 Liris
754 813 864 904 quieta

371 938 496 1005 Mordet
517 957 603 1024 aqua
625 937 802 1004 taciturnus
826 937 937 1003 amnis.

290 1103 440 1166 Premant
461 1097 580 1166 Calena
601 1095 682 1165 ialoe
703 1096 822 1186 quibus
845 1094 934 1163 dedit

289 1223 430 1287 Fortuna
450 1219 565 1294 vitem,
589 1217 681 1285 dives
703 1229 736 1285 et
757 1219 866 1285 aureis
1166 1219 1206 1283 ll)

182 1385 206 1434 5.
226 1384 295 1432 laeto
314 1379 465 1432 Paldamus.
492 1405 519 1416 -
543 1379 567 1429 6.
590 1379 650 1429 abor
669 1380 698 1430 Τ.
719 1405 747 1416 -
766 1379 790 1428 9.
810 1378 929 1428 Calenam
948 1376 1032 1428 Bentl.
1054 1379 1122 1429 conl.
1145 1404 1172 1415 -

153 1459 193 1506 to.
212 1457 244 1522 et]
262 1461 292 1506 at
306 1457 336 1516 B,
355 1468 396 1519 pr.
414 1453 435 1514 β
452 1457 480 1505 et
496 1465 565 1504 corr.
584 1469 611 1519 γ,
629 1453 790 1518 Porphyrio,
815 1453 882 1503 Poll.
902 1453 1036 1516 quinque,
1054 1452 1139 1504 Bentl.

119 1598 196 1648 dae.»
221 1597 269 1660 Ep.
290 1596 318 1654 l,
341 1595 385 1645 at:
408 1597 513 1646 Pactam
530 1593 645 1644 Calabris
681 1590 711 1654 l,
738 1591 799 1642 350:
831 1592 863 1642 m
889 1593 955 1641 Lt'ria
981 1593 1091 1642 nutritas
1118 1593 1205 1656 aquis,

118 1678 177 1722 mata
200 1672 271 1721 adas
295 1669 421 1734 [avidam
444 1669 550 1719 Lacona
568 1674 646 1721 mutet
682 1667 726 1730 qui
745 1667 813 1730 sonte
833 1667 915 1728 palato
935 1667 1085 1718 Dissimulet
1105 1681 1207 1718 caream

116 1747 228 1811 pascois.
241 1743 508 1809 -prata-amaatta]
520 1742 645 1807 «pulchra
683 1757 714 1792 ac
733 1743 802 1792 nullo
824 1741 951 1792 mutabilis
971 1741 1045 1791 imbri
1060 1744 1208 1807 Perstat'aplt

119 1825 145 1872 al
167 1821 290 1886 pinguia,
317 1833 387 1883 quae
407 1819 472 1868 dum
489 1821 644 1883 pascuntur¹
682 1817 773 1868 tacitos
787 1818 924 1881 naamam
939 1818 1040 1881 paratae
1054 1818 1134 1880 ripas.

117 1901 222 1962 pratum
239 1908 292 1945 non
309 1893 397 1944 solum
414 1892 531 1953 domino,
550 1905 646 1944 verum
716 1893 740 1942 9.
759 1893 910 1942 Sententiae
927 1891 964 1942 ita
981 1894 1135 1942 nectuntur:
1163 1891 1208 1943 «ld

118 1974 201 2022 etiam
217 1983 267 2034 per
284 1981 383 2033 pascua
401 1967 582 2018 deambulanti
593 1969 648 2016 via·
683 1979 748 2017 vero
758 1979 818 2016 mea
828 1965 1034 2027 minimeralerl,
1044 1965 1107 2030 quid
1117 1969 1210 2030 optent

119 2047 169 2096 tori
195 2042 379 2109 spectaculum
404 2042 561 2108 praebent.»
591 2043 647 2092 lloo
683 2041 806 2092 homines
832 2039 866 2090 de
887 2039 977 2104 plebe.
1004 2041 1127 2092 Habeant
1147 2040 1207 2100 sibl,

118 2119 254 2172 ἐπίθετον
271 2117 392 2182 simplex,
411 2117 462 2168 hoc
479 2119 590 2167 naturae
607 2117 647 2166 rei
684 2127 754 2178 quae
783 2116 925 2178 expetunt:
961 2115 1087 2178 equidem
1117 2117 1209 2180 paucis

119 2197 226 2260 aptum,
250 2207 282 2244 ao
300 2193 401 2244 risisset
419 2192 540 2257 prolecto
557 2193 645 2254 poeta,
685 2191 825 2240 contentus
842 2201 933 2240 sum.»
960 2191 988 2240 ln
1006 2190 1102 2240 barum
1119 2193 1210 2241 autem

119 2269 142 2320 si
165 2269 226 2332 quis
252 2280 315 2318 eum
340 2266 501 2318 substituere
527 2265 648 2316 iussisset
685 2264 799 2315 duarum
817 2263 987 2326 stropharum
1004 2265 1133 2334 εἰρωνείᾳ
1151 2277 1210 2314 ma-

120 2345 196 2394 laeto.
210 2344 276 2394 Miro
293 2355 366 2402 casu,
386 2355 468 2405 quem
485 2343 575 2392 tamen
593 2341 647 2390 iam
685 2339 755 2388 mma
772 2337 851 2388 huius
869 2337 952 2388 odarii
966 2339 1050 2390 virtus
1060 2339 1147 2403 posita
1160 2343 1208 2391 est.

120 2417 261 2480 aliquoties
270 2417 429 2474 notavimus,
441 2416 537 2466 llltnch
550 2418 577 2464 et
589 2413 650 2465 llos·
688 2440 715 2450 -
733 2411 858 2476 Preamat]
876 2425 926 2476 pro
942 2413 1061 2477 pedestri
1076 2428 1101 2465 v.
1110 2419 1209 2477 patena

121 2505 183 2542 man
202 2490 359 2553 Peerlkamp
376 2491 403 2540 in
420 2489 535 2540 eandem
551 2487 650 2538 incide-
686 2489 747 2552 quia
769 2488 879 2537 nimiam
895 2489 1083 2552 pampinorum
1104 2503 1136 2538 ao
1153 2487 1211 2554 pal-

121 2569 183 2616 runt
195 2566 274 2616 coni:
294 2566 554 2616 Grata-amenta.
579 2565 648 2613 Sane
686 2563 781 2613 mitum
798 2561 930 2612 luxuriem
949 2561 1001 2612 lala
1016 2564 1142 2612 olaeauco
1159 2565 1211 2613 Ca-

122 2654 186 2691 oves
195 2641 353 2690 Tarentinae
365 2641 475 2704 propter
486 2638 563 2689 lanae
571 2652 650 2703 prae-
687 2638 741 2687 toni
752 2638 782 2686 ll.
796 2638 825 2688 lt.
840 2637 892 2696 ll„
907 2638 1042 2698 putatoria
1056 2636 1172 2688 Palladio
1186 2638 1209 2698 l,

122 2717 247 2767 stantiam
264 2717 341 2764 erant
357 2713 538 2766 nobilissimae
555 2713 649 2778 appel·
686 2711 727 2773 ld,
747 2713 782 2772 l.,
805 2710 926 2762 cultellus
943 2713 1069 2762 incurvus
1083 2713 1210 2772 vinitoris,

122 2788 299 2851 labanturque
318 2790 444 2850 Graecae,
463 2789 589 2838 Graecam
601 2802 649 2850 pa-
687 2785 848 2849 eomprimit‚
867 2787 1022 2850 compescit.
1042 2786 1111 2848 l'irg.
1126 2789 1171 2837 Ge.
1187 2787 1210 2848 l,

122 2878 173 2914 aas.
194 2863 247 2913 Clr.
268 2860 441 2913 Columellam
459 2864 483 2924 7,
498 2861 523 2913 l.
536 2862 601 2913 Plin.
616 2865 647 2914 Η.
688 2862 747 2912 ⁴57:
773 2863 844 2910 raris
859 2861 933 2922 opaci
948 2861 1024 2911 Falce
1035 2874 1136 2924 procrea
1154 2873 1213 2910 aaa·

96 2972 101 2979 ·
123 2941 152 2988 N.
171 2940 201 3000 8,
220 2938 261 2990 l8.
280 2939 381 2988 Verum
398 2951 454 2987 ovea
468 2940 650 2990 nonsuntar-
685 2937 754 2988 bras.
772 2934 847 2986 Ovid.
866 2937 928 2988 atet.
942 2932 986 2996 tt,
1007 2935 1067 2986 628:
1087 2935 1213 2985 maaca-

121 3019 223 3074 amato,
257 3025 372 3076 quorum
405 3011 539 3063 ἐπίθετον
567 3014 650 3064 Graio
685 3012 759 3076 {alca
779 3012 836 3072 (lad
851 3009 925 3058 modo
942 3009 1070 3058 lanariam
1082 3009 1176 3070 premit
1190 3014 1214 3059 at

123 3089 206 3138 mbos
228 3087 321 3152 procul
345 3087 427 3138 dubio
452 3089 521 3139 risus
546 3088 652 3139 lectori·
686 3085 826 3148 metientia
838 3085 935 3146 passim
945 3084 1057 3133 Braabto
1072 3085 1210 3144 corapeaot't.

123 3161 174 3214 bus
204 3163 375 3214 excussisset.
686 3162 724 3210 lta
754 3159 847 3210 Graeci
875 3170 991 3221 quoque.
1021 3157 1154 3208 Plutarch.
1179 3157 1213 3210 de

688 3234 750 3284 aud.
769 3234 841 3283 Post.
854 3245 881 3296 p.
895 3232 934 3281 58.
948 3232 1043 3294 Wylt.:
1063 3224 1138 3283 ὅπου
1150 3225 1214 3282 ὑλο-

125 3273 650 3413 isenosanam:
687 3312 776 3436 m
789 3301 1214 3371 e

124 3424 203 3473 auare
222 3425 381 3486 saraptam.
400 3423 448 3473 oa.
467 3424 496 3485 3,
516 3425 561 3485 tr,
580 3424 605 3474 s.
687 3399 890 3530 mmm
907 3459 981 3521 vitis,
1007 3459 1212 3522 comparatione.

155 3537 180 3586 8.
207 3535 315 3599 llorctat]
338 3533 420 3584 Simili
438 3536 553 3598 imagine
570 3535 651 3586 etiam
689 3538 816 3588 Ceterum
849 3533 932 3584 cuivis
960 3533 1130 3584 manifestum
1158 3533 1214 3584 lore

123 3611 213 3660 rodere
229 3611 257 3658 et
272 3614 352 3660 terere
363 3608 397 3659 de
409 3609 496 3658 liuviis
508 3609 581 3674 ripas
592 3623 653 3660 sen·
689 3610 816 3674 equidem
843 3610 982 3672 putaram,
1011 3607 1046 3660 de
1074 3608 1215 3658 vinearum

124 3685 175 3734 sim
193 3681 345 3734 eluentibus
362 3685 515 3747 usurpatur.
545 3685 650 3734 Lucret.
690 3683 815 3735 fertilium
831 3683 1010 3746 possessione,
1030 3694 1084 3732 non
1100 3695 1167 3733 vero
1180 3680 1215 3732 de

123 3759 156 3818 5,
173 3757 235 3808 257:
263 3761 288 3807 at
311 3758 383 3820 ripas
406 3758 525 3808 rodmtto
544 3759 653 3823 {turnino
689 3761 748 3823 ipso
770 3769 853 3821 opera
875 3757 974 3808 rustico
991 3757 1019 3806 lu
1035 3756 1066 3806 lis
1083 3755 1214 3817 iaciendo,

123 3833 224 3882 radant.
254 3829 346 3881 Claud.
374 3831 455 3882 Cons.
482 3831 560 3882 Prob
588 3833 650 3884 259:
689 3833 763 3896 loqui
778 3833 901 3895 poetem5
928 3830 1091 3881 contrarium
1112 3828 1217 3880 videtur

124 3911 205 3955 terens
233 3911 351 3967 quarata
378 3905 493 3956 llamcoe
516 3906 591 3956 liris.
623 3934 651 3944 —
691 3907 827 3967 llibkero,
846 3907 888 3957 eui
913 3906 960 3969 qui
985 3904 1055 3956 volet
1079 3904 1215 3961 assentiat;

124 3979 274 4044 taedarum]
293 3980 346 4031 Cir.
366 3980 449 4030 Isaiae
467 3980 495 4041 8,
516 3981 544 4031 6:
571 3994 655 4043 oquae
691 3994 741 4045 ego
758 3995 820 4030 non.
846 4007 874 4016 -
899 3980 1090 4032 alleaenliores
1107 3977 1217 4042 quidem

125 4054 201 4116 Silot‘,
220 4068 286 4117 qaae
301 4055 398 4104 cadmei
415 4055 588 4106 cwastlattto.
614 4056 654 4106 Ti·
692 4055 822 4107 editiones
839 4058 942 4120 ponunt
955 4055 1161 4117 commatapost
1172 4065 1215 4102 vv.

125 4127 188 4180 bull.
204 4129 227 4190 t,
242 4129 266 4189 7,
280 4129 327 4180 43;
345 4129 383 4180 Aa
395 4133 427 4192 te,
441 4130 533 4194 Cedat,
551 4143 652 4192 conam,
691 4131 756 4195 solco
772 4133 800 4181 et
815 4131 937 4181 Fortaata.
958 4131 992 4182 nt
1007 4128 1107 4180 rectius
1124 4124 1217 4178 tollun-

125 4203 209 4252 taottta
235 4204 280 4266 aaa·
307 4203 395 4254 letatur
421 4205 496 4256 abab
520 4205 655 4256 coenatore
691 4205 743 4268 tar,
762 4207 791 4255 ut
807 4205 974 4256 accusativus
990 4203 1065 4256 odem
1082 4214 1136 4254 non
1153 4212 1216 4262 pra-

124 4277 286 4342 ptaciditpoa
299 4277 560 4342 vaoaaapaaqats?
577 4277 654 4332 Silius
690 4285 762 4332 asom
783 4278 871 4331 solum
893 4279 1034 4343 sequetur,
1064 4274 1114 4329 sed
1135 4274 1216 4326 etiam
