2998 4980
469 486 528 536 tta.
547 485 566 534 l.
602 486 631 534 C.
651 484 702 534 llll.

247 651 321 717 Sive
343 649 506 717 subiectas
529 651 670 717 Orientis
692 670 769 716 orae

373 771 469 838 Seras
492 782 524 838 et
545 771 657 848 lndos,

246 933 289 998 'le
312 931 415 996 minor
437 929 535 996 latum
557 940 647 1017 reget
668 950 793 1018 aequus
816 929 943 1009 orbem,

245 1054 292 1116 Tu
313 1053 403 1138 gravi
425 1071 522 1118 curru
546 1052 673 1139 quaties
695 1050 887 1140 Olympum,

147 1195 150 1201 ·
244 1173 427 1261 luparum
449 1173 546 1240 castis
567 1173 696 1242 inimica
717 1173 823 1241 mittes
972 1251 978 1260 ¹

373 1293 517 1362 Fulmina
538 1295 628 1362 lucis.
1117 1299 1158 1363 60

139 1459 177 1507 55.
203 1469 256 1506 ona
271 1453 363 1506 Aldus.
377 1485 403 1492 -
416 1456 457 1506 56.
476 1457 570 1506 Saena
587 1456 642 1520 (sic)
659 1458 689 1506 T.
702 1456 780 1506 -57.
798 1457 878 1506 latren
894 1456 1004 1518 bS‚LCt,
1022 1458 1122 1510 Bentlz

113 1533 199 1583 traam
216 1534 267 1594 BT,
287 1546 360 1592 αχω,
379 1545 419 1596 pr.
438 1549 463 1592 ν,
481 1548 493 1583 ι
509 1545 558 1595 pro
574 1545 630 1581 var.
649 1529 724 1592 lect,
747 1533 814 1581 Pott.
836 1533 903 1591 tres,
925 1533 991 1583 Fau.
1014 1562 1040 1569 -
1058 1539 1127 1596 repet

113 1607 249 1668 lth,LCT,
266 1607 364 1658 Beati:
383 1613 456 1672 repat
467 1607 548 1669 Stffl·
563 1607 623 1670 (nou
634 1605 668 1667 J.)
683 1634 711 1641 -
729 1619 822 1668 aequos
838 1607 945 1669 antiqua
956 1607 1086 1672 scriptura
1096 1607 1124 1656 B.

93 1745 183 1804 mana
198 1747 306 1797 arbores
321 1747 388 1796 sacri
398 1747 448 1796 luet
458 1747 528 1796 Deae
537 1745 603 1795 Diae
638 1757 716 1796 suam
731 1757 825 1795 eorum
840 1745 993 1796 Innocentio
1003 1747 1046 1796 111.
1065 1747 1161 1798 inseri-

92 1824 183 1870 rtmctee
199 1822 454 1882 arduerint‚--eias
469 1822 507 1870 rei
524 1833 603 1870 causa
639 1819 719 1870 bens:
744 1822 800 1870 Noa
823 1821 882 1870 derra
903 1835 929 1870 es
949 1833 993 1870 aec
1009 1821 1095 1883 borno,
1119 1824 1161 1872 sed

91 1893 603 1946 mmmmmmamatttbmomto-
637 1900 725 1946 armar
751 1909 788 1957 er,
817 1897 883 1946 inter
908 1900 1056 1958 mumque,
1084 1899 1161 1960 ortem

88 1967 149 2018 ulau.
175 1998 202 2006 —
228 1971 336 2034 Operae
362 1971 477 2034 pretium
502 1971 544 2020 est
565 1970 602 2019 vi·
638 1971 697 2020 deur
721 1969 793 2034 clepit
815 1972 916 2020 maun.
957 1972 1089 2022 Smiotitm
1113 1973 1162 2036 epit

88 2041 147 2104 dere,
165 2044 306 2108 quomodo
317 2043 430 2096 similem
442 2046 600 2096 sententiam
638 2047 726 2096 ream
739 2047 851 2107 portitor
867 2047 995 2095 mandare.
1020 2045 1072 2096 Sibi
1083 2047 1162 2096 notuit

88 2121 233 2180 expresserit
267 2118 371 2169 mediae
400 2119 493 2170 aetatis
523 2121 601 2182 po'eta
637 2134 702 2171 unus
728 2121 831 2182 Omnia,
855 2121 897 2170 sed
918 2121 996 2170 votuit
1015 2120 1059 2170 tibi
1080 2125 1161 2170 terras

87 2189 199 2246 Gallridus
238 2194 277 2244 de
311 2192 442 2244 Winerall
474 2193 601 2244 Pottriom
637 2201 660 2245 et
676 2196 721 2244 sibi
737 2197 840 2246 ructuat.

543 2497 693 2508 ——-

438 2756 799 2815 EXOURSUS

507 2925 511 2950 ¹
541 2928 579 2976 Aa
598 2927 628 2976 C.
647 2927 699 2976 llll.

140 3094 304 3158 ingeniosius
326 3107 408 3158 qnam
424 3095 513 3144 verius
531 3093 638 3144 Liibker
654 3093 776 3143 arbitrari
794 3093 859 3144 mihi
882 3091 998 3154 videtur,
1024 3093 1161 3143 Horatium

92 3177 265 3240 antiquissimis
287 3177 337 3228 illis
354 3179 533 3228 aomanorum
557 3177 671 3228 canticis
689 3175 861 3242 popularibus
882 3189 946 3227 suae
965 3177 1042 3226 aetati
1061 3189 1161 3227 conve-

93 3257 187 3313 aternus
203 3265 258 3314 hoc
275 3273 385 3312 carmen
402 3260 564 3312 substituere
580 3259 704 3312 voluisse.
732 3261 835 3311 Etenim
847 3259 926 3310 nimis
943 3257 985 3309 ille
997 3258 1162 3312 abhorrebat

92 3345 163 3394 ttato
183 3347 281 3398 torridi
304 3346 372 3396 itlius
394 3345 510 3395 Satarnr'i
530 3357 616 3395 verriu
631 3357 743 3406 genere,
768 3346 796 3394 et
812 3345 884 3394 omni
901 3356 964 3394 cum
981 3344 1067 3408 prisca
1086 3347 1161 3409 poesi

92 3423 164 3476 tatius
181 3429 359 3482 aemulatione
378 3431 531 3480 constanter
547 3441 608 3480 sese
626 3427 759 3478 abstinuit.
793 3428 880 3490 Atque
897 3439 962 3478 sana
983 3441 1037 3476 mos
1053 3427 1095 3478 ille
1108 3442 1162 3491 pu·

91 3509 145 3559 ban
159 3513 315 3564 iamdudum
332 3512 509 3572 obsoleverat,
528 3525 616 3576 neque
629 3524 691 3562 cum
710 3523 839 3561 renovare
857 3509 1004 3574 quidquam
1021 3511 1159 3564 attinebat.

92 3591 164 3656 lide,
188 3597 261 3662 quod
285 3611 317 3647 ex
340 3598 427 3648 nativa
449 3609 481 3646 ac
504 3609 587 3660 prope
611 3597 764 3646 necessaria
787 3593 922 3660 popularis
947 3596 1036 3658 poesis
1062 3595 1159 3658 indole,

92 3676 182 3734 qualem
205 3693 267 3731 eam
290 3681 412 3730 novimus
436 3681 631 3733 eGraecorum
648 3679 754 3740 Scoliis,
779 3693 811 3730 ex
833 3679 952 3730 Arabum
970 3681 1101 3740 Hemesa,
1127 3695 1160 3731 ex

92 3763 184 3814 canticis
200 3764 356 3829 (Hmmacer)
374 3765 564 3828 Hispanorum,
583 3763 739 3828 Anglomm,
763 3761 909 3823 Gallorum,
932 3764 1081 3826 banorum,
1103 3762 1160 3813 Sla-

91 3853 185 3908 vutum,
204 3851 419 3912 Heograecorum
437 3847 576 3899 manifesto
593 3849 705 3911 apparet
722 3847 853 3897 eiusmodi
870 3843 1025 3918 τραγούδια
1042 3846 1160 3910 singulo-

92 3935 140 3976 rum
155 3929 266 3982 bereum
283 3929 390 3994 singula
408 3931 463 3982 lere
481 3930 640 3982 facinoribus
657 3931 769 3982 variisve
787 3933 856 3981 vitae
868 3930 975 3981 casibus
990 3929 1033 3980 vel
1050 3931 1160 3995 praedi-

93 4011 169 4063 emtis
190 4016 232 4066 vel
250 4015 418 4080 deplorandis
436 4015 564 4066 destinata
583 4029 656 4076 esse,
681 4017 736 4067 sive
760 4015 956 4080 praecesserint
973 4015 1021 4065 bas
1039 4013 1159 4078 epicoly-

92 4089 149 4144 n'cas
169 4099 310 4150 cantilenas
332 4101 407 4163 epica
430 4101 560 4160 carmina,
584 4103 614 4149 ut
635 4101 759 4163 antiquus
781 4097 822 4148 ille
841 4099 1017 4164 Hispanorum
1039 4098 1091 4148 llio
1114 4099 1160 4149 Cid

93 4173 433 4245 invasoremque,
452 4185 507 4233 sire
525 4185 591 4232 haec
609 4182 666 4233 illas
687 4183 831 4234 subsecuta
849 4183 913 4240 sint,
935 4187 965 4232 ut
986 4183 1011 4232 in
1034 4181 1159 4232 Nibeluu-

94 4257 156 4314 little
177 4268 263 4318 nostra
288 4268 386 4319 lactum
408 4267 521 4317 videtur.
557 4269 697 4328 Quocirca,
723 4268 772 4317 nisi
795 4268 881 4316 omnis
904 4265 1022 4328 analogia
1045 4279 1156 4329 pmrsus

96 4353 134 4392 uos
154 4347 223 4410 tallit,
247 4353 326 4402 etiam
350 4353 466 4402 carmina
491 4349 531 4400 illa
554 4353 645 4401 vetera
663 4352 855 4404 Humanarum.
875 4361 988 4414 quorum
1007 4351 1155 4399 meminere
