2998 4980
525 451 585 502 tut.
604 452 624 501 l.
659 450 687 500 C.
707 450 772 501 llVl.
845 441 848 452 ’

348 607 493 673 Tentevit
514 607 546 670 in
568 604 654 671 dulci
678 607 806 672 iuventa

388 731 510 794 Feruor
532 737 565 802 et
586 727 618 793 in
641 727 766 794 celeres
786 726 913 793 ianrbos

303 887 387 953 Misit
409 887 583 966 lurentem;
607 907 693 953 nunc
716 907 777 974 ego
800 885 930 952 mitibus
1177 888 1218 952 25

302 1011 425 1076 llutere
447 1029 571 1097 quaero
594 1008 710 1086 tristia,
733 1009 811 1075 dum
838 1008 914 1074 rnihi

348 1131 421 1196 Fies
444 1131 616 1197 recantatis
639 1131 743 1197 amica

390 1251 583 1340 Opprcbriis
607 1252 814 1340 animumque
837 1249 965 1318 reddes.

203 1525 243 1576 23.
265 1525 401 1587 Ternwvtt
418 1524 463 1575 Τά.
485 1552 512 1562 -
531 1524 572 1576 28.
592 1522 736 1586 Obprobn'is
752 1522 798 1573 Td.

167 1775 206 1828 et.
240 1777 331 1828 celeret
345 1777 451 1841 iamim]
475 1777 543 1828 Cum
560 1775 658 1828 ἐπίθε-
729 1776 769 1826 25.
796 1775 874 1838 Misit]
902 1775 1038 1826 «incitavit
1059 1776 1093 1826 ed
1117 1775 1220 1827 iennboe

132 1865 185 1901 τον
208 1851 364 1915 simpliciter
388 1865 485 1902 ornens
511 1852 538 1902 h.
562 1851 579 1902 l.
602 1853 657 1901 tem
696 1849 929 1914 componendos.»
958 1877 985 1886 -
1014 1851 1104 1900 «Necte
1125 1851 1221 1901 studeo

134 1927 248 1977 otiosum
260 1925 337 1987 toret,
355 1941 436 1990 quern
452 1929 556 1977 rectum
573 1927 615 1976 eet
630 1926 658 1975 in
695 1925 791 1985 mette,
815 1925 894 1974 nimis
911 1937 1001 1975 emere
1021 1925 1101 1988 etque
1115 1937 1219 1988 cepere,

135 2001 288 2052 definitione
304 2004 335 2051 Α,
354 2004 382 2052 Ρ.
399 2002 461 2054 est:
489 2001 595 2061 mutue,
613 2013 659 2063 pes
695 1998 856 2062 relinquere,
876 1999 951 2049 mitta
969 2011 1035 2048 vero
1051 2001 1178 2063 persequi
1194 2001 1222 2049 et

135 2078 203 2137 titus,
220 2076 264 2126 hic
281 2073 466 2139 explicandum
486 2076 556 2126 duco
577 2088 658 2126 «con-
696 2073 844 2138 amplectit

136 2152 226 2202 citatos
252 2151 316 2214 (Cic.
335 2150 369 2201 de
401 2151 444 2201 Or.
468 2152 493 2210 2,
516 2151 562 2201 88:
596 2165 658 2200 eru-

135 2227 197 2276 tione
213 2225 289 2275 ceteri
305 2230 328 2274 et
343 2225 504 2288 concitate),
528 2225 659 2290 impetuo—
727 2224 769 2274 26.
790 2221 956 2272 «Dummodo
968 2234 1077 2273 mecum
1088 2225 1115 2272 te
1127 2237 1221 2274 recon-

136 2315 187 2362 scs,
203 2301 314 2361 rusci»,
333 2303 360 2350 et
375 2301 419 2350 hic
433 2299 553 2364 quidem,
569 2301 600 2348 ut
609 2313 656 2363 per
696 2297 784 2357 cilice,
819 2295 1034 2347 benevolentiam
1059 2300 1131 2348 tuam
1155 2299 1219 2350 mihi

136 2389 163 2424 se
180 2374 344 2438 intelligitur,
364 2376 454 2426 «ire».
490 2375 533 2424 Sic
548 2375 613 2437 Epp.
633 2373 657 2434 t,
696 2373 828 2432 restitues,
847 2373 995 2423 retractetis
1012 2372 1065 2422 iem
1081 2385 1096 2422 e
1114 2387 1157 2424 rne
1174 2387 1221 2438 op·

137 2451 173 2508 ⁴8,
190 2450 237 2500 89:
257 2451 362 2502 oderunt
375 2476 388 2488 ·
401 2477 413 2488 ·
427 2451 539 2500 sedam
559 2448 656 2498 cuore.
695 2447 835 2512 probetis.»
