2986 4974
534 434 642 483 111111.
680 437 707 484 C.
728 438 746 485 l.

294 587 330 650 Et
352 587 549 664 consulenti,
575 589 691 665 Pollio,
716 593 840 668 coriae,

335 709 393 774 Cui
418 708 528 776 laurus
551 721 701 778 aeternos
729 712 868 781 honores

377 831 554 899 Delmatico
579 835 704 919 peperit
727 835 897 923 triumpho.

292 992 357 1056 lam
381 1011 465 1058 nuno
488 991 603 1058 minaci
627 1015 791 1060 murmure
817 1015 974 1062 cornuum

292 1112 484 1199 Perstringis
507 1133 616 1188 aures
641 1117 704 1180 iam
726 1114 793 1180 litui
816 1125 976 1203 strepunt,

188 1266 228 1314 16.
249 1263 388 1314 Delmatico
405 1265 439 1314 B:
458 1265 603 1339 innialico
620 1263 784 1324 bernacer.
804 1268 870 1316 ltcm
889 1267 972 1318 Bentl.
990 1273 1016 1318 ct
1034 1271 1080 1320 111.

113 1387 147 1436 ad
161 1387 287 1438 caesarie
304 1386 438 1436 Octaviani
456 1399 542 1449 usque
559 1387 645 1436 ricto-
683 1401 745 1437 cum
762 1390 907 1440 renuntias
924 1393 1000 1452 rogat
1016 1392 1067 1440 heo
1085 1391 1204 1444 lomnirla:

114 1463 183 1511 riam
206 1461 339 1525 perducta
362 1475 423 1512 esse
441 1461 565 1522 videtur.)
600 1462 646 1512 lter
682 1463 729 1512 Dic
747 1464 780 1512 bl.
800 1464 876 1512 Tuum
900 1463 959 1526 (Sal.
980 1465 1037 1516 Cat.
1056 1465 1101 1516 le:
1120 1481 1207 1517 conae

111 1535 231 1598 paucae
243 1535 270 1585 h.
279 1534 295 1586 l.
304 1549 353 1600 pro
367 1536 493 1598 «negotiis
504 1535 643 1599 publicis»,
682 1537 744 1586 hnte
756 1537 872 1587 Cicerom
882 1543 983 1588 terratia
998 1540 1135 1602 decenit.l;
1149 1543 1206 1593 tum

114 1615 177 1673 τοῖς
190 1608 364 1672 πολιτικοῖς,
383 1611 512 1675 imprimis
524 1613 594 1661 statu
606 1613 644 1661 rei
682 1612 738 1675 ipse
756 1613 865 1663 senatus
885 1614 1013 1664 conadere
1032 1614 1084 1664 dici
1106 1617 1220 1679 potest,-

114 1685 647 1750 publicaevariisqueeiusviciseitodini-
682 1686 780 1746 idest,
798 1685 960 1750 deliberare,
979 1692 1009 1739 ut
1023 1688 1073 1740 sal.
1092 1691 1150 1741 Cat.
1163 1692 1203 1741 52.

113 1761 176 1822 bus,
196 1773 266 1824 quas
283 1773 332 1824 per
348 1759 417 1810 bella
429 1759 514 1810 civilia
528 1764 586 1810 eret
597 1773 645 1810 ex·
681 1761 796 1824 antiquis
813 1763 936 1814 liomenis
955 1762 1045 1814 tribuit
1056 1766 1169 1814 animan
1180 1767 1207 1814 in

113 1839 202 1901 perta.
238 1834 345 1886 Plautus
366 1835 417 1886 till.
439 1834 472 1898 gl.
493 1837 523 1894 2,
545 1837 574 1896 4,
597 1837 642 1885 aa:
680 1836 962 1897 concenationem
987 1851 1037 1889 nee
1058 1853 1123 1890 vero
1143 1852 1205 1890 eum

114 1911 271 1974 mommrei
289 1909 400 1971 publicai
417 1912 512 1974 ⁴qratia.
540 1911 595 1961 Cio.
609 1909 643 1960 de
681 1911 738 1962 aliis
747 1911 945 1976 explicandum:
959 1915 1094 1964 connitenti
1106 1914 1206 1965 seilicet

114 1987 187 2034 Orat.
200 1986 224 2044 l,
239 1986 266 2034 ll
279 1999 284 2032 ε
296 1986 349 2034 eine
358 1985 440 2034 matta
447 1987 644 2047 pertractatione
681 1989 715 2036 te.
737 2015 764 2024 -
782 1987 868 2050 Pollio]
889 1987 979 2038 llebus
1001 1987 1111 2040 demum
1131 1988 1204 2040 domi

114 2061 230 2110 maen
256 2073 343 2108 reram
370 2060 538 2121 peditem
569 2063 641 2111 Suet.
680 2059 796 2124 bellique
814 2074 830 2112 a
848 2060 962 2112 Pollione
980 2064 1061 2125 gestis
1080 2064 1137 2114 eius
1155 2077 1205 2113 no-

115 2134 643 2184 lienttzdtatriaimmomomoiwnrman
680 2148 743 2186 meu
759 2138 913 2199 praeponit,
941 2149 1009 2200 quae
1032 2137 1140 2198 insignis
1160 2149 1204 2188 ars

114 2209 278 2270 publicorum
308 2210 519 2271 nummosque
546 2211 643 2271 perori-
679 2223 760 2274 prave
777 2211 941 2274 reprehensa
959 2212 1136 2262 estaCritico
1149 2213 1203 2262 Mo-

115 2285 156 2335 rit.
171 2311 199 2320 -
211 2285 311 2348 marita]
331 2284 462 2347 Quidquid
483 2283 577 2347 aliquis
595 2296 642 2334 su·
679 2285 788 2334 uaceusi
805 2285 879 2335 4836.
898 2299 924 2348 p.
938 2285 995 2335 590.
1016 2285 1092 2334 Haud
1109 2286 1205 2337 memi-

115 2360 207 2423 scipit,
227 2360 280 2408 hoo
297 2361 356 2409 eius
373 2359 402 2409 tit
418 2371 520 2418 monor,
538 2361 640 2422 partes,
679 2363 755 2410 neret
766 2361 788 2410 is
799 2361 846 2412 Od.
860 2361 889 2422 ³,
908 2361 960 2420 27,
979 2361 1006 2411 iu
1018 2372 1071 2424 que
1083 2361 1203 2412 Galotm

115 2433 299 2498 dolante:
320 2435 362 2484 Sic
391 2432 514 2484 Pollionis
544 2445 642 2484 munus
679 2448 778 2486 nomen
796 2437 934 2499 comparet
950 2436 1060 2486 demum
1078 2449 1103 2486 v.
1124 2435 1164 2486 41.

115 2509 262 2572 tragoedia,
280 2509 316 2559 ad
332 2521 413 2572 quam
430 2511 492 2572 post
503 2509 641 2558 historiam
712 2511 753 2560 to.
771 2510 917 2574 Debnmim]
935 2511 1001 2561 Vlll.
1020 2508 1075 2560 Kal.
1095 2513 1160 2561 Nov.
1177 2523 1201 2560 a.

114 2583 281 2634 elaboratam
299 2583 388 2633 denuo
400 2595 430 2632 se
443 2582 557 2647 applicet
568 2585 643 2648 optat
679 2599 705 2636 u.
725 2599 749 2634 c.
769 2586 826 2635 ite.
857 2585 961 2648 (Baiteri
985 2587 1052 2636 Fosi.
1074 2585 1202 2649 triumph.

115 2659 368 2723 poeta—Cecropio
376 2661 467 2709 autem
476 2659 596 2709 cothurno
604 2660 643 2710 in·
678 2673 705 2724 p.
725 2661 830 2721 01111),
849 2673 912 2711 cum
929 2659 1093 2711 debellasset
1106 2661 1205 2710 Parthi·

115 2734 643 2797 nixus,quiaepudhtheuiensos‚inven-
678 2750 741 2796 nos,
767 2736 897 2801 populum
919 2737 1030 2800 lllyrici,
1056 2736 1202 2788 Delmatiae

113 2807 639 2872 toreThespi,lloruithocpoesisgenus.
678 2811 828 2862 finitimum.
881 2813 1042 2875 scripturam
1077 2812 1204 2860 Delmatia

114 2883 199 2946 (Ouid.
213 2896 245 2932 ex
258 2885 333 2932 Pout.
347 2881 376 2942 1,
391 2883 437 2942 lli,
454 2883 501 2932 29:
519 2884 642 2945 hircoque
679 2884 809 2949 praebent
821 2887 1008 2950 inscriptiones
1024 2887 1104 2945 (Grut.
1118 2897 1145 2949 p.
1159 2885 1201 2946 96,

116 2959 226 3008 lberoni
243 2958 347 3020 bomon
361 2957 452 3006 ioniae
463 2959 611 3022 cothurnis.)
678 2961 701 3010 4,
722 2961 748 3009 in
765 2960 883 3024 inscript.
903 2974 927 3009 a.
946 2973 973 3010 u.
993 2974 1017 3009 c.
1036 2959 1096 3009 763:
1118 2960 1202 3008 Banna

148 3032 191 3082 13.
204 3029 244 3082 41.
255 3033 311 3080 lem
324 3043 440 3094 pergens
455 3032 480 3081 iu
492 3033 574 3082 Asinii
585 3047 642 3083 me-
676 3035 854 3096 nocrimen),
869 3035 937 3084 Fasti
949 3034 1074 3096 triumph.
1089 3031 1200 3096 Capitol.

114 3107 172 3157 ritis
190 3105 369 3170 exponendis,
389 3120 452 3157 eum
463 3110 493 3161 ut
504 3110 638 3158 oratorem
676 3121 703 3171 p.
723 3109 818 3166 culli,
837 3107 971 3158 interdum
989 3109 1017 3157 et
1028 3106 1154 3167 Codices,
1173 3109 1203 3156 ut

113 3183 251 3233 terensem
279 3182 307 3230 et
333 3185 487 3232 senatorem
513 3181 639 3233 dilaudat.
677 3183 703 3232 h.
723 3180 740 3232 1.
758 3181 958 3244 antiquissimus
975 3183 1067 3231 noster
1082 3181 1111 3230 B.

112 3255 221 3318 Quintil.
243 3256 287 3316 ta,
313 3257 357 3314 41,
381 3257 426 3307 te:
453 3257 491 3306 An
515 3258 592 3308 Pollio
617 3264 641 3308 et
710 3257 750 3306 41.
769 3256 824 3306 lom
845 3255 919 3318 aare]
944 3255 1027 3318 Fingit
1047 3267 1077 3304 so
1094 3254 1201 3304 iamiam

112 3331 238 3390 Messala,
265 3331 309 3392 qoi
329 3331 382 3380 mm
406 3331 522 3382 Cicerone
546 3339 641 3384 mente
676 3330 719 3381 vel
736 3332 797 3380 ante
815 3329 913 3380 lectam
930 3330 1011 3380 Asinii
1024 3341 1116 3379 curam
1127 3339 1202 3378 sum·

110 3419 198 3456 mern
221 3405 375 3466 elcqamtiae
400 3419 476 3469 opere
497 3414 639 3469 coeperant,
677 3419 721 3455 ma
746 3403 868 3456 Pollionis
892 3407 950 3454 arte
973 3405 1100 3454 historica
1119 3405 1199 3466 atque

108 3493 206 3545 panim
228 3481 255 3530 in
274 3481 330 3529 uite
344 3481 639 3545 denominandam,
676 3479 810 3550 ἐναργείᾳ
826 3480 853 3529 iu
873 3479 977 3530 medias
994 3491 1039 3530 res
1057 3476 1201 3541 abreptum

107 3570 205 3620 ponera
228 3556 263 3604 ad
281 3559 394 3616 posteros
413 3555 511 3618 ebriae
527 3558 640 3607 trodiae-
676 3567 751 3616 esse,
782 3552 896 3617 exempli
925 3565 1020 3614 causa,
1054 3553 1081 3604 lu
1113 3553 1200 3616 ipsam

110 3629 239 3682 1111141-
258 3629 452 3695 maestis-reis]
470 3632 639 3698 utcumde-
676 3641 794 3694 pugnam
822 3627 1015 3688 Pharsalicam,
1044 3628 1200 3690 neutiquam

110 3706 196 3758 tendit
221 3705 335 3755 Nonium
363 3707 555 3769 Asprenatem,
582 3708 640 3756 blo-
676 3717 755 3763 vero,
783 3706 811 3753 ut
834 3701 877 3752 alii
900 3703 1055 3766 opinantur,
1082 3703 1109 3752 in
1129 3699 1200 3750 bella

108 3781 207 3832 schum
223 3779 298 3843 (Epp.
309 3779 368 3840 aa,
379 3779 403 3828 9.
414 3778 637 3841 collatisSchol.),
677 3779 782 3838 extera,
809 3789 878 3839 quae
896 3791 910 3826 a
928 3775 1044 3827 Pollione
1062 3789 1199 3839 nunquam

110 3855 312 3921 apollodorum,
330 3865 424 3904 omnes
435 3854 557 3904 veneficii
568 3867 637 3905 reos.
676 3853 782 3903 nemete
798 3855 868 3903 eunt.

110 3931 210 3982 lloratii
228 3941 335 3980 memor
352 3928 517 3980 iuitOvidius
531 3930 598 3979 l'ast.
613 3930 637 3990 l,
710 3929 749 3978 ts.
767 3927 924 3991 141111111ῃί4]
946 3924 1053 3976 Iuveual
1072 3927 1115 3986 tl,
1136 3926 1198 3974 ltili:

109 4006 151 4054 ἢ.
164 4004 200 4054 de
213 4005 383 4054 Germanico:
404 4003 489 4054 Circa
501 4017 550 4065 pro
561 4004 640 4065 trepi-
675 4007 699 4052 et
708 4003 799 4065 [recor
809 4015 898 4052 owen
904 4002 1020 4053 Perculit.
1032 4001 1202 4064 Periti-inpare

111 4081 148 4129 dir
164 4093 223 4130 eran
239 4078 296 4127 tolit
311 4091 387 4128 anna
398 4079 455 4128 reis.
479 4103 506 4113 -
525 4079 638 4128 Senatus
675 4076 709 4127 de
727 4076 837 4128 auribus
853 4077 932 4126 acuto
949 4074 991 4126 vel
1009 4072 1119 4126 terribili
1133 4086 1200 4125 sono

111 4157 201 4204 autem
207 4153 365 4216 pronaeae
373 4151 521 4216 appellatur
529 4155 639 4216 propter
675 4152 825 4216 percussis,
848 4149 1091 4214 noannoeane
1115 4146 1200 4198 oculis

112 4228 257 4279 sententias
275 4225 450 4290 erepublica
462 4227 487 4276 iu
499 4239 532 4277 eo
543 4226 635 4277 dictas.
675 4225 764 4277 subito
781 4224 923 4290 splendore
941 4222 983 4274 vel
996 4221 1103 4274 fulmine
1114 4234 1200 4286 prope

115 4329 140 4338 -
154 4303 265 4368 Proprie
274 4300 368 4354 consul
382 4301 488 4352 conralit
497 4302 636 4364 senatum,
677 4301 800 4353 caecatis.
827 4327 855 4336 -
880 4299 943 4363 iiten]
968 4301 1063 4350 Lucan.
1085 4299 1113 4358 4,
1135 4295 1198 4346 131ι
