3002 4974
693 413 821 464 uoulru
841 412 1009 464 0404404044
1107 379 1117 386 ’

475 573 605 638 Evincet
625 568 749 646 ulmos3
774 577 840 632 lum
861 565 995 631 violaria
1018 577 1050 631 et

474 694 596 782 Myrtus
620 701 651 756 et
673 689 777 755 omnis
799 688 893 775 copia
916 687 1041 752 narium

518 814 675 899 Spargent
697 808 822 877 olivetis
844 806 979 874 odorem

560 930 731 998 Fertilibus
754 929 885 996 domino
908 929 1027 1017 priori;

475 1095 552 1158 Tum
575 1091 681 1179 spissa
703 1089 801 1156 ramis
824 1087 935 1156 laurea
957 1087 1098 1154 fervidos

475 1213 630 1282 Excludot
652 1213 743 1279 ictus.
788 1211 857 1276 Non
880 1209 923 1276 ita
944 1208 1070 1277 Romuli
1340 1208 1377 1274 lo

372 1414 411 1464 44).
431 1419 513 1464 aestus
529 1409 651 1478 uentu
675 1424 731 1460 var.
750 1409 810 1460 lect.
830 1425 856 1460 κ.
881 1407 995 1474 (Habent
1010 1410 1074 1459 404443
1090 1409 1172 1460 hstc.
1199 1408 1297 1460 Excidit
1312 1409 1352 1458 hic

341 1505 366 1539 v.
386 1503 418 1540 ex
436 1491 472 1550 Β,
491 1491 517 1539 40
535 1502 589 1551 quo
606 1487 714 1538 ultimus
731 1501 757 1536 v.
777 1485 827 1548 44.)

307 1681 391 1730 «quae
412 1665 510 1716 vitibus
533 1665 651 1714 maritari
672 1677 723 1712 non
742 1664 832 1726 potest
868 1662 898 1710 ll.
919 1661 959 1720 43,
980 1662 1008 1711 l:
1028 1655 1141 1711 ἀνθέων
1153 1660 1194 1724 εἰς
1205 1655 1306 1732 ἑορτὴν
1317 1651 1381 1724 ὄψε-

305 1745 417 1806 propter
433 1754 523 1791 ramos
541 1739 640 1790 densos
657 1737 763 1800 lateque
783 1751 831 1786 ex·
868 1751 907 1798 ως
924 1733 1067 1786 συντελεῖν
1085 1732 1260 1802 δυναμένων.

308 1819 424 1866 tentos.»
472 1815 529 1864 Noti
563 1815 624 1863 sunt
651 1815 830 1862 Romanorum
902 1811 925 1860 7.
945 1811 1047 1875 olivetis]
1067 1813 1125 1862 «Ex
1139 1809 1248 1862 utilibus
1259 1808 1384 1862 4404044014·

307 1889 463 1954 platanones
481 1888 565 1952 opaci.
602 1885 666 1937 Plio.
681 1887 746 1950 Epp.
761 1886 785 1947 4,
805 1885 829 1934 3.
869 1887 936 1936 vetis
950 1887 1002 1936 lam
1011 1884 1109 1936 sterilia
1120 1885 1308 1944 flenlviolaria,
1321 1897 1383 1946 myr-

307 1964 381 2015 Adeo
399 1967 489 2012 autem
507 1964 532 2011 in
549 1963 642 2026 peccioli
663 1963 714 2010 hac
735 1960 831 2010 arbore
868 1963 937 2022 teta,
957 1962 1070 2020 rosaria,
1088 1959 1189 2011 laureta
1207 1962 1263 2012 sive
1278 1960 1384 2024 daphne

309 2037 390 2100 (04444.
410 2038 470 2088 liet.
491 2038 534 2097 40,
560 2037 610 2100 95.)
629 2034 740 2086 colende
760 2037 833 2086 insa·
871 2050 944 2087 nese
979 2037 1081 2086 Seneca
1099 2035 1247 2086 4104444441).
1271 2037 1313 2086 lt:
1341 2034 1384 2084 Cur

302 2112 429 2173 olebant,
456 2114 486 2162 444
510 2113 540 2172 Q.
562 2112 718 2162 Hortensius
744 2112 834 2161 orator
871 2111 973 2160 arbores
986 2116 1090 2172 practer
1106 2110 1223 2160 umbram
1241 2111 1303 2160 4441441
1318 2111 1385 2160 dutu-

308 2190 399 2238 vinum
416 2185 535 2251 platone,
554 2201 635 2251 quam
647 2188 674 2236 in
685 2184 833 2236 Tusculano
871 2200 916 2235 ree
933 2183 1116 2236 conseruntur?
1144 2183 1249 2245 Quintil.
1268 2185 1297 2246 8,
1315 2185 1343 2244 3,
1359 2183 1383 2234 8:

309 2260 831 2328 00044040440304444400410404.44000044.
870 2262 909 2310 Aa
933 2275 978 2324 epo
1003 2261 1109 2324 4044444444
1133 2260 1264 2310 0014104040
1292 2265 1382 2322 patrm,

309 2339 362 2386 Sal.
381 2339 410 2397 2,
430 2337 453 2387 9.
472 2351 498 2401 p.
512 2337 569 2386 353.
871 2337 898 2386 in
921 2351 970 2398 quo
992 2333 1053 2385 4441144
1076 2335 1132 2398 quis
1154 2336 1286 2386 ostenderit
1303 2335 1386 2384 litioet

342 2413 366 2460 5.
385 2412 495 2475 Evinccl]
516 2412 629 2461 loedere
648 2414 725 2474 coget
737 2411 832 2474 agris»
869 2411 950 2460 040104
966 2415 1151 2472 telamones,
1165 2410 1246 2472 sontes
1260 2413 1385 2474 4049444444,

309 2484 611 2546 444Ρ140,Η.Ν.48,44;
631 2485 835 2534 Faba--eviacil
872 2500 949 2548 quum
974 2485 1016 2534 cot
1036 2485 1112 2546 plene
1136 2485 1220 2534 messis
1243 2489 1288 2534 aut
1304 2494 1385 2548 procer

308 2559 397 2608 heroas
414 2559 600 2622 (uerdruupen).
620 2558 685 2610 Uimi
708 2557 834 2622 etpopuli
870 2562 956 2624 [4440444
976 2559 1038 2610 otus
1060 2557 1153 2608 erunt?
1178 2559 1293 2608 sterilem
1310 2558 1387 2620 pleto-

310 2631 450 2694 diligenter
466 2637 573 2698 putatae
591 2633 780 2683 nwritabautur
795 2633 835 2681 vi·
871 2649 932 2684 num
942 2640 1074 2695 4044404000
1083 2637 1179 2694 mprtos
1189 2647 1268 2694 quom
1278 2633 1388 2683 4440444004

309 2706 388 2757 tibus.
409 2705 471 2757 Plln.
488 2710 529 2770 46,
544 2709 583 2758 44,
603 2709 670 2757 later
685 2709 731 2758 tce
745 2707 835 2770 (00140-
872 2709 967 2758 uterum
978 2706 1094 2758 stateres
1105 2702 1387 2769 oumnaeoptaoeent

309 2795 353 2832 res
362 2779 473 2844 steriles)
487 2787 561 2844 elque
576 2784 715 2848 [44494404αο
731 2784 836 2832 materie
905 2784 928 2832 o.
955 2783 1053 2847 laureo]
1075 2795 1124 2846 pro
1144 2779 1218 2832 lauro
1236 2781 1301 2832 dixit
1318 2783 1387 2832 etiem

306 2857 444 2918 uitiumque
465 2858 578 2906 amicitia
599 2859 723 2921 accipitur
742 2859 832 2907 ulmus.
873 2859 927 2908 Liv.
947 2857 991 2916 34,
1012 2857 1034 2906 4.
1055 2856 1129 2906 Ouid.
1148 2857 1209 2908 liet.
1230 2857 1276 2918 40,
1296 2857 1339 2906 ol:
1357 2855 1388 2903 44-

309 2929 437 2990 41440413,
456 2932 513 2981 664.
533 2933 678 2994 (auctumni
690 2933 832 2996 temporel:
872 2932 941 2982 cuba
962 2933 1058 2980 10444444.
1098 2931 1137 2980 De
1160 2929 1226 2980 lauri
1244 2931 1388 2981 usuinto

312 3006 377 3055 Tunc
393 3005 466 3055 Liber
486 3009 595 3070 provide
612 3009 734 3058 «1040444414
748 3009 837 3070 plenus
873 3009 956 3072 pierio
974 3020 1056 3071 opere
1073 3019 1100 3056 v.
1119 3004 1183 3056 Plin.
1203 3005 1234 3054 ll.
1248 3007 1280 3055 N.
1294 3007 1337 3068 45,
1354 3003 1387 3054 it.

310 3079 341 3129 ab
365 3081 441 3130 014440.
468 3107 494 3116 -
520 3083 708 3146 low-Tum]
734 3095 835 3147 quaec
873 3085 902 3132 10
919 3079 1082 3132 Violentillac
1101 3080 1182 3130 domo
1204 3080 1268 3130 slat.
1288 3079 1348 3131 Silv.
1364 3078 1387 3136 4,

310 3154 435 3205 divitibus
449 3153 496 3206 illis
509 3170 589 3220 porro
606 3159 700 3223 perlici
717 3158 834 3220 soleant,
873 3159 903 3218 2,
922 3156 984 3207 tol:
1008 3156 1153 3206 Eectudmtt
1168 3154 1255 3204 radios
1271 3157 1339 3206 441044
1353 3155 1389 3202 414-

312 3232 464 3280 enumerat:
483 3233 552 3282 (404444
568 3259 582 3270 -
599 3259 614 3269 -
629 3235 710 3294 Mun,
731 3234 776 3296 poi
793 3261 807 3270 -
821 3261 836 3270 -
873 3234 950 3282 4444440
965 3232 1066 3281 cellulis
1083 3231 1204 3294 Frigore,
1232 3230 1331 3292 idest,
1353 3241 1390 3280 er·

308 3307 360 3367 poi,
379 3307 467 3368 potius
485 3319 565 3369 quern
579 3309 674 3357 «modo
685 3334 719 3344 --
729 3308 836 3369 modo.»
874 3307 955 3358 bores
971 3305 1068 3356 umbra
1085 3319 1133 3355 suo
1145 3305 1226 3368 frigus
1237 3305 1390 3370 praebentes

310 3381 340 3427 ut
357 3377 398 3427 olii
417 3379 557 3443 explicent.
578 3409 606 3416 -
626 3382 744 3446 victoria]
760 3383 835 3432 Varr.
875 3397 908 3432 en
924 3381 1035 3432 vetustis
1047 3377 1118 3430 silvis
1136 3377 1197 3429 illuc
1213 3381 1388 3445 transpositae.

311 3453 340 3502 44.
355 3454 383 3502 u.
398 3455 427 3515 4,
446 3454 491 3503 35:
509 3455 620 3504 04010440
631 3456 658 3505 144
667 3457 745 3520 fundo
755 3458 839 3520 secere
874 3456 943 3508 Talia
962 3455 1086 3506 arboreta
1105 3457 1132 3504 et
1148 3455 1224 3504 0410444
1238 3457 1265 3505 et
1275 3453 1391 3506 viridaria

310 3541 361 3576 non
377 3533 411 3576 erl
428 3529 496 3578 utile.
875 3533 931 3582 sive
947 3531 1043 3580 0444440
1060 3528 1201 3580 vocabant.

343 3602 367 3650 6.
394 3604 500 3667 4444404]
528 3617 640 3655 numero
663 3605 838 3658 multitudinis
908 3604 1033 3668 4410444]
1048 3604 1150 3654 Eadem
1162 3603 1329 3667 metaphora,
1347 3614 1390 3666 cpe

311 3679 341 3726 ut
357 3676 427 3738 Virg.
442 3679 487 3726 Ge.
500 3678 529 3738 4,
548 3677 593 3728 el:
611 3679 837 3743 Papiriae-myrum
875 3683 983 3746 poetae,
1003 3679 1133 3745 imprimis
1150 3679 1303 3740 Lucretius,
1326 3677 1391 3730 teni

312 3750 437 3813 quocirca
472 3751 581 3800 minime
615 3765 676 3802 cum
710 3753 838 3806 Glareano
875 3758 913 3806 4444
937 3757 1014 3816 eeu,
1040 3753 1146 3803 cerbero
1169 3753 1240 3814 solia,
1267 3753 1319 3804 tete
1342 3751 1390 3802 diei.

312 3823 363 3886 leg.
390 3829 543 3890 nmrtauque.
573 3853 600 3862 —
627 3829 701 3889 copia
727 3830 837 3894 4404444444]
876 3833 974 3881 Lucan.
1002 3830 1030 3890 7,
1057 3829 1119 3878 2⁴5:
1148 3827 1220 3877 Miles
1243 3833 1272 3878 ut
1298 3829 1392 3878 04404440

314 3899 427 3948 lomnes
450 3899 531 3950 liores
552 3901 695 3965 omniaque
713 3903 837 3966 virgulta,
874 3905 961 3954 Phoebi
985 3903 1102 3953 radiolus
1126 3901 1159 3952 ult
1184 3902 1235 3951 ictu
1260 3908 1329 3962 cet,
1354 3898 1392 3950 uhi

312 3985 344 4021 ex
363 3973 460 4035 quibus
478 3977 567 4026 suavis
585 3977 652 4026 odor
669 3977 779 4029 nuribus
803 3979 839 4030 ei·
876 3977 957 4030 multa
983 3977 1105 4042 exempla
1131 3978 1265 4040 congessit
1287 3977 1391 4028 Curtius.

313 4047 416 4096 natur.»
452 4049 554 4099 schol:
586 4049 679 4103 «luxus
696 4053 835 4106 odorum„
875 4053 964 4117 Eurip.
997 4053 1133 4104 Phoeniss.
1161 4053 1221 4102 leo:
1253 4051 1392 4118 φλεγέθων

312 4123 385 4171 Nove
415 4121 525 4174 tortasse
555 4125 671 4188 dictum,
705 4128 755 4178 sed
782 4129 836 4178 lam
874 4125 977 4189 βολαῖς
995 4121 1088 4191 ἡλίου.
1107 4130 1192 4176 Anon.
1206 4127 1320 4178 instob.
1334 4125 1391 4177 Flor.

312 4192 451 4264 ἐναργῶς,
470 4199 499 4246 04
516 4197 645 4250 lectorum
664 4202 751 4263 quivis
769 4201 837 4252 411400
875 4202 1118 4271 6404.393;ι14ομ’
1133 4195 1392 4267 ἡυουιοξεύμωσ,

313 4270 457 4334 intelligere
475 4272 596 4324 deberet.
617 4276 669 4326 Cir.
687 4275 786 4326 Aelian.
805 4278 835 4326 V.
875 4277 924 4328 uisi
947 4277 1019 4340 quod
1042 4277 1164 4328 lloratius
1184 4277 1274 4328 omisit
1290 4291 1315 4326 v.
1332 4275 1392 4325 40144,
