3014 4978
279 437 341 502 sot
662 439 793 493 uonnru
811 439 980 492 clnuinuu

364 597 414 664 ille
436 615 498 662 nec
519 595 636 662 lemine
659 615 720 663 nec
741 616 824 683 puer

403 719 469 784 lam
491 737 553 784 neo
574 737 650 805 spes
673 717 769 783 animi
790 716 924 784 credula
950 717 1068 792 mutui,

362 840 428 904 Nec
449 847 574 904 certare
596 838 683 904 iuvat
703 858 810 914 mero,

402 960 469 1025 Nec
488 959 611 1027 vincire
632 959 725 1026 novis
745 970 892 1046 tempora
917 955 1060 1026 floribus.

361 1117 427 1185 Sed
449 1137 508 1184 cur
528 1115 607 1192 heu,
631 1115 795 1202 Ligurine.
819 1135 878 1182 cur

403 1239 509 1304 Manat
528 1258 601 1303 rara
621 1257 712 1304 meas
732 1235 865 1302 lacrimo
885 1255 946 1323 per
970 1235 1093 1323 genus?

365 1360 431 1427 Cur
452 1358 589 1426 iocunda
609 1378 725 1445 parum
748 1355 869 1424 decoro

406 1482 492 1546 inter
511 1478 612 1546 verbs
634 1477 720 1546 cadit
739 1477 849 1566 lingua
870 1476 1017 1545 silentio?

363 1639 533 1706 Nocturnis
556 1658 618 1726 ego
639 1637 773 1705 somniis

381 1757 471 1827 ‘lam
492 1768 622 1847 captum
643 1768 753 1836 teneo,
777 1757 840 1824 iam
862 1757 1029 1824 volucrem
1050 1779 1171 1847 sequor

364 1886 407 1950 Te
429 1903 490 1970 per
511 1881 655 1969 gramina
676 1880 778 1946 Martii

407 2003 536 2091 Campi,
558 2013 591 2069 te
613 2022 672 2090 per
694 2021 811 2089 aquas,
835 2000 936 2078 dure,
959 2000 1128 2069 volubiles.
1323 2005 1358 2069 00

345 2149 384 2200 30.
404 2146 590 2197 montovallo
611 2144 693 2194 mutu
716 2142 781 2194 Cod.
805 2143 875 2207 Lips.
897 2145 1017 2206 quartus.
1040 2168 1067 2179 -
1098 2144 1138 2194 37.
1160 2145 1297 2196 Nootwnis
1310 2151 1332 2196 te

310 2238 356 2289 epo
373 2237 393 2273 s.
413 2224 451 2273 Lt.
475 2219 567 2286 (alliud
583 2225 605 2270 tc
622 2231 675 2270 non
692 2218 831 2283 comparet
856 2217 882 2267 in
907 2218 1044 2269 vetustis„
1070 2219 1163 2270 Βιιπι.
1193 2235 1285 2286 neque
1308 2222 1332 2272 iu

312 2298 419 2350 nostrie.
437 2324 465 2334 -
485 2297 621 2346 Nocturnis
637 2307 682 2358 opo
698 2299 722 2343 te
736 2306 757 2343 e.
779 2290 830 2354 β,χ
847 2289 929 2353 oller,
955 2294 1022 2343 Pott.
1042 2295 1174 2359 quinque,
1200 2297 1333 2347 Nocturnis

311 2378 335 2422 te
351 2385 372 2422 e.
392 2371 432 2434 κ.)
451 2396 478 2407 -
503 2370 543 2422 00.
563 2369 677 2420 uolubili-t
694 2369 723 2418 Β.

312 2493 344 2543 30
356 2493 422 2542 ·30.
440 2505 486 2542 noc
501 2493 569 2553 spos]
592 2493 662 2542 «Noc
679 2503 742 2555 spes
759 2503 803 2541 me
841 2489 947 2554 Sappho
964 2490 1049 2554 Bergk
1065 2503 1092 2556 p.
1116 2491 1182 2542 00οε
1205 2487 1260 2557 Ὣς
1271 2487 1360 2562 σεγὸρ

279 2568 353 2617 iuvet
378 2579 440 2616 cum
462 2567 636 2630 persuasione
662 2566 803 2616 coniuncto
841 2561 928 2622 Falco,
954 2561 1085 2635 βροχέως
1104 2580 1143 2630 με
1159 2563 1263 2632 φώνας
1279 2561 1359 2619 otto

280 2642 353 2702 iore,
372 2643 401 2690 ut
418 2643 510 2690 mutuo
528 2639 649 2690 nmorub
662 2652 709 2700 en,
728 2640 804 2690 ouius
842 2631 880 2688 ἴτ’
896 2637 959 2688 ἵκει.
992 2632 1073 2689 Ἀλλὰ
1092 2656 1153 2706 καμ
1169 2639 1228 2707 μὲν
1251 2640 1360 2710 γλῶσσα

280 2729 371 2766 amore
385 2716 478 2778 coptus
490 2727 576 2765 sum.»
591 2741 619 2750 -
634 2715 714 2764 ommi
725 2727 805 2763 -mu
842 2715 928 2780 Fdaye
944 2711 1004 2763 κτλ.

279 2791 325 2853 lut]
339 2790 422 2850 000,
434 2790 529 2850 tuto:
548 2788 606 2839 benc
614 2789 804 2838 mutuisFidum
874 2789 914 2838 30.
933 2787 1042 2852 tonniis]
1061 2786 1193 2853 Meleager
1213 2791 1291 2842 nulli.
1311 2787 1358 2842 Pal.

277 2871 363 2928 poetro
378 2864 514 2915 mnoribm.
534 2891 562 2900 —
592 2865 802 2925 certare-moro]
840 2864 872 2913 il.
885 2876 912 2926 p.
927 2862 989 2914 488:
1014 2857 1080 2913 ‘uod
1092 2864 1120 2914 tl
1130 2879 1183 2928 μοι
1198 2861 1249 2916 διὰ
1265 2861 1359 2924 νυκτὸς

279 2941 345 3005 Ep'p.
368 2940 395 2997 0,
418 2939 462 2999 00,
485 2939 528 2988 0οτ
555 2939 684 2988 Nocturna
707 2944 804 2989 certare
841 2933 974 2988 ἐνύπνιον
997 2932 1076 3008 ἁβρὰ
1104 2935 1247 3004 γελῶντος
1266 2933 1359 2990 Ὀκτω-

278 3027 356 3064 mero.
372 3012 519 3077 -vincireJ
539 3013 580 3063 ain
592 3013 719 3063 conviviis
731 3013 804 3064 redi·
840 3010 1025 3075 xmdnce'roug
1049 3008 1151 3076 παιδὸς
1175 3007 1215 3064 ἔτ’
1242 3015 1273 3066 ἐν
1297 3012 1360 3074 χλα-

280 3090 346 3140 mire
365 3090 444 3152 ceput
461 3086 566 3138 corollis
584 3087 765 3138 recentibus.»
840 3083 910 3153 μύδι
925 3081 1023 3153 Ἥγαγ’
1036 3079 1130 3158 Ἔρως
1152 3081 1211 3138 ὑπὸ
1236 3087 1357 3149 χλαῖνα.

312 3163 352 3213 33.
373 3163 413 3214 30.
432 3163 482 3212 Sed
498 3175 544 3211 cur
560 3161 618 3226 hou]
644 3161 803 3213 visandein
874 3163 914 3212 39.
928 3160 969 3212 00.
984 3163 1165 3228 porprontino]
1185 3177 1252 3228 «per
1263 3163 1360 3226 caespi-

279 3239 379 3290 amoris
404 3239 491 3288 victus
516 3236 613 3288 latetur
635 3251 665 3287 se
689 3237 803 3300 ligurini
841 3239 922 3288 tem.»
942 3237 1024 3299 (Ouid.
1038 3237 1115 3288 Trist.
1128 3239 1157 3297 5,
1169 3238 1179 3287 0
1191 3276 1197 3298 ,
1211 3239 1262 3289 32τ
1280 3238 1360 3290 liollio

279 3325 371 3364 amoro
388 3313 529 3364 incensum
546 3325 615 3364 esse.
644 3313 696 3362 Cir.
716 3311 763 3362 0d.
777 3311 802 3372 0,
842 3316 900 3374 quot
914 3311 1007 3362 Mortis
1016 3311 1138 3376 promitto
1154 3325 1260 3376 euripus
1275 3309 1359 3374 lohet.)

280 3389 320 3438 00.
337 3415 363 3424 -
378 3389 504 3452 imperite
522 3401 608 3452 nuper
625 3387 734 3452 quidam
752 3387 803 3436 hoc
840 3388 897 3436 iam
923 3385 1014 3436 soiitos
1039 3385 1252 3438 adolescentium
1268 3387 1360 3438 exerci-

280 3476 378 3513 nomen
396 3463 470 3514 duxit
487 3476 503 3512 a
518 3477 545 3512 v.
564 3463 686 3528 aporire,
705 3464 732 3512 in
749 3475 803 3525 quo
841 3462 954 3512 lotiones
974 3459 1106 3524 ludosque
1123 3465 1291 3526 campestres
1306 3475 1359 3512 me·

279 3535 338 3600 syll.
351 3551 387 3602 pu
402 3537 567 3602 producitur.
589 3565 616 3575 -
634 3536 708 3602 roro]
727 3538 804 3600 «gut-
841 3538 944 3596 moret,
964 3548 1075 3588 cursum
1090 3549 1140 3601 per
1153 3537 1286 3601 Campum
1296 3537 1359 3588 lier-

280 3613 355 3662 totim
372 3625 404 3661 uc
420 3612 511 3665 furtim
529 3612 658 3674 decidit»,
685 3614 715 3662 ut
731 3611 761 3661 fit
777 3610 803 3661 in
841 3613 908 3662 tium
925 3613 953 3660 et
972 3611 1135 3662 notationem
1151 3613 1178 3662 in
1189 3612 1286 3663 Tiberi.
1310 3609 1357 3661 Cir.

280 3684 399 3737 molliore
411 3687 608 3738 onimiuiiectu.
627 3687 675 3738 Od.
687 3688 711 3748 0,
722 3686 763 3747 03,
773 3687 801 3735 6:
841 3686 889 3736 Od.
903 3687 933 3748 3,
948 3687 993 3747 ⁴2,
1007 3688 1022 3736 7
1034 3698 1094 3750 sqq.
1110 3714 1137 3722 -
1156 3687 1227 3751 dure]
1245 3685 1358 3738 Eundem

279 3761 369 3810 linior
385 3765 408 3809 ct
423 3761 451 3808 in
466 3773 543 3825 portos
562 3763 660 3812 diutim
676 3761 777 3811 lobdw.
840 3762 965 3814 condemn
987 3763 1068 3811 vocet
1089 3760 1136 3811 Od.
1161 3761 1191 3822 0,
1216 3761 1260 3820 00,
1285 3762 1308 3810 0.
1333 3783 1356 3794 -

313 3833 353 3883 35.
367 3833 408 3883 30.
428 3835 526 3897 decoro]
548 3837 649 3886 Versus
660 3835 805 3899 hyperme-
840 3835 967 3900 uolubdoc]
986 3849 1016 3884 «a
1034 3837 1142 3886 nownte
1154 3835 1207 3886 huc
1218 3833 1278 3885 illuc
1290 3831 1357 3884 locilo

281 3912 323 3958 ter
334 3909 383 3958 est.
408 3907 483 3958 coni.
497 3909 532 3958 ad
544 3908 591 3959 Od.
605 3909 633 3970 3,
647 3909 692 3970 00,
711 3909 752 3959 30.
774 3935 801 3946 -
842 3909 957 3974 pulsos·
977 3911 1019 3960 Sic
1037 3910 1147 3974 quidem
1164 3909 1295 3974 explicent
1310 3905 1359 3971 ple·

279 3984 347 4033 Inter
356 3983 433 4034 verbo
442 3984 504 4048 cet]
516 3985 558 4034 Sic
570 3983 638 4034 Dido
650 3984 722 4048 opud
731 3985 802 4048 Virg.
842 3987 936 4049 rique;
963 3984 1024 4035 vide
1051 3988 1141 4036 tomen
1166 3997 1200 4034 ne
1222 3985 1256 4034 sit
1276 3982 1357 4048 potius

280 4062 344 4109 Aen.
363 4058 393 4118 0,
413 4059 462 4109 76;
480 4059 570 4122 Incipit
584 4060 660 4122 effari
674 4061 806 4122 nudisque
842 4072 973 4123 equorum
980 4057 1105 4123 generale
1112 4057 1253 4115 ἐπίθετον,
1263 4057 1356 4119 utlipp.

280 4135 306 4183 tn
317 4148 375 4185 uoce
386 4135 485 4184 resistit.
505 4133 694 4198 Epod.ii,9:
712 4149 804 4186 omon-
843 4135 871 4195 0,
891 4136 920 4196 0,
939 4133 986 4185 0οε
1013 4135 1097 4184 amnis
1115 4161 1155 4172 ·-
1172 4132 1292 4184 volubilis.
1320 4125 1355 4178 Ci.

281 4214 329 4259 tom
360 4209 469 4273 lonpwr
501 4214 524 4258 et
551 4209 676 4261 scutum
704 4209 802 4274 Arpitit.
841 4210 1109 4274 virulentam:
1129 4210 1356 4262 coloreo-omo·
