<?xml version="1.0" encoding="UTF-8"?>
<!DOCTYPE html PUBLIC "-//W3C//DTD XHTML 1.0 Transitional//EN"
    "http://www.w3.org/TR/xhtml1/DTD/xhtml1-transitional.dtd">
<html xmlns="http://www.w3.org/1999/xhtml" xml:lang="en" lang="en">
 <head>
  <title>
</title>
<meta http-equiv="Content-Type" content="text/html;charset=utf-8" />
  <meta name='ocr-system' content='tesseract 3.04.00' />
  <meta name='ocr-capabilities' content='ocr_page ocr_carea ocr_par ocr_line ocrx_word'/>
</head>
<body>
  <div class='ocr_page' id='page_1' title='image "./qhoratiusflaccu02baitgoog_0429.png"; bbox 0 0 2992 4978; ppageno 0'>
   <div class='ocr_carea' id='block_1_1' title="bbox 648 407 963 460">
    <p class='ocr_par' dir='ltr' id='par_1_1' title="bbox 648 407 963 460">
     <span class='ocr_line' id='line_1_1' title="bbox 648 407 963 460; baseline -0.01 -1"><span class='ocrx_word' id='word_1_1' title='bbox 648 408 775 460; x_wconf 82' lang='lat' dir='ltr'><strong>llORllTll</strong></span> <span class='ocrx_word' id='word_1_2' title='bbox 794 407 963 458; x_wconf 68' lang='lat' dir='ltr'><strong>casilinum</strong></span> 
     </span>
    </p>
   </div>
   <div class='ocr_carea' id='block_1_2' title="bbox 433 559 1261 656">
    <p class='ocr_par' dir='ltr' id='par_1_2' title="bbox 433 559 1261 656">
     <span class='ocr_line' id='line_1_2' title="bbox 433 559 1261 656; baseline -0.007 -24"><span class='ocrx_word' id='word_1_3' title='bbox 433 568 635 656; x_wconf 81' lang='lat' dir='ltr'><strong>Magnessam</strong></span> <span class='ocrx_word' id='word_1_4' title='bbox 657 562 853 654; x_wconf 78' lang='lat' dir='ltr'>Hippolyten</span> <span class='ocrx_word' id='word_1_5' title='bbox 875 562 952 628; x_wconf 91' lang='lat' dir='ltr'><strong>dum</strong></span> <span class='ocrx_word' id='word_1_6' title='bbox 975 561 1053 648; x_wconf 85' lang='lat' dir='ltr'><strong>sugit</strong></span> <span class='ocrx_word' id='word_1_7' title='bbox 1076 559 1261 639; x_wconf 86' lang='lat' dir='ltr'><strong>abstinens;</strong></span> 
     </span>
    </p>
   </div>
   <div class='ocr_carea' id='block_1_3' title="bbox 475 686 1353 875">
    <p class='ocr_par' dir='ltr' id='par_1_3' title="bbox 475 686 1353 875">
     <span class='ocr_line' id='line_1_3' title="bbox 475 686 850 775; baseline -0.011 -21"><span class='ocrx_word' id='word_1_8' title='bbox 475 689 513 754; x_wconf 88' lang='lat' dir='ltr'><strong>Et</strong></span> <span class='ocrx_word' id='word_1_9' title='bbox 534 707 672 775; x_wconf 89' lang='lat' dir='ltr'><strong>peccare</strong></span> <span class='ocrx_word' id='word_1_10' title='bbox 695 686 850 753; x_wconf 75' lang='lat' dir='ltr'><strong>docentes</strong></span> 
     </span>
     <span class='ocr_line' id='line_1_4' title="bbox 516 803 1353 875; baseline -0.01 0"><span class='ocrx_word' id='word_1_11' title='bbox 516 807 625 875; x_wconf 84' lang='lat' dir='ltr'><strong>Fallax</strong></span> <span class='ocrx_word' id='word_1_12' title='bbox 647 806 797 874; x_wconf 83' lang='lat' dir='ltr'>historias</span> <span class='ocrx_word' id='word_1_13' title='bbox 820 816 935 872; x_wconf 89' lang='lat' dir='ltr'><strong>movet.</strong></span> <span class='ocrx_word' id='word_1_14' title='bbox 1308 803 1353 869; x_wconf 67' lang='grc' dir='ltr'><strong>ΞΟ</strong></span> 
     </span>
    </p>
   </div>
   <div class='ocr_carea' id='block_1_4' title="bbox 430 991 1133 1322">
    <p class='ocr_par' dir='ltr' id='par_1_4' title="bbox 430 991 1133 1322">
     <span class='ocr_line' id='line_1_5' title="bbox 430 991 1097 1081; baseline -0.009 -19"><span class='ocrx_word' id='word_1_15' title='bbox 430 999 578 1062; x_wconf 81' lang='lat' dir='ltr'><strong>Frustra:</strong></span> <span class='ocrx_word' id='word_1_16' title='bbox 605 1015 679 1060; x_wconf 89' lang='lat' dir='ltr'><strong>nam</strong></span> <span class='ocrx_word' id='word_1_17' title='bbox 701 991 843 1081; x_wconf 87' lang='lat' dir='ltr'><strong>seopulis</strong></span> <span class='ocrx_word' id='word_1_18' title='bbox 866 993 995 1059; x_wconf 84' lang='lat' dir='ltr'>surdior</span> <span class='ocrx_word' id='word_1_19' title='bbox 1017 993 1097 1060; x_wconf 90' lang='lat' dir='ltr'><strong>Icari</strong></span> 
     </span>
     <span class='ocr_line' id='line_1_6' title="bbox 430 1113 1133 1202; baseline -0.013 -17"><span class='ocrx_word' id='word_1_20' title='bbox 430 1120 532 1184; x_wconf 89' lang='lat' dir='ltr'><strong>Voces</strong></span> <span class='ocrx_word' id='word_1_21' title='bbox 557 1116 647 1182; x_wconf 90' lang='lat' dir='ltr'><strong>audit</strong></span> <span class='ocrx_word' id='word_1_22' title='bbox 668 1115 774 1182; x_wconf 86' lang='lat' dir='ltr'><strong>adhue</strong></span> <span class='ocrx_word' id='word_1_23' title='bbox 796 1115 930 1202; x_wconf 83' lang='lat' dir='ltr'><strong>integer.</strong></span> <span class='ocrx_word' id='word_1_24' title='bbox 954 1151 996 1162; x_wconf 94' lang='lat'>-</span> <span class='ocrx_word' id='word_1_25' title='bbox 1018 1115 1056 1178; x_wconf 79' lang='lat' dir='ltr'><strong>ht</strong></span> <span class='ocrx_word' id='word_1_26' title='bbox 1077 1113 1133 1178; x_wconf 88' lang='lat' dir='ltr'><strong>tibi</strong></span> 
     </span>
     <span class='ocr_line' id='line_1_7' title="bbox 473 1235 829 1322; baseline -0.006 -18"><span class='ocrx_word' id='word_1_27' title='bbox 473 1241 519 1304; x_wconf 89' lang='lat' dir='ltr'><strong>Ne</strong></span> <span class='ocrx_word' id='word_1_28' title='bbox 542 1238 667 1304; x_wconf 89' lang='lat' dir='ltr'><strong>vicinus</strong></span> <span class='ocrx_word' id='word_1_29' title='bbox 690 1235 829 1322; x_wconf 84' lang='lat' dir='ltr'><strong>Enipeus</strong></span> 
     </span>
    </p>
   </div>
   <div class='ocr_carea' id='block_1_5' title="bbox 294 1450 1318 1598">
    <p class='ocr_par' dir='ltr' id='par_1_5' title="bbox 294 1450 1318 1598">
     <span class='ocr_line' id='line_1_8' title="bbox 327 1450 1316 1510; baseline -0.01 -1"><span class='ocrx_word' id='word_1_30' title='bbox 327 1461 366 1510; x_wconf 78' lang='lat' dir='ltr'><strong>ts.</strong></span> <span class='ocrx_word' id='word_1_31' title='bbox 387 1459 495 1508; x_wconf 74' lang='grc' dir='ltr'><strong><em>σοοοοιίε</em></strong></span> <span class='ocrx_word' id='word_1_32' title='bbox 512 1457 561 1507; x_wconf 89' lang='lat' dir='ltr'><strong>BT.</strong></span> <span class='ocrx_word' id='word_1_33' title='bbox 582 1483 609 1492; x_wconf 92' lang='lat'>-</span> <span class='ocrx_word' id='word_1_34' title='bbox 633 1457 674 1506; x_wconf 73' lang='lat'><strong>20.</strong></span> <span class='ocrx_word' id='word_1_35' title='bbox 693 1455 782 1506; x_wconf 75' lang='lat' dir='ltr'><strong>Pallor</strong></span> <span class='ocrx_word' id='word_1_36' title='bbox 800 1452 917 1505; x_wconf 87' lang='lat' dir='ltr'><strong>malebat</strong></span> <span class='ocrx_word' id='word_1_37' title='bbox 933 1450 1017 1503; x_wconf 85' lang='lat' dir='ltr'><strong>Bentl.</strong></span> <span class='ocrx_word' id='word_1_38' title='bbox 1047 1479 1074 1488; x_wconf 87' lang='lat'>-</span> <span class='ocrx_word' id='word_1_39' title='bbox 1103 1455 1186 1502; x_wconf 79' lang='lat' dir='ltr'><strong>ownet</strong></span> <span class='ocrx_word' id='word_1_40' title='bbox 1202 1450 1316 1510; x_wconf 78' lang='lat' dir='ltr'><strong>unsre,</strong></span> 
     </span>
     <span class='ocr_line' id='line_1_9' title="bbox 294 1525 1318 1598; baseline -0.013 -12"><span class='ocrx_word' id='word_1_41' title='bbox 294 1537 354 1586; x_wconf 88' lang='lat' dir='ltr'><strong>LCt.</strong></span> <span class='ocrx_word' id='word_1_42' title='bbox 375 1533 465 1598; x_wconf 76' lang='lat' dir='ltr'><strong>(mouet</strong></span> <span class='ocrx_word' id='word_1_43' title='bbox 476 1547 511 1594; x_wconf 84' lang='grc' dir='ltr'><strong>κ,</strong></span> <span class='ocrx_word' id='word_1_44' title='bbox 529 1534 585 1582; x_wconf 85' lang='lat' dir='ltr'><strong>tres</strong></span> <span class='ocrx_word' id='word_1_45' title='bbox 598 1530 680 1581; x_wconf 88' lang='lat' dir='ltr'><strong>Codd.</strong></span> <span class='ocrx_word' id='word_1_46' title='bbox 694 1529 823 1580; x_wconf 89' lang='lat' dir='ltr'><strong>Torrentii</strong></span> <span class='ocrx_word' id='word_1_47' title='bbox 841 1531 868 1577; x_wconf 89' lang='lat' dir='ltr'><strong>et</strong></span> <span class='ocrx_word' id='word_1_48' title='bbox 880 1527 997 1591; x_wconf 84' lang='lat' dir='ltr'><strong>quinque</strong></span> <span class='ocrx_word' id='word_1_49' title='bbox 1011 1525 1145 1588; x_wconf 78' lang='lat' dir='ltr'><strong>Pottierii.i</strong></span> <span class='ocrx_word' id='word_1_50' title='bbox 1162 1552 1189 1561; x_wconf 95' lang='lat'>-</span> <span class='ocrx_word' id='word_1_51' title='bbox 1208 1525 1249 1574; x_wconf 78' lang='lat'><strong>23.</strong></span> <span class='ocrx_word' id='word_1_52' title='bbox 1265 1526 1318 1574; x_wconf 80' lang='lat' dir='ltr'><strong>Nec</strong></span> 
     </span>
    </p>
   </div>
   <div class='ocr_carea' id='block_1_6' title="bbox 294 1608 496 1672">
    <p class='ocr_par' dir='ltr' id='par_1_6' title="bbox 294 1608 496 1672">
     <span class='ocr_line' id='line_1_10' title="bbox 294 1608 496 1672; baseline -0.02 -11"><span class='ocrx_word' id='word_1_53' title='bbox 294 1611 329 1672; x_wconf 80' lang='lat' dir='ltr'><strong>B,</strong></span> <span class='ocrx_word' id='word_1_54' title='bbox 348 1611 414 1660; x_wconf 89' lang='lat' dir='ltr'><strong>Pott.</strong></span> <span class='ocrx_word' id='word_1_55' title='bbox 434 1608 496 1659; x_wconf 91' lang='lat' dir='ltr'><strong>duo.</strong></span> 
     </span>
    </p>
   </div>
   <div class='ocr_carea' id='block_1_7' title="bbox 259 1796 1356 4330">
    <p class='ocr_par' dir='ltr' id='par_1_7' title="bbox 259 1796 1356 4330">
     <span class='ocr_line' id='line_1_11' title="bbox 261 1796 1354 1867; baseline -0.011 -11"><span class='ocrx_word' id='word_1_56' title='bbox 261 1809 305 1867; x_wconf 90' lang='lat' dir='ltr'><strong>cit,</strong></span> <span class='ocrx_word' id='word_1_57' title='bbox 318 1816 499 1867; x_wconf 81' lang='lat' dir='ltr'><strong>reversusque</strong></span> <span class='ocrx_word' id='word_1_58' title='bbox 511 1803 539 1852; x_wconf 93' lang='lat' dir='ltr'><strong>in</strong></span> <span class='ocrx_word' id='word_1_59' title='bbox 550 1800 713 1852; x_wconf 81' lang='lat' dir='ltr'><strong>Thessaliam</strong></span> <span class='ocrx_word' id='word_1_60' title='bbox 721 1802 788 1851; x_wconf 75' lang='lat' dir='ltr'><strong>hea—</strong></span> <span class='ocrx_word' id='word_1_61' title='bbox 823 1812 874 1863; x_wconf 87' lang='lat' dir='ltr'><strong>per</strong></span> <span class='ocrx_word' id='word_1_62' title='bbox 891 1810 1001 1849; x_wconf 89' lang='lat' dir='ltr'><strong>auream</strong></span> <span class='ocrx_word' id='word_1_63' title='bbox 1018 1799 1134 1848; x_wconf 87' lang='lat' dir='ltr'><strong>aetatem</strong></span> <span class='ocrx_word' id='word_1_64' title='bbox 1151 1809 1204 1846; x_wconf 90' lang='lat' dir='ltr'><strong>uon</strong></span> <span class='ocrx_word' id='word_1_65' title='bbox 1216 1796 1354 1858; x_wconf 87' lang='lat' dir='ltr'><strong>reperitur</strong></span> 
     </span>
     <span class='ocr_line' id='line_1_12' title="bbox 262 1869 1354 1944; baseline -0.013 -13"><span class='ocrx_word' id='word_1_66' title='bbox 262 1883 303 1932; x_wconf 86' lang='lat' dir='ltr'><strong>sto</strong></span> <span class='ocrx_word' id='word_1_67' title='bbox 328 1877 429 1929; x_wconf 89' lang='lat' dir='ltr'><strong>bellum</strong></span> <span class='ocrx_word' id='word_1_68' title='bbox 453 1875 540 1926; x_wconf 83' lang='lat' dir='ltr'><strong>inhrlit</strong></span> <span class='ocrx_word' id='word_1_69' title='bbox 564 1879 592 1926; x_wconf 90' lang='lat' dir='ltr'><strong>et</strong></span> <span class='ocrx_word' id='word_1_70' title='bbox 616 1874 718 1927; x_wconf 82' lang='lat' dir='ltr'><strong>iolcum</strong></span> <span class='ocrx_word' id='word_1_71' title='bbox 739 1889 787 1926; x_wconf 86' lang='lat' dir='ltr'><strong>ex·</strong></span> <span class='ocrx_word' id='word_1_72' title='bbox 824 1875 874 1926; x_wconf 80' lang='lat' dir='ltr'><strong>nisi</strong></span> <span class='ocrx_word' id='word_1_73' title='bbox 896 1872 969 1939; x_wconf 86' lang='lat' dir='ltr'><strong>opud</strong></span> <span class='ocrx_word' id='word_1_74' title='bbox 989 1871 1061 1935; x_wconf 79' lang='lat' dir='ltr'><strong>virg.</strong></span> <span class='ocrx_word' id='word_1_75' title='bbox 1085 1871 1152 1922; x_wconf 75' lang='lat' dir='ltr'><strong>Aen.</strong></span> <span class='ocrx_word' id='word_1_76' title='bbox 1171 1871 1200 1932; x_wconf 74' lang='grc' dir='ltr'><strong>Ξ,</strong></span> <span class='ocrx_word' id='word_1_77' title='bbox 1224 1869 1270 1920; x_wconf 82' lang='grc' dir='ltr'><strong>9οι</strong></span> <span class='ocrx_word' id='word_1_78' title='bbox 1293 1869 1354 1944; x_wconf 67' lang='lat' dir='ltr'><strong>po}-</strong></span> 
     </span>
     <span class='ocr_line' id='line_1_13' title="bbox 261 1945 1353 2020; baseline -0.01 -15"><span class='ocrx_word' id='word_1_79' title='bbox 261 1953 395 2020; x_wconf 80' lang='lat' dir='ltr'><strong>pugnavit.</strong></span> <span class='ocrx_word' id='word_1_80' title='bbox 430 1950 527 2002; x_wconf 85' lang='lat' dir='ltr'><strong>Pindar</strong></span> <span class='ocrx_word' id='word_1_81' title='bbox 547 1952 624 2000; x_wconf 84' lang='lat' dir='ltr'><strong>Nem.</strong></span> <span class='ocrx_word' id='word_1_82' title='bbox 643 1949 673 2010; x_wconf 82' lang='lat' dir='ltr'><strong>l,</strong></span> <span class='ocrx_word' id='word_1_83' title='bbox 697 1949 738 2001; x_wconf 75' lang='lat' dir='ltr'><strong>tl.</strong></span> <span class='ocrx_word' id='word_1_84' title='bbox 760 1952 788 2000; x_wconf 85' lang='lat' dir='ltr'><strong>et</strong></span> <span class='ocrx_word' id='word_1_85' title='bbox 823 1950 886 2000; x_wconf 80' lang='lat' dir='ltr'><strong>loeis</strong></span> <span class='ocrx_word' id='word_1_86' title='bbox 913 1947 1008 2009; x_wconf 61' lang='lat' dir='ltr'><strong>Ultro,</strong></span> <span class='ocrx_word' id='word_1_87' title='bbox 1039 1945 1112 2010; x_wconf 90' lang='lat' dir='ltr'><strong>quod</strong></span> <span class='ocrx_word' id='word_1_88' title='bbox 1138 1959 1172 1994; x_wconf 80' lang='lat' dir='ltr'><strong>ex</strong></span> <span class='ocrx_word' id='word_1_89' title='bbox 1199 1945 1353 2008; x_wconf 73' lang='lat' dir='ltr'><strong>antiquiore</strong></span> 
     </span>
     <span class='ocr_line' id='line_1_14' title="bbox 260 2019 1353 2090; baseline -0.009 -11"><span class='ocrx_word' id='word_1_90' title='bbox 260 2031 289 2090; x_wconf 75' lang='grc' dir='ltr'><strong>ὅ,</strong></span> <span class='ocrx_word' id='word_1_91' title='bbox 316 2029 357 2078; x_wconf 72' lang='lat'><strong>26.</strong></span> <span class='ocrx_word' id='word_1_92' title='bbox 384 2039 447 2078; x_wconf 88' lang='lat' dir='ltr'><strong>cum</strong></span> <span class='ocrx_word' id='word_1_93' title='bbox 472 2023 627 2075; x_wconf 76' lang='lat' dir='ltr'><strong>Scholiasta.</strong></span> <span class='ocrx_word' id='word_1_94' title='bbox 663 2022 784 2090; x_wconf 78' lang='lat' dir='ltr'><strong>Apollod.</strong></span> <span class='ocrx_word' id='word_1_95' title='bbox 823 2025 934 2087; x_wconf 77' lang='lat' dir='ltr'><strong>Trogleo</strong></span> <span class='ocrx_word' id='word_1_96' title='bbox 957 2021 1130 2084; x_wconf 86' lang='lat' dir='ltr'><strong>desumptum</strong></span> <span class='ocrx_word' id='word_1_97' title='bbox 1151 2019 1268 2070; x_wconf 67' lang='lat' dir='ltr'><strong>ridetur.</strong></span> <span class='ocrx_word' id='word_1_98' title='bbox 1303 2020 1353 2083; x_wconf 86' lang='lat' dir='ltr'><strong>(De</strong></span> 
     </span>
     <span class='ocr_line' id='line_1_15' title="bbox 260 2095 1352 2164; baseline -0.011 -10"><span class='ocrx_word' id='word_1_99' title='bbox 260 2102 326 2154; x_wconf 85' lang='lat' dir='ltr'><strong>Bihl.</strong></span> <span class='ocrx_word' id='word_1_100' title='bbox 346 2102 375 2164; x_wconf 84' lang='grc'><strong>3,</strong></span> <span class='ocrx_word' id='word_1_101' title='bbox 394 2101 439 2162; x_wconf 88' lang='grc'><strong>43,</strong></span> <span class='ocrx_word' id='word_1_102' title='bbox 458 2100 482 2151; x_wconf 87' lang='grc'><strong>3.</strong></span> <span class='ocrx_word' id='word_1_103' title='bbox 507 2099 588 2150; x_wconf 79' lang='lat' dir='ltr'><strong>Aliter</strong></span> <span class='ocrx_word' id='word_1_104' title='bbox 604 2113 637 2150; x_wconf 86' lang='lat' dir='ltr'><strong>ex</strong></span> <span class='ocrx_word' id='word_1_105' title='bbox 654 2099 786 2151; x_wconf 75' lang='lat' dir='ltr'><strong>Nicandro</strong></span> <span class='ocrx_word' id='word_1_106' title='bbox 819 2099 930 2163; x_wconf 71' lang='lat' dir='ltr'><strong>peracta</strong></span> <span class='ocrx_word' id='word_1_107' title='bbox 954 2112 979 2148; x_wconf 83' lang='lat' dir='ltr'><strong>v.</strong></span> <span class='ocrx_word' id='word_1_108' title='bbox 1006 2097 1125 2160; x_wconf 80' lang='lat' dir='ltr'><strong>Wagner</strong></span> <span class='ocrx_word' id='word_1_109' title='bbox 1146 2095 1181 2146; x_wconf 85' lang='lat' dir='ltr'><strong>ad</strong></span> <span class='ocrx_word' id='word_1_110' title='bbox 1206 2095 1279 2159; x_wconf 74' lang='lat' dir='ltr'><strong>Virg.</strong></span> <span class='ocrx_word' id='word_1_111' title='bbox 1302 2095 1352 2146; x_wconf 83' lang='lat' dir='ltr'><strong>Ge.</strong></span> 
     </span>
     <span class='ocr_line' id='line_1_16' title="bbox 261 2165 1352 2240; baseline -0.008 -12"><span class='ocrx_word' id='word_1_112' title='bbox 261 2177 387 2229; x_wconf 72' lang='lat' dir='ltr'><strong>Antonin.</strong></span> <span class='ocrx_word' id='word_1_113' title='bbox 413 2175 468 2226; x_wconf 86' lang='lat' dir='ltr'><strong>hih.</strong></span> <span class='ocrx_word' id='word_1_114' title='bbox 487 2174 534 2226; x_wconf 78' lang='lat'><strong>38:</strong></span> <span class='ocrx_word' id='word_1_115' title='bbox 561 2169 674 2240; x_wconf 72' lang='grc' dir='ltr'><strong><em>Πηλεὺς</em></strong></span> <span class='ocrx_word' id='word_1_116' title='bbox 698 2187 788 2224; x_wconf 84' lang='grc' dir='ltr'><strong><em>κατα·</em></strong></span> <span class='ocrx_word' id='word_1_117' title='bbox 823 2173 852 2235; x_wconf 87' lang='lat' dir='ltr'><strong>l,</strong></span> <span class='ocrx_word' id='word_1_118' title='bbox 866 2172 933 2237; x_wconf 73' lang='lat' dir='ltr'><strong>lit.)</strong></span> <span class='ocrx_word' id='word_1_119' title='bbox 946 2173 1225 2231; x_wconf 79' lang='lat' dir='ltr'><strong>-Htsiortooautem‚</strong></span> <span class='ocrx_word' id='word_1_120' title='bbox 1243 2165 1352 2236; x_wconf 78' lang='grc' dir='ltr'><strong><em>μόθοι,</em></strong></span> 
     </span>
     <span class='ocr_line' id='line_1_17' title="bbox 262 2243 1351 2316; baseline -0.006 -15"><span class='ocrx_word' id='word_1_121' title='bbox 262 2250 389 2303; x_wconf 75' lang='grc' dir='ltr'><strong><em>λείπεται</em></strong></span> <span class='ocrx_word' id='word_1_122' title='bbox 403 2247 496 2316; x_wconf 82' lang='grc' dir='ltr'><strong><em>μόνος</em></strong></span> <span class='ocrx_word' id='word_1_123' title='bbox 514 2247 544 2301; x_wconf 79' lang='grc' dir='ltr'><strong>ἐν</strong></span> <span class='ocrx_word' id='word_1_124' title='bbox 558 2247 598 2316; x_wconf 82' lang='grc' dir='ltr'><strong>τῷ</strong></span> <span class='ocrx_word' id='word_1_125' title='bbox 609 2247 718 2316; x_wconf 73' lang='grc' dir='ltr'><strong><em>Πηλίῳ.</em></strong></span> <span class='ocrx_word' id='word_1_126' title='bbox 737 2249 787 2299; x_wconf 80' lang='grc' dir='ltr'><strong>καὶ</strong></span> <span class='ocrx_word' id='word_1_127' title='bbox 824 2249 991 2299; x_wconf 79' lang='lat' dir='ltr'><strong>narrationes</strong></span> <span class='ocrx_word' id='word_1_128' title='bbox 1018 2247 1154 2311; x_wconf 77' lang='lat' dir='ltr'><strong>poeticae,</strong></span> <span class='ocrx_word' id='word_1_129' title='bbox 1186 2246 1217 2294; x_wconf 88' lang='lat' dir='ltr'><strong>ut</strong></span> <span class='ocrx_word' id='word_1_130' title='bbox 1243 2243 1351 2306; x_wconf 83' lang='lat' dir='ltr'><strong>Quintil.</strong></span> 
     </span>
     <span class='ocr_line' id='line_1_18' title="bbox 262 2319 1355 2396; baseline -0.005 -21"><span class='ocrx_word' id='word_1_131' title='bbox 262 2320 787 2396; x_wconf 74' lang='grc' dir='ltr'><strong><em>πλαζόμενοςέντογχάνοιΧεὶρωνιτῷ</em></strong></span> <span class='ocrx_word' id='word_1_132' title='bbox 825 2325 853 2382; x_wconf 88' lang='grc'><strong>4,</strong></span> <span class='ocrx_word' id='word_1_133' title='bbox 880 2324 912 2384; x_wconf 79' lang='lat'><strong>2,</strong></span> <span class='ocrx_word' id='word_1_134' title='bbox 939 2321 985 2372; x_wconf 86' lang='lat' dir='ltr'><strong>ll:</strong></span> <span class='ocrx_word' id='word_1_135' title='bbox 1018 2321 1206 2372; x_wconf 72' lang='lat' dir='ltr'><strong>Grammaticos</strong></span> <span class='ocrx_word' id='word_1_136' title='bbox 1235 2319 1355 2370; x_wconf 73' lang='lat' dir='ltr'><strong>historias</strong></span> 
     </span>
     <span class='ocr_line' id='line_1_19' title="bbox 262 2393 1352 2470; baseline -0.007 -19"><span class='ocrx_word' id='word_1_137' title='bbox 262 2397 428 2470; x_wconf 76' lang='grc' dir='ltr'><em>Κενταύρῳ·</em></span> <span class='ocrx_word' id='word_1_138' title='bbox 458 2395 624 2450; x_wconf 78' lang='grc' dir='ltr'><strong><em>ἱκετεύοντα</em></strong></span> <span class='ocrx_word' id='word_1_139' title='bbox 643 2396 675 2449; x_wconf 77' lang='grc' dir='ltr'><strong>δὲ</strong></span> <span class='ocrx_word' id='word_1_140' title='bbox 697 2393 787 2450; x_wconf 75' lang='grc' dir='ltr'><strong><em>αὐτὸν</em></strong></span> <span class='ocrx_word' id='word_1_141' title='bbox 824 2402 948 2460; x_wconf 72' lang='grc' dir='ltr'><strong><em>ονροοσι,</em></strong></span> <span class='ocrx_word' id='word_1_142' title='bbox 975 2399 1003 2446; x_wconf 86' lang='lat' dir='ltr'><strong>ot</strong></span> <span class='ocrx_word' id='word_1_143' title='bbox 1025 2408 1106 2460; x_wconf 83' lang='lat' dir='ltr'><strong>saepe</strong></span> <span class='ocrx_word' id='word_1_144' title='bbox 1129 2394 1201 2459; x_wconf 86' lang='lat' dir='ltr'><strong>apud</strong></span> <span class='ocrx_word' id='word_1_145' title='bbox 1222 2393 1352 2444; x_wconf 86' lang='lat' dir='ltr'><strong>eundem.</strong></span> 
     </span>
     <span class='ocr_line' id='line_1_20' title="bbox 261 2467 1354 2544; baseline -0.006 -19"><span class='ocrx_word' id='word_1_146' title='bbox 261 2468 433 2534; x_wconf 77' lang='grc' dir='ltr'><strong><em>ὑποδέκεται</em></strong></span> <span class='ocrx_word' id='word_1_147' title='bbox 448 2473 557 2536; x_wconf 75' lang='grc' dir='ltr'><strong><em>ἐκεῖνος</em></strong></span> <span class='ocrx_word' id='word_1_148' title='bbox 571 2475 612 2536; x_wconf 82' lang='grc' dir='ltr'><strong>εἰς</strong></span> <span class='ocrx_word' id='word_1_149' title='bbox 625 2469 659 2523; x_wconf 86' lang='grc' dir='ltr'><strong>τὸ</strong></span> <span class='ocrx_word' id='word_1_150' title='bbox 667 2467 785 2544; x_wconf 80' lang='grc' dir='ltr'><strong><em>ἄντρον.</em></strong></span> <span class='ocrx_word' id='word_1_151' title='bbox 857 2475 899 2524; x_wconf 80' lang='lat' dir='ltr'><strong>at.</strong></span> <span class='ocrx_word' id='word_1_152' title='bbox 922 2470 1036 2534; x_wconf 68' lang='lat' dir='ltr'><strong>Fauna]</strong></span> <span class='ocrx_word' id='word_1_153' title='bbox 1059 2468 1119 2520; x_wconf 89' lang='lat' dir='ltr'><strong>Sola</strong></span> <span class='ocrx_word' id='word_1_154' title='bbox 1136 2470 1205 2520; x_wconf 85' lang='lat' dir='ltr'><strong>haee</strong></span> <span class='ocrx_word' id='word_1_155' title='bbox 1222 2467 1354 2533; x_wconf 85' lang='lat' dir='ltr'><strong>particula</strong></span> 
     </span>
     <span class='ocr_line' id='line_1_21' title="bbox 264 2543 1354 2611; baseline -0.007 -11"><span class='ocrx_word' id='word_1_156' title='bbox 264 2574 290 2585; x_wconf 94' lang='lat'><em>—</em></span> <span class='ocrx_word' id='word_1_157' title='bbox 311 2548 381 2600; x_wconf 88' lang='lat' dir='ltr'><strong>Pelei</strong></span> <span class='ocrx_word' id='word_1_158' title='bbox 399 2549 528 2611; x_wconf 77' lang='lat' dir='ltr'><strong>imagines</strong></span> <span class='ocrx_word' id='word_1_159' title='bbox 547 2547 607 2599; x_wconf 87' lang='lat' dir='ltr'><strong>vide</strong></span> <span class='ocrx_word' id='word_1_160' title='bbox 624 2549 651 2598; x_wconf 93' lang='lat' dir='ltr'><strong>in</strong></span> <span class='ocrx_word' id='word_1_161' title='bbox 668 2549 787 2599; x_wconf 86' lang='lat' dir='ltr'><strong>Gerhard</strong></span> <span class='ocrx_word' id='word_1_162' title='bbox 825 2547 955 2610; x_wconf 77' lang='lat' dir='ltr'><strong>integram</strong></span> <span class='ocrx_word' id='word_1_163' title='bbox 965 2545 1089 2609; x_wconf 80' lang='lat' dir='ltr'><strong>exprimit</strong></span> <span class='ocrx_word' id='word_1_164' title='bbox 1099 2545 1271 2604; x_wconf 83' lang='lat' dir='ltr'><strong>sententiam,</strong></span> <span class='ocrx_word' id='word_1_165' title='bbox 1285 2543 1354 2593; x_wconf 86' lang='lat' dir='ltr'><strong>sicut</strong></span> 
     </span>
     <span class='ocr_line' id='line_1_22' title="bbox 265 2617 1355 2687; baseline -0.007 -13"><span class='ocrx_word' id='word_1_166' title='bbox 265 2625 368 2687; x_wconf 73' lang='lat' dir='ltr'><strong>Vasoiq.</strong></span> <span class='ocrx_word' id='word_1_167' title='bbox 392 2623 434 2672; x_wconf 91' lang='lat'><strong>111.</strong></span> <span class='ocrx_word' id='word_1_168' title='bbox 457 2624 486 2671; x_wconf 91' lang='lat' dir='ltr'><strong>T.</strong></span> <span class='ocrx_word' id='word_1_169' title='bbox 506 2623 637 2672; x_wconf 78' lang='lat' dir='ltr'>CLXXVII</span> <span class='ocrx_word' id='word_1_170' title='bbox 655 2635 732 2685; x_wconf 88' lang='lat' dir='ltr'><strong>seqq.</strong></span> <span class='ocrx_word' id='word_1_171' title='bbox 825 2622 873 2673; x_wconf 89' lang='lat' dir='ltr'><strong>Od.</strong></span> <span class='ocrx_word' id='word_1_172' title='bbox 888 2622 916 2682; x_wconf 91' lang='grc'><strong>3,</strong></span> <span class='ocrx_word' id='word_1_173' title='bbox 936 2620 982 2680; x_wconf 78' lang='lat' dir='ltr'><strong>ta,</strong></span> <span class='ocrx_word' id='word_1_174' title='bbox 997 2621 1036 2680; x_wconf 87' lang='grc'><strong>6.,</strong></span> <span class='ocrx_word' id='word_1_175' title='bbox 1055 2619 1102 2670; x_wconf 85' lang='lat' dir='ltr'><strong>ubi</strong></span> <span class='ocrx_word' id='word_1_176' title='bbox 1120 2617 1213 2670; x_wconf 86' lang='lat' dir='ltr'><strong>itidem</strong></span> <span class='ocrx_word' id='word_1_177' title='bbox 1230 2617 1355 2681; x_wconf 86' lang='lat' dir='ltr'><strong>sequitur</strong></span> 
     </span>
     <span class='ocr_line' id='line_1_23' title="bbox 295 2691 1352 2761; baseline -0.008 -12"><span class='ocrx_word' id='word_1_178' title='bbox 295 2698 383 2749; x_wconf 66' lang='lat' dir='ltr'><strong>teau.</strong></span> <span class='ocrx_word' id='word_1_179' title='bbox 410 2697 578 2761; x_wconf 73' lang='lat' dir='ltr'><strong>hloqnossom]</strong></span> <span class='ocrx_word' id='word_1_180' title='bbox 603 2710 618 2746; x_wconf 89' lang='lat' dir='ltr'><strong>a</strong></span> <span class='ocrx_word' id='word_1_181' title='bbox 644 2698 786 2760; x_wconf 84' lang='lat' dir='ltr'><strong>Magnesia,</strong></span> <span class='ocrx_word' id='word_1_182' title='bbox 824 2711 894 2747; x_wconf 80' lang='lat' dir='ltr'><strong>nom.</strong></span> <span class='ocrx_word' id='word_1_183' title='bbox 916 2720 944 2731; x_wconf 94' lang='lat'>-</span> <span class='ocrx_word' id='word_1_184' title='bbox 966 2691 1184 2758; x_wconf 66' lang='lat' dir='ltr'><strong>monath-loom]</strong></span> <span class='ocrx_word' id='word_1_185' title='bbox 1203 2691 1244 2744; x_wconf 89' lang='lat' dir='ltr'><strong>Cl.</strong></span> <span class='ocrx_word' id='word_1_186' title='bbox 1262 2692 1311 2744; x_wconf 86' lang='lat' dir='ltr'><strong>od.</strong></span> <span class='ocrx_word' id='word_1_187' title='bbox 1329 2694 1352 2752; x_wconf 81' lang='lat' dir='ltr'><strong>l,</strong></span> 
     </span>
     <span class='ocr_line' id='line_1_24' title="bbox 263 2768 1352 2833; baseline -0.006 -10"><span class='ocrx_word' id='word_1_188' title='bbox 263 2770 415 2824; x_wconf 87' lang='lat' dir='ltr'><strong>Thessaliae</strong></span> <span class='ocrx_word' id='word_1_189' title='bbox 433 2769 510 2821; x_wconf 91' lang='lat' dir='ltr'><strong>urbe.</strong></span> <span class='ocrx_word' id='word_1_190' title='bbox 538 2771 593 2821; x_wconf 79' lang='lat' dir='ltr'><strong>‹ntd</strong></span> <span class='ocrx_word' id='word_1_191' title='bbox 610 2770 788 2822; x_wconf 78' lang='lat' dir='ltr'><strong>differentiam</strong></span> <span class='ocrx_word' id='word_1_192' title='bbox 826 2774 850 2832; x_wconf 81' lang='lat' dir='ltr'><strong>t.</strong></span> <span class='ocrx_word' id='word_1_193' title='bbox 862 2772 906 2820; x_wconf 79' lang='lat' dir='ltr'><strong>ts:</strong></span> <span class='ocrx_word' id='word_1_194' title='bbox 920 2770 1010 2819; x_wconf 74' lang='lat' dir='ltr'><strong>Icariis</strong></span> <span class='ocrx_word' id='word_1_195' title='bbox 1018 2768 1141 2833; x_wconf 72' lang='lat' dir='ltr'><strong>fimtihro.</strong></span> <span class='ocrx_word' id='word_1_196' title='bbox 1153 2768 1222 2818; x_wconf 72' lang='lat' dir='ltr'><strong>icosi</strong></span> <span class='ocrx_word' id='word_1_197' title='bbox 1233 2769 1316 2832; x_wconf 79' lang='lat' dir='ltr'><strong>genii.</strong></span> <span class='ocrx_word' id='word_1_198' title='bbox 1327 2781 1352 2816; x_wconf 80' lang='lat' dir='ltr'><strong>r.</strong></span> 
     </span>
     <span class='ocr_line' id='line_1_25' title="bbox 262 2841 1356 2911; baseline -0.006 -13"><span class='ocrx_word' id='word_1_199' title='bbox 262 2847 371 2898; x_wconf 83' lang='lat' dir='ltr'><strong>alterius</strong></span> <span class='ocrx_word' id='word_1_200' title='bbox 384 2844 553 2911; x_wconf 79' lang='lat' dir='ltr'><strong>Hippolytes,</strong></span> <span class='ocrx_word' id='word_1_201' title='bbox 571 2848 736 2897; x_wconf 77' lang='lat' dir='ltr'><strong>Amazonum</strong></span> <span class='ocrx_word' id='word_1_202' title='bbox 748 2859 789 2896; x_wconf 86' lang='lat' dir='ltr'><strong>ro-</strong></span> <span class='ocrx_word' id='word_1_203' title='bbox 825 2846 947 2902; x_wconf 73' lang='lat' dir='ltr'><strong>lcoiiom,</strong></span> <span class='ocrx_word' id='word_1_204' title='bbox 967 2856 1020 2894; x_wconf 91' lang='lat' dir='ltr'><strong>non</strong></span> <span class='ocrx_word' id='word_1_205' title='bbox 1038 2857 1064 2892; x_wconf 85' lang='lat' dir='ltr'><strong>v.</strong></span> <span class='ocrx_word' id='word_1_206' title='bbox 1076 2844 1171 2892; x_wconf 76' lang='lat' dir='ltr'><strong>loono.</strong></span> <span class='ocrx_word' id='word_1_207' title='bbox 1188 2866 1215 2877; x_wconf 94' lang='lat'><em>—</em></span> <span class='ocrx_word' id='word_1_208' title='bbox 1230 2841 1334 2891; x_wconf 78' lang='lat' dir='ltr'><strong>surdior</strong></span> <span class='ocrx_word' id='word_1_209' title='bbox 1344 2867 1356 2876; x_wconf 96' lang='lat'>-</span> 
     </span>
     <span class='ocr_line' id='line_1_26' title="bbox 263 2909 1355 2988; baseline -0.009 -16"><span class='ocrx_word' id='word_1_210' title='bbox 263 2925 349 2988; x_wconf 67' lang='lat' dir='ltr'><strong>gineis,</strong></span> <span class='ocrx_word' id='word_1_211' title='bbox 363 2921 454 2972; x_wconf 83' lang='lat' dir='ltr'><strong>uxoris</strong></span> <span class='ocrx_word' id='word_1_212' title='bbox 466 2921 586 2972; x_wconf 74' lang='lat' dir='ltr'><strong>Thesei.»</strong></span> <span class='ocrx_word' id='word_1_213' title='bbox 597 2921 688 2970; x_wconf 80' lang='lat' dir='ltr'><strong>Sonos.</strong></span> <span class='ocrx_word' id='word_1_214' title='bbox 704 2945 732 2956; x_wconf 89' lang='lat'><em>-</em></span> <span class='ocrx_word' id='word_1_215' title='bbox 743 2920 788 2970; x_wconf 86' lang='lat' dir='ltr'><strong>liis</strong></span> <span class='ocrx_word' id='word_1_216' title='bbox 825 2918 904 2983; x_wconf 62' lang='lat' dir='ltr'><strong>ordii]</strong></span> <span class='ocrx_word' id='word_1_217' title='bbox 923 2917 1046 2969; x_wconf 75' lang='lat' dir='ltr'><strong>Similiter</strong></span> <span class='ocrx_word' id='word_1_218' title='bbox 1060 2917 1150 2980; x_wconf 87' lang='lat' dir='ltr'><strong>Eurip.</strong></span> <span class='ocrx_word' id='word_1_219' title='bbox 1163 2915 1233 2968; x_wconf 85' lang='lat' dir='ltr'><strong>hted.</strong></span> <span class='ocrx_word' id='word_1_220' title='bbox 1247 2915 1295 2964; x_wconf 76' lang='lat'><strong>28:</strong></span> <span class='ocrx_word' id='word_1_221' title='bbox 1314 2909 1355 2978; x_wconf 72' lang='grc' dir='ltr'><strong>ὥς</strong></span> 
     </span>
     <span class='ocr_line' id='line_1_27' title="bbox 263 2987 1355 3065; baseline -0.008 -17"><span class='ocrx_word' id='word_1_222' title='bbox 263 2996 368 3048; x_wconf 87' lang='lat' dir='ltr'><strong>duabus</strong></span> <span class='ocrx_word' id='word_1_223' title='bbox 381 2993 476 3046; x_wconf 84' lang='lat' dir='ltr'><strong>tabulis</strong></span> <span class='ocrx_word' id='word_1_224' title='bbox 488 2995 596 3046; x_wconf 89' lang='lat' dir='ltr'><strong>nuntius</strong></span> <span class='ocrx_word' id='word_1_225' title='bbox 604 2998 693 3058; x_wconf 77' lang='lat' dir='ltr'><strong>Gygae</strong></span> <span class='ocrx_word' id='word_1_226' title='bbox 705 2995 788 3059; x_wconf 85' lang='lat' dir='ltr'><strong>spreti</strong></span> <span class='ocrx_word' id='word_1_227' title='bbox 824 2992 855 3046; x_wconf 75' lang='lat' dir='ltr'><strong>dl</strong></span> <span class='ocrx_word' id='word_1_228' title='bbox 884 2995 987 3065; x_wconf 75' lang='grc' dir='ltr'><strong><em>πέτρος</em></strong></span> <span class='ocrx_word' id='word_1_229' title='bbox 1009 2987 1029 3058; x_wconf 83' lang='grc' dir='ltr'><em>ἢ</em></span> <span class='ocrx_word' id='word_1_230' title='bbox 1049 2987 1211 3054; x_wconf 78' lang='grc' dir='ltr'><strong><em>θαλάσσιος</em></strong></span> <span class='ocrx_word' id='word_1_231' title='bbox 1234 2987 1355 3043; x_wconf 76' lang='grc' dir='ltr'><strong><em>Κλύδων</em></strong></span> 
     </span>
     <span class='ocr_line' id='line_1_28' title="bbox 262 3064 1354 3134; baseline -0.005 -12"><span class='ocrx_word' id='word_1_232' title='bbox 262 3072 360 3123; x_wconf 89' lang='lat' dir='ltr'><strong>amoris</strong></span> <span class='ocrx_word' id='word_1_233' title='bbox 382 3068 501 3134; x_wconf 86' lang='lat' dir='ltr'><strong>pericula</strong></span> <span class='ocrx_word' id='word_1_234' title='bbox 527 3070 705 3120; x_wconf 88' lang='lat' dir='ltr'><strong>demonstrat:</strong></span> <span class='ocrx_word' id='word_1_235' title='bbox 735 3069 788 3118; x_wconf 89' lang='lat' dir='ltr'><strong>iam</strong></span> <span class='ocrx_word' id='word_1_236' title='bbox 825 3064 935 3121; x_wconf 81' lang='grc' dir='ltr'><strong><em>ἀκούει.</em></strong></span> <span class='ocrx_word' id='word_1_237' title='bbox 961 3070 1050 3134; x_wconf 88' lang='lat' dir='ltr'><strong>Eurip.</strong></span> <span class='ocrx_word' id='word_1_238' title='bbox 1075 3066 1203 3118; x_wconf 79' lang='lat' dir='ltr'><strong>Androm.</strong></span> <span class='ocrx_word' id='word_1_239' title='bbox 1228 3067 1295 3116; x_wconf 74' lang='lat'><strong>537:</strong></span> <span class='ocrx_word' id='word_1_240' title='bbox 1322 3066 1354 3116; x_wconf 84' lang='lat' dir='ltr'><strong>Ti</strong></span> 
     </span>
     <span class='ocr_line' id='line_1_29' title="bbox 261 3135 1356 3215; baseline -0.005 -20"><span class='ocrx_word' id='word_1_241' title='bbox 261 3144 339 3206; x_wconf 83' lang='lat' dir='ltr'><strong>alias,</strong></span> <span class='ocrx_word' id='word_1_242' title='bbox 359 3144 406 3194; x_wconf 87' lang='lat' dir='ltr'><strong>libi</strong></span> <span class='ocrx_word' id='word_1_243' title='bbox 423 3146 484 3194; x_wconf 89' lang='lat' dir='ltr'><strong>ante</strong></span> <span class='ocrx_word' id='word_1_244' title='bbox 503 3157 555 3194; x_wconf 93' lang='lat' dir='ltr'><strong>non</strong></span> <span class='ocrx_word' id='word_1_245' title='bbox 576 3144 709 3206; x_wconf 78' lang='lat' dir='ltr'><strong>cognitas,</strong></span> <span class='ocrx_word' id='word_1_246' title='bbox 732 3156 789 3192; x_wconf 86' lang='lat' dir='ltr'><strong>mo—</strong></span> <span class='ocrx_word' id='word_1_247' title='bbox 824 3161 862 3210; x_wconf 78' lang='grc' dir='ltr'><strong>με</strong></span> <span class='ocrx_word' id='word_1_248' title='bbox 884 3144 1069 3215; x_wconf 77' lang='grc' dir='ltr'><strong><em>προσπίτνεις</em></strong></span> <span class='ocrx_word' id='word_1_249' title='bbox 1090 3135 1177 3192; x_wconf 74' lang='grc' dir='ltr'><strong><em>ἁλίαν</em></strong></span> <span class='ocrx_word' id='word_1_250' title='bbox 1201 3135 1356 3212; x_wconf 75' lang='grc' dir='ltr'><strong><em>πέτρανἬ</em></strong></span> 
     </span>
     <span class='ocr_line' id='line_1_30' title="bbox 259 3211 1352 3286; baseline -0.005 -17"><span class='ocrx_word' id='word_1_251' title='bbox 259 3225 311 3281; x_wconf 81' lang='lat' dir='ltr'><strong>vet,</strong></span> <span class='ocrx_word' id='word_1_252' title='bbox 330 3218 444 3283; x_wconf 83' lang='lat' dir='ltr'><strong>profert,</strong></span> <span class='ocrx_word' id='word_1_253' title='bbox 463 3231 532 3282; x_wconf 86' lang='lat' dir='ltr'><strong>quae</strong></span> <span class='ocrx_word' id='word_1_254' title='bbox 545 3219 692 3273; x_wconf 86' lang='lat' dir='ltr'><strong>amantium</strong></span> <span class='ocrx_word' id='word_1_255' title='bbox 710 3215 790 3267; x_wconf 87' lang='lat' dir='ltr'><strong>ielici-</strong></span> <span class='ocrx_word' id='word_1_256' title='bbox 825 3217 905 3286; x_wconf 80' lang='grc' dir='ltr'><em>κῦμα</em></span> <span class='ocrx_word' id='word_1_257' title='bbox 928 3217 1020 3281; x_wconf 76' lang='grc' dir='ltr'><strong><em>λιταῖς</em></strong></span> <span class='ocrx_word' id='word_1_258' title='bbox 1046 3211 1085 3280; x_wconf 74' lang='grc' dir='ltr'><strong>ὥς</strong></span> <span class='ocrx_word' id='word_1_259' title='bbox 1116 3213 1268 3275; x_wconf 60' lang='lat' dir='ltr'><strong>[modom</strong></span> <span class='ocrx_word' id='word_1_260' title='bbox 1299 3216 1352 3266; x_wconf 82' lang='lat' dir='ltr'><strong>Cir.</strong></span> 
     </span>
     <span class='ocr_line' id='line_1_31' title="bbox 262 3291 1355 3360; baseline -0.003 -16"><span class='ocrx_word' id='word_1_261' title='bbox 262 3297 344 3345; x_wconf 70' lang='lat' dir='ltr'><strong>utem</strong></span> <span class='ocrx_word' id='word_1_262' title='bbox 355 3307 387 3344; x_wconf 88' lang='lat' dir='ltr'><strong>ac</strong></span> <span class='ocrx_word' id='word_1_263' title='bbox 399 3293 494 3357; x_wconf 83' lang='lat' dir='ltr'><strong>gaudia</strong></span> <span class='ocrx_word' id='word_1_264' title='bbox 506 3295 568 3343; x_wconf 91' lang='lat' dir='ltr'><strong>ante</strong></span> <span class='ocrx_word' id='word_1_265' title='bbox 581 3292 674 3344; x_wconf 88' lang='lat' dir='ltr'><strong>oculos</strong></span> <span class='ocrx_word' id='word_1_266' title='bbox 688 3305 790 3358; x_wconf 87' lang='lat' dir='ltr'><strong>pouen·</strong></span> <span class='ocrx_word' id='word_1_267' title='bbox 825 3295 910 3360; x_wconf 88' lang='lat' dir='ltr'><strong>Epod.</strong></span> <span class='ocrx_word' id='word_1_268' title='bbox 931 3295 976 3354; x_wconf 78' lang='lat' dir='ltr'><strong>ti,</strong></span> <span class='ocrx_word' id='word_1_269' title='bbox 995 3293 1036 3344; x_wconf 80' lang='lat' dir='ltr'><strong>ti.</strong></span> <span class='ocrx_word' id='word_1_270' title='bbox 1067 3291 1239 3342; x_wconf 84' lang='lat' dir='ltr'><strong>Philodemus</strong></span> <span class='ocrx_word' id='word_1_271' title='bbox 1257 3291 1284 3342; x_wconf 89' lang='lat' dir='ltr'><strong>in</strong></span> <span class='ocrx_word' id='word_1_272' title='bbox 1304 3295 1355 3342; x_wconf 82' lang='lat' dir='ltr'><strong>An-</strong></span> 
     </span>
     <span class='ocr_line' id='line_1_32' title="bbox 263 3359 1354 3434; baseline -0.005 -13"><span class='ocrx_word' id='word_1_273' title='bbox 263 3373 443 3432; x_wconf 72' lang='lat' dir='ltr'><strong>tropaeam,</strong></span> <span class='ocrx_word' id='word_1_274' title='bbox 468 3366 495 3418; x_wconf 93' lang='lat' dir='ltr'><strong>id</strong></span> <span class='ocrx_word' id='word_1_275' title='bbox 517 3369 571 3428; x_wconf 87' lang='lat' dir='ltr'><strong>est,</strong></span> <span class='ocrx_word' id='word_1_276' title='bbox 595 3365 659 3417; x_wconf 85' lang='lat' dir='ltr'><strong>alias</strong></span> <span class='ocrx_word' id='word_1_277' title='bbox 681 3369 789 3431; x_wconf 87' lang='lat' dir='ltr'><strong>praeter</strong></span> <span class='ocrx_word' id='word_1_278' title='bbox 826 3368 890 3420; x_wconf 91' lang='lat' dir='ltr'><strong>thol.</strong></span> <span class='ocrx_word' id='word_1_279' title='bbox 910 3368 962 3420; x_wconf 87' lang='lat' dir='ltr'><strong>Pul.</strong></span> <span class='ocrx_word' id='word_1_280' title='bbox 982 3371 1001 3419; x_wconf 90' lang='lat' dir='ltr'><strong>l.</strong></span> <span class='ocrx_word' id='word_1_281' title='bbox 1020 3381 1048 3434; x_wconf 88' lang='lat' dir='ltr'><strong>p.</strong></span> <span class='ocrx_word' id='word_1_282' title='bbox 1062 3369 1124 3417; x_wconf 68' lang='lat' dir='ltr'><strong>tlh:</strong></span> <span class='ocrx_word' id='word_1_283' title='bbox 1143 3359 1205 3415; x_wconf 77' lang='grc' dir='ltr'><strong>ἀλλ’</strong></span> <span class='ocrx_word' id='word_1_284' title='bbox 1224 3362 1278 3416; x_wconf 78' lang='grc' dir='ltr'><strong>ἴσα</strong></span> <span class='ocrx_word' id='word_1_285' title='bbox 1289 3359 1354 3416; x_wconf 68' lang='grc' dir='ltr'><strong>τόν</strong></span> 
     </span>
     <span class='ocr_line' id='line_1_33' title="bbox 263 3434 1352 3512; baseline -0.004 -19"><span class='ocrx_word' id='word_1_286' title='bbox 263 3456 337 3504; x_wconf 85' lang='lat' dir='ltr'><strong>eam,</strong></span> <span class='ocrx_word' id='word_1_287' title='bbox 362 3442 405 3492; x_wconf 89' lang='lat' dir='ltr'><strong>oui</strong></span> <span class='ocrx_word' id='word_1_288' title='bbox 425 3440 508 3492; x_wconf 86' lang='lat' dir='ltr'><strong>fidem</strong></span> <span class='ocrx_word' id='word_1_289' title='bbox 520 3441 614 3502; x_wconf 82' lang='lat' dir='ltr'><strong>dohet,</strong></span> <span class='ocrx_word' id='word_1_290' title='bbox 633 3455 725 3492; x_wconf 87' lang='lat' dir='ltr'><strong>amare</strong></span> <span class='ocrx_word' id='word_1_291' title='bbox 739 3441 789 3490; x_wconf 92' lang='lat' dir='ltr'><strong>do·</strong></span> <span class='ocrx_word' id='word_1_292' title='bbox 826 3437 962 3511; x_wconf 80' lang='grc' dir='ltr'><strong><em>τῳἸονιῳ</em></strong></span> <span class='ocrx_word' id='word_1_293' title='bbox 973 3434 1352 3512; x_wconf 74' lang='grc' dir='ltr'><strong><em>μύθωνέκλοεςὴμετέρων.</em></strong></span> 
     </span>
     <span class='ocr_line' id='line_1_34' title="bbox 262 3512 1352 3581; baseline -0.004 -12"><span class='ocrx_word' id='word_1_294' title='bbox 262 3520 349 3570; x_wconf 86' lang='lat' dir='ltr'><strong>ceant.</strong></span> <span class='ocrx_word' id='word_1_295' title='bbox 387 3519 470 3567; x_wconf 84' lang='lat' dir='ltr'><strong>Movet</strong></span> <span class='ocrx_word' id='word_1_296' title='bbox 491 3518 595 3577; x_wconf 85' lang='lat' dir='ltr'><strong>autem,</strong></span> <span class='ocrx_word' id='word_1_297' title='bbox 620 3519 650 3567; x_wconf 85' lang='lat' dir='ltr'><strong>ut</strong></span> <span class='ocrx_word' id='word_1_298' title='bbox 675 3516 789 3568; x_wconf 86' lang='lat' dir='ltr'><strong>dicimus</strong></span> <span class='ocrx_word' id='word_1_299' title='bbox 827 3520 877 3580; x_wconf 88' lang='lat' dir='ltr'><strong>Qui</strong></span> <span class='ocrx_word' id='word_1_300' title='bbox 902 3531 1052 3581; x_wconf 79' lang='lat' dir='ltr'><strong>oxymorou</strong></span> <span class='ocrx_word' id='word_1_301' title='bbox 1078 3531 1131 3568; x_wconf 91' lang='lat' dir='ltr'><strong>uon</strong></span> <span class='ocrx_word' id='word_1_302' title='bbox 1156 3512 1352 3580; x_wconf 79' lang='lat' dir='ltr'><strong>intelligebant.</strong></span> 
     </span>
     <span class='ocr_line' id='line_1_35' title="bbox 262 3589 1354 3658; baseline -0.002 -16"><span class='ocrx_word' id='word_1_303' title='bbox 262 3594 412 3642; x_wconf 81' lang='lat' dir='ltr'><strong>mentionem</strong></span> <span class='ocrx_word' id='word_1_304' title='bbox 419 3605 527 3654; x_wconf 84' lang='lat' dir='ltr'><strong>movero,</strong></span> <span class='ocrx_word' id='word_1_305' title='bbox 540 3592 663 3644; x_wconf 76' lang='lat' dir='ltr'><strong>ortionem</strong></span> <span class='ocrx_word' id='word_1_306' title='bbox 672 3593 791 3655; x_wconf 75' lang='grc' dir='ltr'><strong><em>σσρορν·</em></strong></span> <span class='ocrx_word' id='word_1_307' title='bbox 826 3591 1020 3658; x_wconf 72' lang='lat' dir='ltr'><strong>interpellarunt</strong></span> <span class='ocrx_word' id='word_1_308' title='bbox 1036 3592 1143 3654; x_wconf 64' lang='lat' dir='ltr'><strong>mant,</strong></span> <span class='ocrx_word' id='word_1_309' title='bbox 1170 3593 1201 3642; x_wconf 89' lang='lat' dir='ltr'><strong>ut</strong></span> <span class='ocrx_word' id='word_1_310' title='bbox 1216 3589 1354 3642; x_wconf 84' lang='lat' dir='ltr'><strong>habehant</strong></span> 
     </span>
     <span class='ocr_line' id='line_1_36' title="bbox 261 3664 1354 3730; baseline 0.002 -16"><span class='ocrx_word' id='word_1_311' title='bbox 261 3667 313 3716; x_wconf 76' lang='lat' dir='ltr'><strong>lton</strong></span> <span class='ocrx_word' id='word_1_312' title='bbox 336 3679 447 3726; x_wconf 85' lang='lat' dir='ltr'><strong>movere,</strong></span> <span class='ocrx_word' id='word_1_313' title='bbox 476 3664 554 3728; x_wconf 82' lang='lat' dir='ltr'><strong>longe</strong></span> <span class='ocrx_word' id='word_1_314' title='bbox 572 3667 728 3730; x_wconf 84' lang='lat' dir='ltr'><strong>exquisitius</strong></span> <span class='ocrx_word' id='word_1_315' title='bbox 749 3667 791 3717; x_wconf 89' lang='lat' dir='ltr'><strong>est</strong></span> <span class='ocrx_word' id='word_1_316' title='bbox 827 3668 912 3720; x_wconf 88' lang='lat' dir='ltr'><strong>Codd.</strong></span> <span class='ocrx_word' id='word_1_317' title='bbox 931 3667 986 3718; x_wconf 92' lang='lat' dir='ltr'><strong>duo</strong></span> <span class='ocrx_word' id='word_1_318' title='bbox 997 3665 1137 3717; x_wconf 87' lang='lat' dir='ltr'><strong>Pulmanni</strong></span> <span class='ocrx_word' id='word_1_319' title='bbox 1153 3667 1182 3716; x_wconf 85' lang='lat' dir='ltr'><strong>ot</strong></span> <span class='ocrx_word' id='word_1_320' title='bbox 1192 3677 1264 3716; x_wconf 87' lang='lat' dir='ltr'><strong>unus</strong></span> <span class='ocrx_word' id='word_1_321' title='bbox 1275 3667 1354 3716; x_wconf 87' lang='lat' dir='ltr'><strong>Bers-</strong></span> 
     </span>
     <span class='ocr_line' id='line_1_37' title="bbox 262 3737 1351 3805; baseline 0.004 -15"><span class='ocrx_word' id='word_1_322' title='bbox 262 3753 343 3805; x_wconf 87' lang='lat' dir='ltr'><strong>quam</strong></span> <span class='ocrx_word' id='word_1_323' title='bbox 357 3738 439 3790; x_wconf 79' lang='lat' dir='ltr'><strong>altura</strong></span> <span class='ocrx_word' id='word_1_324' title='bbox 451 3737 513 3790; x_wconf 87' lang='lat' dir='ltr'><strong>lect.</strong></span> <span class='ocrx_word' id='word_1_325' title='bbox 525 3745 620 3799; x_wconf 74' lang='lat' dir='ltr'><strong>moriat,</strong></span> <span class='ocrx_word' id='word_1_326' title='bbox 641 3753 703 3790; x_wconf 77' lang='lat' dir='ltr'><strong>aeas</strong></span> <span class='ocrx_word' id='word_1_327' title='bbox 712 3741 792 3803; x_wconf 80' lang='lat' dir='ltr'><strong>signi·</strong></span> <span class='ocrx_word' id='word_1_328' title='bbox 827 3744 934 3803; x_wconf 88' lang='lat' dir='ltr'><strong>manni;</strong></span> <span class='ocrx_word' id='word_1_329' title='bbox 953 3741 1000 3792; x_wconf 86' lang='lat' dir='ltr'><strong>cir.</strong></span> <span class='ocrx_word' id='word_1_330' title='bbox 1015 3737 1099 3792; x_wconf 85' lang='lat' dir='ltr'><strong>Bentl.</strong></span> <span class='ocrx_word' id='word_1_331' title='bbox 1113 3739 1148 3790; x_wconf 93' lang='lat' dir='ltr'><strong>ad</strong></span> <span class='ocrx_word' id='word_1_332' title='bbox 1160 3741 1213 3790; x_wconf 88' lang='lat' dir='ltr'><strong>Sat.</strong></span> <span class='ocrx_word' id='word_1_333' title='bbox 1229 3740 1255 3800; x_wconf 84' lang='lat' dir='ltr'><strong>t,</strong></span> <span class='ocrx_word' id='word_1_334' title='bbox 1265 3739 1351 3800; x_wconf 65' lang='lat' dir='ltr'><strong>Mhi</strong></span> 
     </span>
     <span class='ocr_line' id='line_1_38' title="bbox 265 3812 1353 3868; baseline -0.003 -1"><span class='ocrx_word' id='word_1_335' title='bbox 265 3817 349 3867; x_wconf 86' lang='lat' dir='ltr'><strong>hoans</strong></span> <span class='ocrx_word' id='word_1_336' title='bbox 361 3812 395 3864; x_wconf 91' lang='lat' dir='ltr'><strong>iili</strong></span> <span class='ocrx_word' id='word_1_337' title='bbox 408 3815 433 3864; x_wconf 93' lang='lat' dir='ltr'><strong>in</strong></span> <span class='ocrx_word' id='word_1_338' title='bbox 446 3817 565 3864; x_wconf 86' lang='lat' dir='ltr'><strong>mentem</strong></span> <span class='ocrx_word' id='word_1_339' title='bbox 577 3817 712 3864; x_wconf 73' lang='lat' dir='ltr'><strong>revocat.»</strong></span> <span class='ocrx_word' id='word_1_340' title='bbox 735 3814 788 3864; x_wconf 85' lang='lat' dir='ltr'><strong>Cir.</strong></span> <span class='ocrx_word' id='word_1_341' title='bbox 827 3818 854 3868; x_wconf 92' lang='lat' dir='ltr'><strong>in</strong></span> <span class='ocrx_word' id='word_1_342' title='bbox 871 3817 939 3868; x_wconf 87' lang='lat' dir='ltr'><strong>mois</strong></span> <span class='ocrx_word' id='word_1_343' title='bbox 961 3818 989 3866; x_wconf 84' lang='lat' dir='ltr'><strong>et</strong></span> <span class='ocrx_word' id='word_1_344' title='bbox 1005 3815 1122 3867; x_wconf 86' lang='lat' dir='ltr'><strong>Pottierii</strong></span> <span class='ocrx_word' id='word_1_345' title='bbox 1144 3813 1230 3866; x_wconf 90' lang='lat' dir='ltr'><strong>Codd.</strong></span> <span class='ocrx_word' id='word_1_346' title='bbox 1250 3814 1353 3864; x_wconf 76' lang='lat' dir='ltr'><strong>sineere</strong></span> 
     </span>
     <span class='ocr_line' id='line_1_39' title="bbox 262 3887 976 3954; baseline -0.001 -14"><span class='ocrx_word' id='word_1_347' title='bbox 262 3891 332 3954; x_wconf 80' lang='lat' dir='ltr'><strong>Virg.</strong></span> <span class='ocrx_word' id='word_1_348' title='bbox 352 3891 417 3940; x_wconf 78' lang='lat' dir='ltr'><strong>Aen.</strong></span> <span class='ocrx_word' id='word_1_349' title='bbox 436 3889 466 3948; x_wconf 80' lang='lat'><strong>7,</strong></span> <span class='ocrx_word' id='word_1_350' title='bbox 485 3887 548 3939; x_wconf 82' lang='lat' dir='ltr'><strong>ott:</strong></span> <span class='ocrx_word' id='word_1_351' title='bbox 575 3893 712 3949; x_wconf 75' lang='lat' dir='ltr'><strong>cautioque</strong></span> <span class='ocrx_word' id='word_1_352' title='bbox 733 3902 790 3940; x_wconf 79' lang='grc' dir='ltr'><strong><em>νιο-</em></strong></span> <span class='ocrx_word' id='word_1_353' title='bbox 828 3894 871 3942; x_wconf 86' lang='lat' dir='ltr'><strong>est</strong></span> <span class='ocrx_word' id='word_1_354' title='bbox 888 3890 976 3942; x_wconf 86' lang='lat' dir='ltr'><strong>lectio.</strong></span> 
     </span>
     <span class='ocr_line' id='line_1_40' title="bbox 262 3963 1350 4028; baseline -0.003 -12"><span class='ocrx_word' id='word_1_355' title='bbox 262 3971 323 4025; x_wconf 81' lang='lat' dir='ltr'><strong>veta,</strong></span> <span class='ocrx_word' id='word_1_356' title='bbox 343 3963 491 4015; x_wconf 83' lang='lat' dir='ltr'><strong>Wakefield</strong></span> <span class='ocrx_word' id='word_1_357' title='bbox 502 3967 607 4014; x_wconf 67' lang='lat' dir='ltr'><strong>morosis.</strong></span> <span class='ocrx_word' id='word_1_358' title='bbox 626 3963 701 4013; x_wconf 83' lang='lat' dir='ltr'><strong>ovid.</strong></span> <span class='ocrx_word' id='word_1_359' title='bbox 715 3965 744 4014; x_wconf 82' lang='grc' dir='ltr'><strong>Α.</strong></span> <span class='ocrx_word' id='word_1_360' title='bbox 758 3966 787 4014; x_wconf 81' lang='lat' dir='ltr'><strong>a.</strong></span> <span class='ocrx_word' id='word_1_361' title='bbox 860 3966 901 4016; x_wconf 62' lang='grc' dir='ltr'><strong>ἢ</strong></span> <span class='ocrx_word' id='word_1_362' title='bbox 928 3965 970 4016; x_wconf 71' lang='lat'><strong>23.</strong></span> <span class='ocrx_word' id='word_1_363' title='bbox 1000 3965 1080 4014; x_wconf 78' lang='lat' dir='ltr'><strong>odiro</strong></span> <span class='ocrx_word' id='word_1_364' title='bbox 1108 3963 1217 4028; x_wconf 76' lang='lat' dir='ltr'><strong>inteosr]</strong></span> <span class='ocrx_word' id='word_1_365' title='bbox 1249 3973 1350 4026; x_wconf 75' lang='lat' dir='ltr'><strong>«osque</strong></span> 
     </span>
     <span class='ocr_line' id='line_1_41' title="bbox 261 4035 1348 4103; baseline -0.006 -11"><span class='ocrx_word' id='word_1_366' title='bbox 261 4041 289 4102; x_wconf 87' lang='grc'><strong>3,</strong></span> <span class='ocrx_word' id='word_1_367' title='bbox 309 4041 365 4091; x_wconf 77' lang='lat' dir='ltr'><strong>tihi.</strong></span> <span class='ocrx_word' id='word_1_368' title='bbox 389 4042 490 4090; x_wconf 85' lang='lat' dir='ltr'><strong>rectius</strong></span> <span class='ocrx_word' id='word_1_369' title='bbox 514 4052 584 4089; x_wconf 85' lang='lat' dir='ltr'><strong>nunc</strong></span> <span class='ocrx_word' id='word_1_370' title='bbox 602 4038 698 4089; x_wconf 89' lang='lat' dir='ltr'><strong>edunt:</strong></span> <span class='ocrx_word' id='word_1_371' title='bbox 726 4040 791 4102; x_wconf 79' lang='lat' dir='ltr'><strong>Quid</strong></span> <span class='ocrx_word' id='word_1_372' title='bbox 828 4040 862 4090; x_wconf 89' lang='lat' dir='ltr'><strong>ad</strong></span> <span class='ocrx_word' id='word_1_373' title='bbox 883 4039 954 4090; x_wconf 87' lang='lat' dir='ltr'><strong>hunc</strong></span> <span class='ocrx_word' id='word_1_374' title='bbox 973 4038 1045 4090; x_wconf 87' lang='lat' dir='ltr'><strong>diem</strong></span> <span class='ocrx_word' id='word_1_375' title='bbox 1066 4041 1265 4103; x_wconf 71' lang='lat' dir='ltr'><strong>insonantes·</strong></span> <span class='ocrx_word' id='word_1_376' title='bbox 1300 4035 1348 4088; x_wconf 84' lang='lat' dir='ltr'><strong>oo.</strong></span> 
     </span>
     <span class='ocr_line' id='line_1_42' title="bbox 261 4111 1349 4178; baseline -0.006 -12"><span class='ocrx_word' id='word_1_377' title='bbox 261 4118 332 4166; x_wconf 84' lang='lat' dir='ltr'><strong>iuoot</strong></span> <span class='ocrx_word' id='word_1_378' title='bbox 359 4115 479 4178; x_wconf 72' lang='lat' dir='ltr'><strong>omhoqes</strong></span> <span class='ocrx_word' id='word_1_379' title='bbox 500 4119 686 4176; x_wconf 79' lang='lat' dir='ltr'><strong>praeceptoque</strong></span> <span class='ocrx_word' id='word_1_380' title='bbox 704 4127 791 4177; x_wconf 68' lang='lat' dir='ltr'><strong>paruo</strong></span> <span class='ocrx_word' id='word_1_381' title='bbox 828 4113 875 4165; x_wconf 90' lang='lat' dir='ltr'><strong>0d.</strong></span> <span class='ocrx_word' id='word_1_382' title='bbox 894 4115 923 4172; x_wconf 71' lang='grc'><strong>2,</strong></span> <span class='ocrx_word' id='word_1_383' title='bbox 943 4113 1031 4173; x_wconf 62' lang='lat' dir='ltr'><strong>mh.</strong></span> <span class='ocrx_word' id='word_1_384' title='bbox 1053 4141 1080 4150; x_wconf 93' lang='lat'>-</span> <span class='ocrx_word' id='word_1_385' title='bbox 1097 4111 1349 4175; x_wconf 76' lang='lat' dir='ltr'><strong>Eniperoanomioe</strong></span> 
     </span>
     <span class='ocr_line' id='line_1_43' title="bbox 260 4181 1348 4253; baseline -0.006 -13"><span class='ocrx_word' id='word_1_386' title='bbox 260 4189 380 4241; x_wconf 80' lang='lat' dir='ltr'><strong>mouere?</strong></span> <span class='ocrx_word' id='word_1_387' title='bbox 407 4188 483 4253; x_wconf 79' lang='lat' dir='ltr'><strong>volgo</strong></span> <span class='ocrx_word' id='word_1_388' title='bbox 506 4201 615 4240; x_wconf 80' lang='lat' dir='ltr'><strong>mouere.</strong></span> <span class='ocrx_word' id='word_1_389' title='bbox 643 4217 670 4225; x_wconf 99' lang='lat'>-</span> <span class='ocrx_word' id='word_1_390' title='bbox 689 4188 790 4252; x_wconf 68' lang='lat' dir='ltr'><strong>Folius]</strong></span> <span class='ocrx_word' id='word_1_391' title='bbox 828 4190 946 4240; x_wconf 89' lang='lat' dir='ltr'><strong>llumiuis</strong></span> <span class='ocrx_word' id='word_1_392' title='bbox 971 4187 1132 4238; x_wconf 86' lang='lat' dir='ltr'><strong>Thessaliae.</strong></span> <span class='ocrx_word' id='word_1_393' title='bbox 1160 4213 1187 4224; x_wconf 91' lang='lat'>-</span> <span class='ocrx_word' id='word_1_394' title='bbox 1213 4181 1348 4248; x_wconf 82' lang='lat' dir='ltr'><strong>Quomodo</strong></span> 
     </span>
     <span class='ocr_line' id='line_1_44' title="bbox 265 4259 1347 4330; baseline -0.008 -15"><span class='ocrx_word' id='word_1_395' title='bbox 265 4265 573 4330; x_wconf 76' lang='lat' dir='ltr'><strong>otedecipereoupieus.</strong></span> <span class='ocrx_word' id='word_1_396' title='bbox 587 4263 791 4328; x_wconf 78' lang='lat' dir='ltr'><strong>Bentleiipeltoo</strong></span> <span class='ocrx_word' id='word_1_397' title='bbox 829 4267 919 4316; x_wconf 85' lang='lat' dir='ltr'><strong>autem</strong></span> <span class='ocrx_word' id='word_1_398' title='bbox 942 4265 969 4315; x_wconf 94' lang='lat' dir='ltr'><strong>in</strong></span> <span class='ocrx_word' id='word_1_399' title='bbox 993 4263 1086 4314; x_wconf 79' lang='lat' dir='ltr'><strong>festivo</strong></span> <span class='ocrx_word' id='word_1_400' title='bbox 1109 4264 1161 4314; x_wconf 87' lang='lat' dir='ltr'><strong>hoo</strong></span> <span class='ocrx_word' id='word_1_401' title='bbox 1183 4261 1244 4314; x_wconf 89' lang='lat' dir='ltr'><strong>ioco</strong></span> <span class='ocrx_word' id='word_1_402' title='bbox 1266 4259 1347 4323; x_wconf 72' lang='lat' dir='ltr'><strong>nugati</strong></span> 
     </span>
    </p>
   </div>
   <div class='ocr_carea' id='block_1_8' title="bbox 0 0 1500 4978">
    <p class='ocr_par' dir='ltr' id='par_1_8' title="bbox 0 0 1500 4978">
     <span class='ocr_line' id='line_1_45' title="bbox 0 0 1500 4978; baseline 0 1"><span class='ocrx_word' id='word_1_403' title='bbox 0 0 1500 4978; x_wconf 95' lang='lat' dir='ltr'><strong> </strong></span> 
     </span>
    </p>
   </div>
  </div>
 </body>
</html>
