2992 4978
511 461 569 510 LlB.
591 460 633 508 lii.
671 461 699 508 C.
718 460 760 509 lll.

285 616 411 682 Ducere
435 625 467 681 et
488 615 574 680 rivos
597 614 722 682 celeres
745 616 881 692 morari,

286 736 390 803 Cessit
411 736 558 802 immanis
581 735 635 802 tibi
661 735 836 802 blandienti

366 859 486 924 Ianitor
507 857 613 932 aulae,

283 1015 460 1094 Cerberus,
484 1018 632 1104 quamvis
654 1016 767 1084 luriale
789 1027 917 1084 centum

283 1139 424 1204 Muniant
445 1159 568 1225 angues
592 1149 689 1225 caput
710 1139 781 1206 eius
805 1148 902 1226 atque

283 1261 419 1347 Spiritus
442 1270 524 1327 teter
546 1261 720 1348 saniesque
742 1271 850 1327 manet

182 1468 219 1518 43.
238 1469 311 1530 tigris
326 1467 354 1516 T.
375 1494 402 1502 -
422 1467 461 1516 48.
480 1472 556 1528 caput
572 1472 694 1527 44444444
710 1465 819 1517 Bentleii
837 1467 916 1517 dubia
935 1470 1063 1532 suspicio;
1086 1477 1168 1520 aestus

151 1547 221 1604 atque
237 1540 356 1592 4444444444
369 1543 496 1604 Doering,
515 1542 551 1590 itti
568 1546 591 1591 44
606 1555 683 1603 usque
699 1543 736 1590 lo.
750 1555 803 1592 von
818 1544 879 1592 Gott
893 1542 1022 1592 Fro‘hlich.
1040 1544 1165 1594 Ceterum

150 1629 190 1664 rr.
210 1617 291 1667 ii-20.
311 1615 445 1667 subditicii
467 1615 590 1666 videntur
608 1615 771 1676 Eichstadio,
799 1617 964 1678 Heinriclaio,
991 1619 1164 1676 Buttmann0‚

151 1690 312 1750 Hermanno,
330 1691 445 1750 Naelrio‚
464 1689 598 1750 Webero,
617 1689 729 1740 llolman
743 1690 938 1755 Peerlkampio‚
957 1693 1100 1752 Meinelcio,
1118 1693 1167 1742 444-

150 1763 225 1826 gelio,
247 1763 385 1826 Liibkero,
406 1763 470 1814 aliis.

150 1941 232 1992 43-46.
259 1943 337 2005 tigres
357 1941 514 2006 4444444444]
537 1942 637 1992 «Ducis
674 1946 715 1992 tor
731 1943 813 2005 iungit
830 1941 949 2003 Liibker,
968 1945 997 1992 ut
1014 1945 1078 1994 444.
1093 1944 1120 2004 6,
1139 1943 1197 1994 40οε

120 2017 193 2078 tigres
213 2017 326 2066 comites
348 2019 375 2066 44
396 2014 475 2067 silvas
498 2017 636 2067 comites.»
673 2016 760 2079 ingena
776 2017 878 2066 ianitor.
914 2019 994 2068 Recte
1018 2017 1071 2068 iam
1092 2017 1200 2068 Lambi-

119 2091 146 2138 ll.
168 2089 183 2140 l.
208 2092 362 2154 zeugmate,
395 2093 424 2140 ut
455 2089 497 2141 alii
529 2089 635 2141 volunt:
675 2090 744 2150 nus.)
771 2091 823 2140 Cir.
842 2089 919 2140 Silius
940 2093 969 2150 4,
992 2093 1054 2141 tot:
1083 2093 1201 2140 insomnis

119 2169 143 2213 44
161 2171 229 2226 poter
253 2167 331 2229 tigres
356 2165 465 2215 domare
491 2165 638 2226 contraque
674 2163 822 2214 4444444444
846 2166 941 2214 ianitor
963 2166 1046 2216 aulae.
1076 2193 1102 2202 .„
1127 2166 1200 2215 blan-

117 2239 299 2300 44ωά444,
322 2251 389 2302 opus
401 2251 454 2289 non
466 2243 515 2290 est.
536 2239 573 2290 Cl.
587 2240 635 2290 0d.
674 2239 759 2303 diecti]
778 2239 816 2290 Cf.
836 2239 884 2289 Od.
904 2241 932 2300 4,
951 2240 995 2299 tl,
1015 2240 1054 2290 43.

119 2314 143 2372 4,
161 2315 204 2374 li,
223 2316 247 2363 7.
272 2341 301 2350 -
322 2315 397 2365 casm
420 2315 481 2379 cet]
505 2315 637 2377 Significat
712 2313 751 2362 44.
771 2314 811 2364 48.
829 2314 929 2378 surich]
948 2313 1048 2366 «simile
1060 2315 1139 2379 capiti
1151 2316 1199 2365 Fu·

117 2387 155 2436 iric
171 2389 309 2452 Orpheum
331 2388 482 2451 Eurydicen
504 2401 581 2440 suam
604 2403 637 2439 ex
674 2389 788 2448 riarum,
822 2400 890 2451 quae
917 2389 990 2453 ipsae
1017 2402 1124 2452 quoque
1150 2403 1200 2452 pro

117 2463 178 2512 Orco
194 2465 382 2527 repetentem,
400 2477 564 2528 quamquam
586 2465 637 2514 hoc
674 2461 775 2526 capillis
804 2461 905 2512 habent
933 2467 1103 2527 serpentes.»
1139 2465 1200 2514 usic

117 2549 195 2600 nuper
211 2537 322 2601 quidam
341 2539 457 2600 negavit,
480 2539 637 2601 quasivero
673 2537 775 2600 44444444
795 2537 904 2588 incessus
924 2537 958 2587 de
976 2537 1033 2600 tali,
1061 2537 1131 2602 quali
1149 2540 1201 2588 Fu-

117 2609 139 2658 h.
165 2609 181 2660 l.
204 2613 326 2675 perfecta
351 2613 442 2662 aoristi
468 2613 637 2675 significatio·
674 2613 729 2662 riae
753 2625 783 2662 se
806 2612 903 2662 inlerre
928 2611 1028 2672 solent,
1056 2613 1127 2678 apud
1144 2613 1198 2664 liv.

118 2697 174 2736 nem
185 2687 331 2746 haberent,
351 2700 420 2749 quae
431 2688 552 2751 perlecta
564 2689 636 2738 certe
675 2688 703 2747 7,
721 2687 778 2737 47.»
797 2688 876 2737 Dona.
892 2714 920 2723 -
934 2689 1035 2752 aegras]
1050 2687 1200 2739 Cerberum

117 2762 259 2824 comparari
287 2763 437 2823 nequeunt,
464 2765 494 2812 ut
513 2761 555 2812 ille
577 2763 637 2826 opi·
674 2758 819 2821 ἐχιδναῑον
834 2758 955 2812 ὄακετόν
968 2765 1110 2825 propterea
1121 2763 1201 2811 vocat

117 2836 187 2884 natus
210 2837 265 2896 est,
294 2847 357 2886 cum
383 2835 430 2884 Od.
450 2835 478 2892 3,
503 2838 532 2895 4,
557 2836 589 2886 30
611 2838 637 2885 44
676 2835 828 2887 callimach.
855 2837 895 2886 Fr.
921 2836 977 2886 464.
1016 2838 1054 2886 De
1081 2835 1200 2886 Cerbero

117 2906 153 2956 34.
168 2935 194 2944 -
207 2909 335 2974 immonis]
354 2911 422 2960 Cum
439 2909 573 2962 Cerberus
593 2923 638 2961 aa·
676 2911 722 2960 clr.
738 2909 845 2960 Hesiod.
862 2910 959 2972 Theog.
973 2910 1029 2960 769.
1050 2909 1200 2959 Cerberum

118 2981 146 3031 iis
175 2983 320 3034 deliniatur
351 2984 460 3048 stropha
491 2987 636 3048 sequente,
675 2984 816 3047 tricipitem
834 2997 897 3034 curn
915 2983 999 3033 cauda
1017 2984 1143 3046 anguina,
1165 2981 1200 3032 ab

116 3069 138 3105 v.
156 3059 274 3109 immanis
300 3058 417 3121 (vastae)
440 3059 527 3109 refero
553 3059 588 3108 ad
610 3072 635 3108 v.
675 3056 790 3108 llercule
808 3070 840 3106 44
857 3057 925 3107 0444
943 3059 1107 3120 protractum
1123 3069 1201 3107 mon-

117 3133 200 3193 ctdue,
229 3133 304 3198 quod
328 3147 354 3184 v.
377 3135 529 3184 necessario
546 3135 638 3197 requi·
675 3133 742 3182 strat
759 3129 866 3182 celebre
883 3144 931 3181 vas
949 3132 1113 3182 canusinum
1129 3129 1201 3195 apud

116 3207 147 3256 n't
161 3206 308 3266 calderon
328 3221 397 3271 quae
416 3209 487 3258 enirn
499 3208 560 3258 4444
578 3211 638 3258 tan-
675 3205 817 3269 inghirami
835 3205 902 3256 Gall.
920 3206 975 3254 orn.
993 3206 1035 3255 lll.
1055 3207 1083 3256 T.
1096 3205 1136 3256 88.
1150 3207 1201 3255 ¹lii-

116 3282 174 3332 dem
191 3285 255 3343 erit,
275 3284 297 3333 si
314 3285 405 3346 iungas
417 3283 534 3334 immanis
544 3284 639 3333 ianitor
676 3293 741 3344 ceps
759 3281 800 3330 est
816 3279 879 3329 ibid.
899 3281 927 3329 T.
944 3279 984 3329 94.
1005 3279 1057 3329 Cir.
1070 3280 1201 3343 imprimis

117 3355 248 3406 0444444444
274 3359 304 3406 ut
326 3358 367 3407 est
387 3369 453 3407 sane
474 3356 546 3420 apud
566 3357 636 3420 virg.
676 3353 795 3405 Gerherd
807 3355 910 3417 Vacerra.
920 3355 952 3403 11.
963 3355 991 3404 T.
1003 3353 1110 3404 Clllllll.
1121 3366 1199 3418 seqq.

116 3433 176 3481 Aen.
193 3433 220 3493 6,
241 3431 303 3482 tls:
333 3431 453 3481 Cerberus
469 3457 484 3468 -
501 3459 515 3469 -
533 3433 638 3483 adverso
675 3431 730 3482 lino
759 3429 898 3478 dumtaxat
925 3429 1011 3492 capite
1039 3429 1066 3478 in
1091 3429 1200 3491 antiquo
1285 3445 1291 3450 ·

115 3505 233 3556 recidens
249 3505 368 3556 immanis
384 3506 412 3555 44
429 3511 512 3556 metro.
542 3506 638 3556 lamm-
674 3505 850 3555 monumento
867 3504 989 3554 Treveris
1001 3505 1138 3554 asservato
1153 3517 1202 3554 44-

115 3579 151 3628 ait
167 3583 257 3632 autem
276 3580 337 3630 4444
354 3579 451 3630 dicitur
472 3582 637 3642 montrum,
675 3589 801 3642 pressum
818 3589 879 3627 esse
897 3580 987 3628 narrat
1004 3577 1117 3628 Liibker.
1140 3578 1198 3628 vid.

116 3652 270 3705 barathrum
287 3655 409 3714 imnrane,
428 3654 529 3717 praeda
545 3655 639 3704 444444-
675 3653 709 3702 44
726 3665 835 3702 versum
853 3652 893 3701 ao.

116 3727 159 3776 aia.
183 3729 221 3790 [lit
238 3741 300 3788 nos,
320 3729 403 3779 iunxit
420 3729 499 3778 etiam
511 3730 637 3780 Naelrein
709 3727 750 3776 49,
769 3727 810 3776 40.
839 3726 949 3788 spiritua
965 3728 1034 3791 teter]
1060 3728 1201 3787 «Quamvis

117 3801 202 3864 ngr.
220 3815 246 3852 4.
266 3801 339 3852 4844.
358 3802 473 3854 afferens
489 3804 599 3854 Accium
612 3805 638 3855 in
675 3801 769 3852 foedus
797 3801 899 3863 44444444
931 3800 1041 3864 (halitus
1074 3801 1200 3864 foetidus)

117 3873 220 3926 Philoct.
239 3875 311 3939 apud
330 3877 443 3927 Nonium
460 3878 486 3927 in
503 3891 529 3926 v.
545 3878 638 3928 tamre-
676 3879 704 3926 et
725 3877 808 3926 sanias
825 3875 929 3940 (Geiser)
953 3889 985 3926 ex
1008 3876 1066 3926 eius
1089 3889 1136 3926 ore
1154 3889 1202 3926 44-

116 3961 158 3999 ne:
175 3952 313 4015 mtegram
328 3952 452 4002 minorem
467 3965 517 4002 assa
534 3953 576 4001 aio
589 3954 638 4002 444-
677 3953 732 4011 444,
757 3953 785 4000 44
803 3951 900 4000 heroas
918 3951 1060 4002 intraturos
1078 3948 1200 4014 repellat,

116 4025 183 4073 mani
208 4025 325 4076 Graecia.
361 4024 429 4075 Nihil
455 4029 543 4076 tamen
567 4027 594 4076 h.
620 4026 636 4077 l.
676 4025 787 4076 umbras
809 4025 935 4088 effugium
954 4027 1115 4088 quaerentes
1133 4025 1201 4074 iutro

117 4097 182 4148 inest
197 4101 224 4148 in
241 4101 293 4150 hoc
307 4099 430 4166 ἐπιθέτῳ
447 4099 576 4151 reconditi
593 4104 639 4152 aut
677 4102 762 4163 agat.»
797 4101 899 4150 8444444
923 4101 999 4150 istam
1022 4099 1107 4148 tabum
1124 4103 1203 4147 vocat

119 4171 203 4222 minus
221 4174 323 4234 usitati,
343 4187 405 4226 cum
422 4173 544 4238 Virgilius
556 4187 637 4238 saepe
676 4177 777 4225 Seneca
802 4176 879 4225 Herc.
908 4174 957 4224 lur.
982 4174 1045 4224 787:
1074 4173 1202 4222 4444444444

118 4244 519 4311 idemaddatvarbisapelunca,
539 4254 636 4310 airum,
676 4248 734 4300 tabo
762 4254 839 4312 caput
864 4249 989 4300 Lambaat
1015 4247 1139 4298 colubrae.
1172 4273 1200 4284 -·

119 4318 275 4384 4444444444,
294 4326 419 4387 temptam.
441 4326 508 4375 Cum
526 4338 550 4374 v.
569 4325 639 4372 4444-
675 4324 706 4374 V.
725 4328 809 4374 444444
833 4337 882 4387 per
903 4321 1010 4374 solitum
1028 4333 1138 4385 zeugma
1155 4334 1202 4370 re-
