2986 4974
542 439 600 488 nm.
619 440 649 488 ll.
685 440 714 490 C.
734 439 763 488 V.

487 904 723 968 (im
751 909 803 968 V·

275 1072 423 1140 Nondum
446 1073 580 1140 subacta
600 1076 683 1142 serre
707 1078 817 1164 iugum
839 1076 924 1144 valet

278 1195 427 1272 Cerviee,
450 1195 594 1262 nondum
616 1198 725 1264 munia
746 1201 907 1286 comparis

320 1321 470 1406 Aequore
492 1339 553 1386 neo
573 1320 655 1384 tauri
678 1321 801 1387 ruentis

262 1469 266 1479 ·
361 1441 395 1504 ln
424 1460 576 1508 venerem
600 1440 736 1508 tolerare
759 1441 895 1529 pondus.

273 1599 367 1666 Circa
389 1599 530 1666 virentes
552 1609 602 1666 est
624 1600 750 1667 animus
772 1611 846 1668 tuae
1170 1607 1190 1666 5

171 1806 199 1854 V.
217 1807 301 1856 inser.
320 1804 390 1869 volg.
409 1807 504 1870 Liriope
520 1805 562 1856 vel
579 1807 617 1857 Ad
633 1813 773 1858 oomwreru
789 1809 903 1872 idupes.
925 1833 952 1846 s·
965 1809 1021 1860 Non
1040 1823 1159 1872 essepro-

138 1881 272 1941 modion
289 1881 326 1930 od
341 1881 449 1946 cirpiots
465 1881 575 1931 osocimn
587 1883 615 1932 B.
631 1909 659 1917 -
671 1883 740 1932 Dicit
750 1885 835 1933 oomiu
845 1898 896 1934 ooo
907 1910 921 1920 -
932 1910 947 1920 -
959 1885 1070 1934 osculum
1080 1885 1158 1935 eutice

141 1949 280 2022 (εὐκτικῆ)
299 1957 382 2006 oratio
403 1957 438 2006 ud
460 1957 569 2007 sodalem
584 1970 632 2019 per
654 1957 802 2021 olieprm'om
824 1957 851 2008 b.
879 1986 906 1995 -
930 1959 968 2008 Ad
988 1959 1097 2010 sodalem
1109 1973 1158 2022 per

140 2031 281 2095 ulleporu'm
306 2033 365 2082 dicit
387 2033 473 2081 monio
493 2033 715 2082 ooo--oscoiom
738 2045 761 2082 c.
785 2061 812 2070 -
837 2034 894 2083 Non
912 2060 927 2070 -
945 2061 960 2071 -
979 2035 1090 2084 oseotmo
1107 2035 1157 2084 Ode

140 2109 264 2158 tetrooetos
281 2108 317 2158 ad
334 2107 469 2158 Gollnim
486 2109 513 2158 T.
535 2135 563 2144 -
592 2108 742 2170 Metuphuro
760 2107 860 2170 puellae
884 2109 918 2158 od
938 2109 1068 2159 iuvencam
1085 2110 1110 2158 S.
1127 2136 1154 2145 -

139 2182 161 2232 4.
177 2184 278 2234 virentis
295 2184 351 2234 BSc
363 2186 390 2234 et
400 2197 441 2247 pr.
455 2184 482 2233 T.
504 2183 564 2248 (uon
582 2181 638 2245 bd.)

141 2367 168 2417 ii.
196 2371 226 2422 444
251 2371 277 2420 in
304 2369 423 2420 carmine
448 2368 627 2434 praecedente
666 2365 1089 2440 etiuminvdolpupconspicua.
1103 2368 1186 2420 Plaul.

114 2441 173 2492 ridet
196 2457 318 2494 umorem
342 2441 512 2505 ancillarum,
539 2445 578 2494 sic
601 2445 627 2494 in
666 2443 772 2495 Curcul.
786 2447 810 2505 4,
830 2447 858 2506 4,
878 2443 1190 2508 commelinianae

114 2515 157 2565 hoc
183 2531 304 2569 amorem
331 2517 437 2582 puellae
469 2519 627 2573 immaturae
665 2533 696 2569 ee
718 2521 768 2583 sert
792 2518 899 2584 iopoeo?
926 2547 953 2556 -
979 2519 1053 2583 volet]
1080 2520 1185 2570 Constr.

114 2593 296 2644 venustissimis
322 2591 458 2644 coloribus
479 2593 556 2644 nobis
579 2594 628 2645 de-
664 2608 689 2645 v.
701 2595 786 2644 vokra
803 2607 865 2645 cum
883 2593 975 2644 infinit.
989 2595 1041 2644 ium
1053 2595 1125 2658 apud
1137 2595 1189 2644 ilo-

115 2665 194 2728 piugit.
231 2666 357 2718 sodalem
382 2681 436 2718 uon
461 2669 627 2720 nominatum
664 2669 760 2720 ratium
777 2671 840 2720 satie
857 2669 1026 2732 frequentem
1042 2669 1085 2717 vir
1105 2669 1188 2731 attigit

114 2737 256 2804 alloquitur,
283 2755 373 2806 neque
400 2742 570 2807 cogitandum
593 2744 627 2794 de
664 2742 833 2795 Forcellinus.
879 2743 957 2806 Apud
989 2755 1086 2807 prosae
1118 2746 1185 2792 orat.

116 2813 189 2866 Fusco
205 2817 301 2868 Aristio
319 2817 392 2878 ideo,
416 2817 489 2881 quod
506 2819 569 2868 huic
585 2820 627 2868 in·
664 2819 808 2882 scriptores
825 2819 958 2882 reperitur
975 2819 1028 2867 iam
1044 2816 1116 2880 apud
1134 2819 1188 2866 Ru-

113 2890 327 2954 eeriptuestOd.i
338 2931 344 2954 ,
357 2894 413 2954 44,
430 2895 457 2944 in
469 2907 523 2957 qua
534 2893 626 2944 itidem
663 2891 747 2942 lilium
764 2895 868 2956 Lupum
880 2895 908 2954 2,
928 2893 972 2941 ie:
991 2906 1042 2941 ooo
1059 2893 1124 2941 euim
1135 2904 1190 2954 seo-¹

113 2962 208 3029 Leleges
225 2966 336 3018 alicuius
354 2968 454 3018 mentio
471 2969 509 3018 iit.
545 2971 625 3018 Nota-
662 2967 752 3016 tentius
778 2973 874 3018 oestrus
903 2968 988 3017 volort
1022 2969 1184 3016 connectere.

112 3035 163 3090 bilis
185 3044 272 3094 entem
300 3045 341 3094 est
365 3043 501 3106 inscriptio
519 3043 625 3093 Codicis
663 3040 701 3090 Ci.
721 3041 768 3090 0d.
790 3043 819 3101 4,
839 3041 886 3102 34,
906 3043 946 3091 ia.

112 3111 185 3165 444444.
219 3119 253 3167 od
281 3117 431 3177 Gabinium,
472 3119 518 3180 qui
555 3117 623 3168 iilius
693 3114 1038 3178 amoenorumque
1055 3113 1186 3164 trahendo

112 3191 174 3238 esset
193 3190 233 3242 vel
251 3205 337 3257 nepos
355 3193 386 3242 Α.
406 3191 520 3252 Gabinii,
546 3194 624 3243 Cice·
659 3187 778 3252 plaustro
794 3193 821 3239 et
837 3191 864 3239 in
882 3188 982 3239 arando
997 3189 1116 3238 nondum
1136 3202 1187 3252 pa·

112 3264 173 3314 runis
189 3265 293 3316 inimici.
315 3265 422 3330 (Probat
440 3267 510 3317 hene
527 3268 623 3318 inscri-
660 3264 725 3314 riter
749 3267 791 3314 est
815 3263 925 3314 robusta
949 3265 1030 3326 atque
1057 3261 1124 3312 ulter
1144 3263 1186 3312 iu-

112 3335 217 3396 ptionem
240 3341 317 3392 Fstre
345 3343 407 3392 lior.
436 3344 477 3391 Pr.
502 3355 529 3405 p.
555 3342 621 3404 503.)
660 3351 777 3400 venons,
808 3351 926 3402 quocum
953 3351 1046 3400 oeque,
1076 3337 1185 3398 eodem,

111 3409 158 3460 lieo
172 3416 280 3465 rero'se
301 3416 388 3479 ipsum
411 3415 563 3479 alloquitur,
594 3420 624 3466 ut
660 3415 721 3476 iugo
750 3415 838 3464 iuncta
871 3416 941 3478 est.»
976 3413 1086 3478 Gornpor
1112 3412 1185 3462 idem

111 3482 224 3538 volebant
250 3488 369 3539 nonnulli
400 3490 472 3554 apud
504 3489 622 3540 Scholia·
660 3489 734 3552 quod
751 3486 851 3551 iugulis.
872 3486 946 3537 Ouid.
964 3489 1025 3538 Am.
1044 3487 1072 3547 3,
1092 3488 1119 3548 44,
1139 3486 1183 3536 38:

111 3557 164 3607 stus.
196 3563 277 3614 Nimis
296 3565 368 3614 enim
385 3563 494 3628 longum
512 3566 553 3615 est
569 3565 622 3615 hoo
659 3563 687 3611 io
701 3577 782 3612 cucco
798 3575 916 3624 compare
933 3565 1022 3611 mortu
1038 3574 1104 3612 eros.
1134 3559 1186 3625 (Li-

111 3642 220 3699 carmeu,
245 3651 328 3702 qnam
349 3641 378 3688 ut
394 3653 444 3703 pro
461 3637 623 3707 μονολογίᾳ
659 3639 733 3701 psius
759 3637 791 3686 ad
819 3635 902 3687 Plauti
928 3635 1023 3686 Pseud.
1044 3636 1071 3696 4,
1091 3637 1120 3696 4,
1142 3634 1183 3686 64.

110 3703 254 3762 reinonem
273 3715 357 3778 ipsius
367 3713 411 3764 vel
428 3714 530 3764 iuvenis
542 3713 576 3764 ab
590 3729 622 3764 eo
660 3710 1187 3775 explicat«compressionosertaseman

113 3778 159 3831 ficti
174 3783 264 3838 heberi
280 3790 374 3856 possit,
393 3787 543 3838 cuiusmodi
558 3801 622 3839 sene
660 3787 725 3837 tium
752 3799 939 3851 comparum»,
967 3785 1001 3836 de
1024 3785 1109 3844 colim
1136 3783 1185 3836 sed

112 3857 146 3906 est
161 3859 204 3909 0d.
218 3863 245 3924 3,
266 3866 321 3926 44,,
340 3877 428 3926 neque
440 3864 547 3914 Horatio
559 3865 623 3916 setis
659 3863 698 3912 sic
715 3861 788 3912 idem
804 3861 846 3912 bis
865 3859 1018 3922 diceretur.)

113 3937 257 3988 conveniret
274 3938 338 3988 illud
353 3939 441 3988 martti
457 3951 516 3988 voc.
534 3951 560 3987 v.
581 3939 621 3989 46.
691 3939 716 3988 it.
737 3936 857 3988 «Minime
873 3935 962 3985 adhuc
977 3935 1044 3984 tnuri
1061 3934 1087 3982 iu
1104 3943 1186 3983 vene·

115 4003 235 4070 Imprimis
252 4015 340 4064 autem
359 4014 386 4063 in
397 4009 557 4079 μονολογίᾳ
568 4013 624 4064 dis·
659 4025 717 4062 rem
729 4012 830 4062 ruentis
846 4011 977 4074 impetum
988 4009 1046 4070 lert,
1060 4007 1110 4059 sed
1121 4007 1184 4057 nihil

112 4077 212 4139 illiceret
241 4088 320 4138 nimis
346 4087 458 4138 ditiusus
483 4087 518 4138 de
548 4089 621 4151 Gyge
659 4086 729 4138 eliud
738 4082 1183 4150 quaeritquamnernosapasoua.»

112 4147 176 4205 iocus
192 4159 217 4208 in
234 4163 357 4213 carminis
374 4162 437 4212 ilne.
460 4187 487 4197 -
509 4162 622 4225 Tempo-
659 4160 739 4212 Simili
752 4161 866 4224 imagine
884 4171 970 4222 equae
988 4158 1068 4207 utitur
1085 4157 1133 4206 0d.
1153 4155 1182 4214 3,

112 4225 142 4274 ris
157 4229 303 4293 significatio
321 4237 391 4287 nulla
408 4237 486 4287 inest.
659 4236 705 4296 44,
722 4236 808 4299 ilsqq.
833 4261 859 4270 -
881 4232 970 4296 Circa]
989 4233 1031 4282 Sic
1048 4229 1182 4292 Aristoph.

141 4301 162 4350 l.
192 4307 287 4372 mmm]
317 4311 456 4374 frequente
489 4310 618 4373 imagine,
659 4311 705 4373 Eq.
719 4310 763 4361 87:
783 4309 846 4379 nupt
858 4305 949 4358 ποτοῦ
962 4303 1034 4373 γοῦν
1045 4303 1106 4355 ἐστί
1122 4317 1182 4352 σοι.
