<?xml version="1.0" encoding="UTF-8"?>
<!DOCTYPE html PUBLIC "-//W3C//DTD XHTML 1.0 Transitional//EN"
    "http://www.w3.org/TR/xhtml1/DTD/xhtml1-transitional.dtd">
<html xmlns="http://www.w3.org/1999/xhtml" xml:lang="en" lang="en">
 <head>
  <title>
</title>
<meta http-equiv="Content-Type" content="text/html;charset=utf-8" />
  <meta name='ocr-system' content='tesseract 3.04.00' />
  <meta name='ocr-capabilities' content='ocr_page ocr_carea ocr_par ocr_line ocrx_word'/>
</head>
<body>
  <div class='ocr_page' id='page_1' title='image "./qhoratiusflaccu02baitgoog/qhoratiusflaccu02baitgoog_0457.png"; bbox 0 0 2992 4978; ppageno 0'>
   <div class='ocr_carea' id='block_1_1' title="bbox 684 434 1013 502">
    <p class='ocr_par' dir='ltr' id='par_1_1' title="bbox 684 434 1013 502">
     <span class='ocr_line' id='line_1_1' title="bbox 684 434 1013 502; baseline 0 -17"><span class='ocrx_word' id='word_1_1' title='bbox 684 435 827 502; x_wconf 81' lang='lat' dir='ltr'><strong>¹riourru</strong></span> <span class='ocrx_word' id='word_1_2' title='bbox 846 434 1013 486; x_wconf 78' lang='lat' dir='ltr'><strong>cruffluuu</strong></span> 
     </span>
    </p>
   </div>
   <div class='ocr_carea' id='block_1_2' title="bbox 443 590 1312 799">
    <p class='ocr_par' dir='ltr' id='par_1_2' title="bbox 443 590 1312 799">
     <span class='ocr_line' id='line_1_2' title="bbox 443 590 1312 679; baseline -0.002 -21"><span class='ocrx_word' id='word_1_3' title='bbox 443 597 547 679; x_wconf 85' lang='lat' dir='ltr'><strong>Eques</strong></span> <span class='ocrx_word' id='word_1_4' title='bbox 567 593 637 676; x_wconf 89' lang='lat' dir='ltr'><strong>ipso</strong></span> <span class='ocrx_word' id='word_1_5' title='bbox 659 590 771 658; x_wconf 89' lang='lat' dir='ltr'><strong>melior</strong></span> <span class='ocrx_word' id='word_1_6' title='bbox 792 591 1054 677; x_wconf 80' lang='lat' dir='ltr'>Bellerophonte,</span> <span class='ocrx_word' id='word_1_7' title='bbox 1080 611 1182 678; x_wconf 89' lang='lat' dir='ltr'><strong>neque</strong></span> <span class='ocrx_word' id='word_1_8' title='bbox 1206 613 1312 676; x_wconf 78' lang='lat' dir='ltr'><strong>pugno</strong></span> 
     </span>
     <span class='ocr_line' id='line_1_3' title="bbox 526 713 997 799; baseline -0.004 -21"><span class='ocrx_word' id='word_1_9' title='bbox 526 718 635 799; x_wconf 81' lang='lat' dir='ltr'><strong>Neque</strong></span> <span class='ocrx_word' id='word_1_10' title='bbox 658 715 746 798; x_wconf 73' lang='lat' dir='ltr'><strong>segni</strong></span> <span class='ocrx_word' id='word_1_11' title='bbox 771 715 853 798; x_wconf 90' lang='lat' dir='ltr'><strong>pede</strong></span> <span class='ocrx_word' id='word_1_12' title='bbox 877 713 997 779; x_wconf 82' lang='lat' dir='ltr'><strong>victus:</strong></span> 
     </span>
    </p>
   </div>
   <div class='ocr_carea' id='block_1_3' title="bbox 443 872 1280 1322">
    <p class='ocr_par' dir='ltr' id='par_1_3' title="bbox 444 872 889 958">
     <span class='ocr_line' id='line_1_4' title="bbox 444 872 889 958; baseline -0.002 -21"><span class='ocrx_word' id='word_1_13' title='bbox 444 874 536 938; x_wconf 82' lang='lat' dir='ltr'><strong>Cotus</strong></span> <span class='ocrx_word' id='word_1_14' title='bbox 559 872 642 937; x_wconf 90' lang='lat' dir='ltr'><strong>idem</strong></span> <span class='ocrx_word' id='word_1_15' title='bbox 664 891 722 958; x_wconf 88' lang='lat' dir='ltr'><strong>per</strong></span> <span class='ocrx_word' id='word_1_16' title='bbox 747 879 889 956; x_wconf 82' lang='lat' dir='ltr'><strong>opertum</strong></span> 
     </span>
    </p>

    <p class='ocr_par' dir='ltr' id='par_1_4' title="bbox 443 995 750 1079">
     <span class='ocr_line' id='line_1_5' title="bbox 443 995 750 1079; baseline 0.007 -22"><span class='ocrx_word' id='word_1_17' title='bbox 443 995 610 1079; x_wconf 78' lang='lat' dir='ltr'><strong>Fugientes</strong></span> <span class='ocrx_word' id='word_1_18' title='bbox 636 997 750 1078; x_wconf 80' lang='lat' dir='ltr'><strong>ogitoto</strong></span> 
     </span>
    </p>

    <p class='ocr_par' dir='ltr' id='par_1_5' title="bbox 444 1114 1280 1322">
     <span class='ocr_line' id='line_1_6' title="bbox 444 1114 1280 1200; baseline 0.002 -20"><span class='ocrx_word' id='word_1_19' title='bbox 444 1119 547 1200; x_wconf 76' lang='lat' dir='ltr'><strong>Grepe</strong></span> <span class='ocrx_word' id='word_1_20' title='bbox 572 1135 682 1181; x_wconf 87' lang='lat' dir='ltr'><strong>cervos</strong></span> <span class='ocrx_word' id='word_1_21' title='bbox 703 1114 833 1180; x_wconf 80' lang='lat' dir='ltr'><strong>ioculari</strong></span> <span class='ocrx_word' id='word_1_22' title='bbox 861 1125 893 1180; x_wconf 90' lang='lat' dir='ltr'><strong>et</strong></span> <span class='ocrx_word' id='word_1_23' title='bbox 913 1116 998 1182; x_wconf 88' lang='lat' dir='ltr'><strong>celer</strong></span> <span class='ocrx_word' id='word_1_24' title='bbox 1020 1123 1086 1182; x_wconf 90' lang='lat' dir='ltr'><strong>orto</strong></span> <span class='ocrx_word' id='word_1_25' title='bbox 1109 1117 1280 1184; x_wconf 74' lang='lat' dir='ltr'><strong>latitantem</strong></span> 
     </span>
     <span class='ocr_line' id='line_1_7' title="bbox 526 1235 996 1322; baseline 0 -20"><span class='ocrx_word' id='word_1_26' title='bbox 526 1235 682 1302; x_wconf 84' lang='lat' dir='ltr'><strong>Fruticeto</strong></span> <span class='ocrx_word' id='word_1_27' title='bbox 706 1237 853 1322; x_wconf 84' lang='lat' dir='ltr'><strong>excipere</strong></span> <span class='ocrx_word' id='word_1_28' title='bbox 876 1257 996 1322; x_wconf 79' lang='lat' dir='ltr'><strong>aprum.</strong></span> 
     </span>
    </p>
   </div>
   <div class='ocr_carea' id='block_1_4' title="bbox 315 1413 1394 2232">
    <p class='ocr_par' dir='ltr' id='par_1_6' title="bbox 315 1413 1394 1970">
     <span class='ocr_line' id='line_1_8' title="bbox 382 1413 1394 1480; baseline -0.001 -13"><span class='ocrx_word' id='word_1_29' title='bbox 382 1417 453 1468; x_wconf 84' lang='lat' dir='ltr'><strong>Haec</strong></span> <span class='ocrx_word' id='word_1_30' title='bbox 470 1415 570 1480; x_wconf 92' lang='lat' dir='ltr'><strong>pedum</strong></span> <span class='ocrx_word' id='word_1_31' title='bbox 591 1415 740 1465; x_wconf 89' lang='lat' dir='ltr'><strong>lonicorum</strong></span> <span class='ocrx_word' id='word_1_32' title='bbox 752 1413 786 1463; x_wconf 88' lang='lat' dir='ltr'><strong>ed</strong></span> <span class='ocrx_word' id='word_1_33' title='bbox 798 1426 906 1464; x_wconf 86' lang='lat' dir='ltr'><strong>eermeu</strong></span> <span class='ocrx_word' id='word_1_34' title='bbox 919 1415 1116 1479; x_wconf 84' lang='lat' dir='ltr'><strong>tetrastrophou</strong></span> <span class='ocrx_word' id='word_1_35' title='bbox 1128 1415 1308 1476; x_wconf 83' lang='lat' dir='ltr'><strong>efficiendum,</strong></span> <span class='ocrx_word' id='word_1_36' title='bbox 1327 1415 1394 1480; x_wconf 88' lang='lat' dir='ltr'><strong>quod</strong></span> 
     </span>
     <span class='ocr_line' id='line_1_9' title="bbox 315 1497 1394 1566; baseline -0.004 -14"><span class='ocrx_word' id='word_1_37' title='bbox 315 1503 372 1566; x_wconf 83' lang='lat' dir='ltr'><strong>pari</strong></span> <span class='ocrx_word' id='word_1_38' title='bbox 390 1511 453 1550; x_wconf 88' lang='lat' dir='ltr'><strong>cum</strong></span> <span class='ocrx_word' id='word_1_39' title='bbox 470 1498 578 1562; x_wconf 85' lang='lat' dir='ltr'><strong>reliquis</strong></span> <span class='ocrx_word' id='word_1_40' title='bbox 595 1497 720 1548; x_wconf 85' lang='lat' dir='ltr'><strong>omuibus</strong></span> <span class='ocrx_word' id='word_1_41' title='bbox 737 1497 795 1549; x_wconf 92' lang='lat' dir='ltr'><strong>odis</strong></span> <span class='ocrx_word' id='word_1_42' title='bbox 812 1497 897 1548; x_wconf 80' lang='lat' dir='ltr'><strong>torma</strong></span> <span class='ocrx_word' id='word_1_43' title='bbox 914 1497 1047 1562; x_wconf 76' lang='lat' dir='ltr'><strong>gauderi,</strong></span> <span class='ocrx_word' id='word_1_44' title='bbox 1071 1497 1207 1562; x_wconf 86' lang='lat' dir='ltr'><strong>dispositio</strong></span> <span class='ocrx_word' id='word_1_45' title='bbox 1225 1501 1255 1549; x_wconf 83' lang='lat' dir='ltr'><strong>ut</strong></span> <span class='ocrx_word' id='word_1_46' title='bbox 1272 1498 1353 1550; x_wconf 81' lang='lat' dir='ltr'><strong>fecitis</strong></span> <span class='ocrx_word' id='word_1_47' title='bbox 1369 1503 1394 1550; x_wconf 87' lang='lat' dir='ltr'><strong>et</strong></span> 
     </span>
     <span class='ocr_line' id='line_1_10' title="bbox 316 1579 1394 1651; baseline -0.006 -13"><span class='ocrx_word' id='word_1_48' title='bbox 316 1585 438 1651; x_wconf 79' lang='lat' dir='ltr'><strong>expedite</strong></span> <span class='ocrx_word' id='word_1_49' title='bbox 462 1585 557 1647; x_wconf 85' lang='lat' dir='ltr'><strong>sponte</strong></span> <span class='ocrx_word' id='word_1_50' title='bbox 582 1595 612 1633; x_wconf 88' lang='lat' dir='ltr'><strong>se</strong></span> <span class='ocrx_word' id='word_1_51' title='bbox 644 1579 749 1642; x_wconf 86' lang='lat' dir='ltr'><strong>obtulit,</strong></span> <span class='ocrx_word' id='word_1_52' title='bbox 780 1583 807 1631; x_wconf 84' lang='lat' dir='ltr'><strong>et</strong></span> <span class='ocrx_word' id='word_1_53' title='bbox 832 1595 863 1631; x_wconf 83' lang='lat' dir='ltr'><strong>ee</strong></span> <span class='ocrx_word' id='word_1_54' title='bbox 895 1595 925 1631; x_wconf 88' lang='lat' dir='ltr'><strong>re</strong></span> <span class='ocrx_word' id='word_1_55' title='bbox 955 1581 1175 1644; x_wconf 81' lang='lat' dir='ltr'><strong>commendetur,</strong></span> <span class='ocrx_word' id='word_1_56' title='bbox 1208 1582 1281 1646; x_wconf 88' lang='lat' dir='ltr'><strong>quod</strong></span> <span class='ocrx_word' id='word_1_57' title='bbox 1306 1582 1394 1648; x_wconf 87' lang='lat' dir='ltr'><strong>plenos</strong></span> 
     </span>
     <span class='ocr_line' id='line_1_11' title="bbox 315 1663 1393 1730; baseline -0.004 -10"><span class='ocrx_word' id='word_1_58' title='bbox 315 1681 442 1720; x_wconf 85' lang='lat' dir='ltr'><strong>numeros</strong></span> <span class='ocrx_word' id='word_1_59' title='bbox 459 1667 547 1729; x_wconf 79' lang='lat' dir='ltr'><strong>offert,</strong></span> <span class='ocrx_word' id='word_1_60' title='bbox 577 1665 647 1717; x_wconf 90' lang='lat' dir='ltr'><strong>uullo</strong></span> <span class='ocrx_word' id='word_1_61' title='bbox 664 1664 795 1716; x_wconf 86' lang='lat' dir='ltr'><strong>vocabulo</strong></span> <span class='ocrx_word' id='word_1_62' title='bbox 811 1663 854 1714; x_wconf 91' lang='lat' dir='ltr'><strong>vel</strong></span> <span class='ocrx_word' id='word_1_63' title='bbox 870 1664 943 1716; x_wconf 84' lang='lat' dir='ltr'><strong>laeso</strong></span> <span class='ocrx_word' id='word_1_64' title='bbox 960 1663 1002 1715; x_wconf 89' lang='lat' dir='ltr'><strong>vel</strong></span> <span class='ocrx_word' id='word_1_65' title='bbox 1033 1665 1183 1730; x_wconf 75' lang='lat' dir='ltr'><strong>discet-pto,</strong></span> <span class='ocrx_word' id='word_1_66' title='bbox 1214 1666 1287 1730; x_wconf 92' lang='lat' dir='ltr'><strong>quod</strong></span> <span class='ocrx_word' id='word_1_67' title='bbox 1308 1668 1393 1718; x_wconf 84' lang='lat' dir='ltr'><strong>vitium</strong></span> 
     </span>
     <span class='ocr_line' id='line_1_12' title="bbox 316 1747 1392 1817; baseline -0.004 -13"><span class='ocrx_word' id='word_1_68' title='bbox 316 1766 378 1804; x_wconf 90' lang='lat' dir='ltr'><strong>cum</strong></span> <span class='ocrx_word' id='word_1_69' title='bbox 400 1753 495 1817; x_wconf 83' lang='lat' dir='ltr'><strong>priscis</strong></span> <span class='ocrx_word' id='word_1_70' title='bbox 518 1750 642 1801; x_wconf 88' lang='lat' dir='ltr'><strong>omuibus</strong></span> <span class='ocrx_word' id='word_1_71' title='bbox 664 1749 714 1800; x_wconf 93' lang='lat' dir='ltr'><strong>hos</strong></span> <span class='ocrx_word' id='word_1_72' title='bbox 735 1762 829 1800; x_wconf 86' lang='lat' dir='ltr'><strong>versus</strong></span> <span class='ocrx_word' id='word_1_73' title='bbox 847 1747 1004 1813; x_wconf 89' lang='lat' dir='ltr'><strong>disponendi</strong></span> <span class='ocrx_word' id='word_1_74' title='bbox 1022 1749 1179 1810; x_wconf 81' lang='lat' dir='ltr'><strong>conatibus,</strong></span> <span class='ocrx_word' id='word_1_75' title='bbox 1206 1751 1251 1813; x_wconf 89' lang='lat' dir='ltr'><strong>qui</strong></span> <span class='ocrx_word' id='word_1_76' title='bbox 1268 1749 1312 1802; x_wconf 84' lang='lat' dir='ltr'><strong>vei</strong></span> <span class='ocrx_word' id='word_1_77' title='bbox 1328 1750 1392 1816; x_wconf 83' lang='lat' dir='ltr'><strong>opud</strong></span> 
     </span>
     <span class='ocr_line' id='line_1_13' title="bbox 316 1831 1391 1900; baseline 0 -14"><span class='ocrx_word' id='word_1_78' title='bbox 316 1836 503 1900; x_wconf 77' lang='lat' dir='ltr'><strong>grammaticos</strong></span> <span class='ocrx_word' id='word_1_79' title='bbox 528 1832 571 1884; x_wconf 88' lang='lat' dir='ltr'><strong>vei</strong></span> <span class='ocrx_word' id='word_1_80' title='bbox 596 1835 623 1883; x_wconf 93' lang='lat' dir='ltr'><strong>iu</strong></span> <span class='ocrx_word' id='word_1_81' title='bbox 649 1831 785 1883; x_wconf 87' lang='lat' dir='ltr'><strong>codicibus</strong></span> <span class='ocrx_word' id='word_1_82' title='bbox 810 1845 875 1883; x_wconf 90' lang='lat' dir='ltr'><strong>mss.</strong></span> <span class='ocrx_word' id='word_1_83' title='bbox 895 1834 1081 1898; x_wconf 87' lang='lat' dir='ltr'><strong>reperiuntur,</strong></span> <span class='ocrx_word' id='word_1_84' title='bbox 1110 1846 1254 1884; x_wconf 89' lang='lat' dir='ltr'><strong>commune</strong></span> <span class='ocrx_word' id='word_1_85' title='bbox 1271 1835 1322 1896; x_wconf 82' lang='lat' dir='ltr'><strong>sit,</strong></span> <span class='ocrx_word' id='word_1_86' title='bbox 1351 1849 1391 1886; x_wconf 85' lang='lat' dir='ltr'><strong>eos</strong></span> 
     </span>
     <span class='ocr_line' id='line_1_14' title="bbox 317 1915 785 1970; baseline -0.019 0"><span class='ocrx_word' id='word_1_87' title='bbox 317 1933 411 1970; x_wconf 88' lang='lat' dir='ltr'><strong>omncs</strong></span> <span class='ocrx_word' id='word_1_88' title='bbox 427 1915 561 1968; x_wconf 85' lang='lat' dir='ltr'><strong>Bentleius</strong></span> <span class='ocrx_word' id='word_1_89' title='bbox 578 1917 651 1966; x_wconf 86' lang='lat' dir='ltr'><strong>recte</strong></span> <span class='ocrx_word' id='word_1_90' title='bbox 669 1917 785 1966; x_wconf 72' lang='lat' dir='ltr'><strong>reiecit.»</strong></span> 
     </span>
    </p>

    <p class='ocr_par' dir='ltr' id='par_1_7' title="bbox 318 2000 1392 2232">
     <span class='ocr_line' id='line_1_15' title="bbox 381 2000 1391 2060; baseline -0.002 -6"><span class='ocrx_word' id='word_1_91' title='bbox 381 2005 435 2054; x_wconf 85' lang='lat' dir='ltr'><strong>Nos</strong></span> <span class='ocrx_word' id='word_1_92' title='bbox 458 2015 541 2052; x_wconf 90' lang='lat' dir='ltr'><strong>uuum</strong></span> <span class='ocrx_word' id='word_1_93' title='bbox 564 2002 614 2051; x_wconf 88' lang='lat' dir='ltr'><strong>hoc</strong></span> <span class='ocrx_word' id='word_1_94' title='bbox 632 2001 770 2060; x_wconf 75' lang='lat' dir='ltr'><strong>eddimuS,</strong></span> <span class='ocrx_word' id='word_1_95' title='bbox 798 2001 823 2050; x_wconf 90' lang='lat' dir='ltr'><strong>in</strong></span> <span class='ocrx_word' id='word_1_96' title='bbox 841 2000 938 2051; x_wconf 86' lang='lat' dir='ltr'><strong>Codice</strong></span> <span class='ocrx_word' id='word_1_97' title='bbox 956 2001 1092 2052; x_wconf 85' lang='lat' dir='ltr'><strong>Turieeusi</strong></span> <span class='ocrx_word' id='word_1_98' title='bbox 1110 2014 1218 2054; x_wconf 81' lang='lat' dir='ltr'><strong>carmen</strong></span> <span class='ocrx_word' id='word_1_99' title='bbox 1236 2004 1391 2052; x_wconf 82' lang='lat' dir='ltr'><strong>nostrumin</strong></span> 
     </span>
     <span class='ocr_line' id='line_1_16' title="bbox 318 2083 1392 2152; baseline -0.002 -16"><span class='ocrx_word' id='word_1_100' title='bbox 318 2088 443 2152; x_wconf 80' lang='lat' dir='ltr'><strong>quattuor</strong></span> <span class='ocrx_word' id='word_1_101' title='bbox 455 2086 578 2150; x_wconf 79' lang='lat' dir='ltr'><strong>strophas</strong></span> <span class='ocrx_word' id='word_1_102' title='bbox 597 2087 733 2135; x_wconf 87' lang='lat' dir='ltr'><strong>ternorum</strong></span> <span class='ocrx_word' id='word_1_103' title='bbox 745 2097 873 2135; x_wconf 85' lang='lat' dir='ltr'><strong>versuum</strong></span> <span class='ocrx_word' id='word_1_104' title='bbox 885 2083 1056 2136; x_wconf 86' lang='lat' dir='ltr'><strong>distributum</strong></span> <span class='ocrx_word' id='word_1_105' title='bbox 1073 2097 1147 2148; x_wconf 86' lang='lat' dir='ltr'><strong>esse,</strong></span> <span class='ocrx_word' id='word_1_106' title='bbox 1167 2099 1282 2150; x_wconf 87' lang='lat' dir='ltr'><strong>quorum</strong></span> <span class='ocrx_word' id='word_1_107' title='bbox 1298 2086 1392 2151; x_wconf 84' lang='lat' dir='ltr'><strong>primus</strong></span> 
     </span>
     <span class='ocr_line' id='line_1_17' title="bbox 319 2168 1132 2232; baseline -0.007 -9"><span class='ocrx_word' id='word_1_108' title='bbox 319 2173 345 2224; x_wconf 85' lang='lat' dir='ltr'><strong>et</strong></span> <span class='ocrx_word' id='word_1_109' title='bbox 361 2170 496 2222; x_wconf 86' lang='lat' dir='ltr'><strong>secundus</strong></span> <span class='ocrx_word' id='word_1_110' title='bbox 514 2171 608 2231; x_wconf 86' lang='lat' dir='ltr'><strong>ternis,</strong></span> <span class='ocrx_word' id='word_1_111' title='bbox 628 2169 721 2219; x_wconf 86' lang='lat' dir='ltr'><strong>tertius</strong></span> <span class='ocrx_word' id='word_1_112' title='bbox 733 2169 869 2232; x_wconf 80' lang='lat' dir='ltr'><strong>quaternis</strong></span> <span class='ocrx_word' id='word_1_113' title='bbox 886 2168 1001 2232; x_wconf 91' lang='lat' dir='ltr'><strong>pedibus</strong></span> <span class='ocrx_word' id='word_1_114' title='bbox 1019 2171 1132 2219; x_wconf 87' lang='lat' dir='ltr'><strong>constet.</strong></span> 
     </span>
    </p>
   </div>
   <div class='ocr_carea' id='block_1_5' title="bbox 0 0 1504 4978">
    <p class='ocr_par' dir='ltr' id='par_1_8' title="bbox 0 0 1504 4978">
     <span class='ocr_line' id='line_1_18' title="bbox 0 0 1504 4978; baseline 0 0"><span class='ocrx_word' id='word_1_115' title='bbox 0 0 1504 4978; x_wconf 95' lang='lat' dir='ltr'><strong> </strong></span> 
     </span>
    </p>
   </div>
  </div>
 </body>
</html>
