3014 4978
286 459 349 522 480
672 461 798 510 ucalrn
817 459 985 511 onnuruuu

414 618 564 683 Gemmas
587 625 618 680 et
641 614 778 702 lapides,
804 635 917 680 aurum
941 625 973 679 et
995 613 1113 687 inutile,

372 775 493 840 Summi
517 773 683 840 materiem
706 772 799 846 mali,

414 896 587 972 Mutamus,
613 893 773 960 scelerum
796 895 821 956 si
847 893 929 958 bene
953 894 1103 980 poenitet.

373 1016 542 1084 Eradenda
564 1015 724 1103 cupidinis

413 1139 506 1207 Pravi
529 1147 602 1205 sunt
625 1137 783 1204 elementa
806 1147 837 1202 et
859 1147 991 1202 tenerae
1015 1137 1108 1202 nimis

372 1299 493 1366 tientes
519 1295 738 1384 asperioribus

414 1418 614 1485 Formandae
638 1416 761 1484 studiis.
806 1416 913 1482 Nescit
935 1436 1021 1502 equo
1045 1415 1134 1481 rudis

353 1657 393 1708 lii.
419 1657 553 1707 maeviam
575 1657 611 1704 Lt.
633 1655 697 1717 (non
719 1652 815 1715 bSTc.)
836 1681 863 1688 -
888 1653 928 1703 5⁰.
947 1653 1084 1702 Mittomus.
1104 1653 1229 1702 Scelertun
1247 1655 1268 1702 si
1285 1653 1341 1704 tetre

318 1733 438 1793 poenitet,
457 1729 593 1780 [tredendo
611 1729 636 1777 l'.
659 1756 685 1762 -
705 1725 744 1776 ti.
765 1727 918 1776 Fir-ruaudus
935 1723 1068 1776 Bentleius
1086 1727 1153 1776 roni.

287 1946 368 2009 utque.
397 1973 423 1980 -
449 1942 676 2007 nurum-inutile]
701 1955 750 2006 per
769 1939 811 1990 le-
849 1943 910 1991 ante
928 1941 1017 1990 omnia
1039 1953 1220 2004 exsequamur
1236 1931 1370 1992 sensilium

287 2019 403 2085 τότητα,
418 2017 590 2078 «exitiabile»
609 2020 639 2067 ut
652 2016 809 2074 huudraro;
849 2014 912 2065 illud
930 2029 1060 2077 nunquam
1077 2017 1144 2066 alies
1160 2017 1278 2067 datram·
1313 2019 1370 2066 sen.

287 2097 326 2146 sie
352 2095 406 2145 Cio.
432 2091 495 2144 Phil.
519 2092 549 2153 t,
572 2091 601 2150 8,
625 2092 674 2141 iti:
698 2091 812 2152 iniquum
849 2092 895 2155 Ep.
916 2090 964 2140 lt:
994 2091 1097 2140 madere
1116 2091 1191 2152 vitia,
1217 2093 1371 2156 exstirpare.

287 2175 309 2220 et
326 2169 429 2227 inutile,
448 2168 573 2226 noxium;
592 2166 676 2215 Varro
693 2167 722 2216 ll.
736 2166 765 2216 ll.
779 2164 810 2225 3,
848 2167 932 2216 Varro
955 2166 1027 2214 Sent.
1046 2165 1086 2214 63.
1106 2179 1132 2228 p.
1151 2165 1192 2215 28.
1212 2166 1260 2215 Ed.
1280 2167 1373 2216 Devit:

288 2246 327 2305 tii,
348 2245 391 2294 ⁴8:
422 2241 504 2307 reguli
521 2241 612 2307 plures
639 2242 716 2306 (inter
738 2240 810 2304 apes)
849 2239 912 2290 Sunt
929 2240 1069 2302 quaedem,
1095 2251 1159 2300 queue
1175 2241 1305 2290 erodendo
1321 2246 1375 2290 utet

287 2319 478 2382 inutiles-flunt
492 2321 597 2379 propter
613 2316 753 2374 seditionem
776 2315 812 2363 ita
849 2316 882 2364 ab
899 2316 984 2364 auimo
1001 2313 1114 2374 edentis,
1141 2327 1207 2376 quoe
1222 2315 1317 2364 sciendi
1333 2329 1375 2366 ee-

287 2395 377 2442 uutem
402 2391 588 2456 explicandum
615 2403 691 2450 esse,
719 2391 812 2438 contra
848 2403 907 2440 eum
931 2391 1012 2440 mcum
1028 2393 1159 2450 occoeperit.
1187 2417 1213 2424 —
1241 2389 1374 2454 museum}

287 2469 367 2529 atque
391 2465 432 2515 alii
456 2464 635 2524 contendunt,
662 2465 813 2516 monstrant
850 2465 933 2515 Huius
951 2477 1009 2514 voc.
1028 2463 1114 2527 prima
1137 2463 1295 2526 significatio
1314 2478 1374 2515 cum

288 2555 330 2590 rr.
350 2553 426 2603 seqq.
850 2540 883 2590 sit
901 2538 1018 2588 «litterae
1036 2552 1085 2590 suo
1097 2539 1190 2589 ordine
1202 2537 1375 2599 collocatam,

320 2613 361 2665 ta.
380 2615 421 2664 so.
440 2611 647 2676 Summi-moli]
666 2611 767 2663 dictum
784 2615 814 2662 ut
850 2615 970 2678 apposite
988 2613 1053 2664 dixit
1069 2613 1149 2663 etiam
1175 2615 1298 2674 crudem
1329 2614 1376 2665 oh·

287 2699 385 2740 summ
407 2701 449 2737 res
473 2686 588 2750 publiea,
617 2699 716 2736 mammo
735 2687 811 2737 sotus.
849 2687 975 2739 litterare.
991 2717 1019 2724 —
1037 2688 1218 2753 asperioribus]
1237 2687 1321 2739 «iliud
1334 2689 1376 2739 ubi

290 2763 390 2825 «iilud,
409 2777 424 2813 a
443 2776 498 2826 quo
514 2775 594 2812 omne
611 2759 711 2811 malum
729 2763 814 2812 oritur
849 2763 999 2828 perlectum
1017 2765 1080 2824 erit,
1107 2765 1252 2814 instituitur
1270 2765 1377 2830 sepien-

290 2839 463 2904 adpendet.»
492 2835 601 2888 Rutilius
623 2838 651 2897 t,
672 2836 734 2886 357:
758 2839 814 2889 Μα-
850 2838 901 2887 tior
918 2838 1091 2902 severiorque
1109 2851 1256 2902 puerorum
1275 2839 1376 2890 educa-

287 2915 360 2965 teries
374 2913 546 2962 vditruurum
558 2911 770 2973 tetoteparaudis.
783 2939 810 2948 -
850 2913 902 2972 tio,
930 2925 1012 2975 quam
1028 2911 1164 2976 paullatim
1187 2913 1375 2964 ellendnarunt

286 2989 405 3040 scalenum
433 2987 454 3036 ei
482 2985 541 3036 betto
569 2989 642 3050 (vere
671 2987 751 3050 atque
780 2999 812 3036 ex
850 2985 970 3036 Graeculi
988 2987 1118 3050 imprimis
1135 2987 1291 3050 magistatis

287 3064 367 3115 animi
396 3063 480 3112 nostri
514 3063 653 3124 sententia)
687 3061 810 3125 poenitet]
882 3060 922 3111 st.
951 3062 991 3110 55.
1022 3061 1190 3127 Fomtoudoe]
1220 3063 1249 3112 ln
1271 3063 1324 3113 hoo
1351 3077 1373 3112 v.

287 3141 360 3190 llaec
371 3139 450 3202 iungo
462 3149 524 3188 cum
536 3137 680 3200 praecedd.
693 3151 699 3184 :
719 3138 813 3201 «quip-
850 3137 909 3200 plus
927 3137 996 3185 inest
1012 3149 1094 3198 quam
1112 3136 1138 3186 in
1150 3135 1261 3186 Bentleii
1271 3139 1377 3201 &moes

287 3229 321 3280 pe
331 3214 394 3264 iilud
402 3212 699 3264 demumeertissimum
708 3212 812 3274 signum
849 3211 913 3271 doe,
932 3223 994 3260 cum
1012 3209 1074 3259 illud
1094 3213 1176 3260 totam
1189 3211 1375 3262 educationem

287 3290 338 3338 erit
354 3287 548 3353 poenitentiae,
568 3285 613 3335 uhi
630 3285 725 3344 rebus,
744 3299 812 3348 qua·
849 3283 979 3348 significet
1007 3285 1041 3334 ad
1077 3285 1160 3335 bonas
1188 3287 1261 3335 artes
1296 3287 1375 3336 etiam

287 3376 348 3414 rum
359 3375 464 3413 summa
477 3360 620 3425 eupiditate
632 3361 733 3410 incensi
752 3373 812 3409 era-
849 3358 991 3422 postmodo
1004 3359 1169 3409 exercendas
1181 3359 1374 3423 pertinentem

288 3450 361 3496 mus,
374 3439 469 3501 sponte
481 3436 735 3488 renuntiaverimus:
750 3447 812 3484 nam
847 3434 990 3496 limitandae
1001 3437 1072 3484 esset
1085 3433 1289 3483 tantummodo:
1311 3435 1375 3484 «du-

288 3511 377 3572 magni
400 3509 498 3574 aliquid
525 3512 606 3573 atque
629 3509 745 3558 inusitati
763 3521 812 3572 pa·
850 3507 962 3568 rendae,
988 3506 1202 3557 corroborandae
1220 3509 1303 3558 etiam
1321 3509 1374 3558 sine

288 3583 383 3633 trando
395 3583 502 3634 tirmum
514 3585 635 3635 nostrum
645 3583 812 3649 propositum
849 3583 953 3632 actione
971 3585 1033 3632 eunt
1050 3585 1155 3634 mentes
1173 3581 1252 3632 nimis
1262 3595 1376 3633 enerva-

289 3656 504 3722 patefaciendum
516 3660 583 3707 est.»
613 3660 813 3722 Languetcon-
850 3661 919 3708 taen
949 3685 975 3694 —
1006 3657 1098 3721 Nescit]
1118 3658 1242 3708 «lamiam
1261 3672 1295 3708 eo
1313 3669 1373 3723 per-

288 3735 342 3781 tra:
363 3731 403 3778 «Si
421 3743 484 3780 vere
503 3743 553 3782 nos
565 3732 699 3783 scelerum
719 3734 813 3798 poeni·
849 3735 959 3784 ventum
971 3735 1026 3790 est,
1046 3735 1074 3782 ut
1091 3733 1166 3796 pueri
1184 3733 1292 3794 ingenui
1305 3733 1376 3797 equi-

289 3808 336 3865 tet,
350 3804 485 3855 eradenda
495 3809 557 3855 sunt
568 3811 652 3866 oet.n;
672 3811 699 3858 et
710 3809 811 3858 maiore
849 3811 906 3858 tare
924 3821 956 3857 ao
973 3808 1065 3856 veneri
1084 3807 1212 3866 nesciunt,
1232 3811 1374 3871 propterea

289 3892 352 3930 cum
377 3880 401 3928 vi
420 3893 488 3929 nova
505 3875 605 3946 γνώμη
630 3883 687 3931 sine
712 3884 812 3946 protasi
849 3881 922 3946 quod
939 3882 1021 3932 rudes
1038 3883 1118 3944 atque
1137 3882 1302 3932 inexercitati
1317 3881 1374 3932 mut

289 3955 387 4019 incipit.
424 3954 539 4017 (aliene,
567 3954 659 4015 valde,
688 3960 718 4006 ut
741 3957 811 4020 apud
848 3960 876 4007 et
892 3955 926 4006 ab
945 3957 1017 4006 omni
1034 3955 1127 4006 labore
1150 3955 1325 4006 abhorrent·
1345 3981 1369 3991 -

289 4031 402 4082 Ennium
419 4029 598 4092 frequenter.»
617 4031 750 4092 Ponam.)
848 4030 969 4095 Haerere]
991 4029 1150 4094 Simpliciter
1167 4032 1209 4080 est
1226 4032 1371 4088 «eedem.

320 4105 348 4155 tit
364 4131 378 4141 -
389 4105 430 4154 53.
456 4103 605 4168 eredmea]
624 4105 746 4155 el’cnitus
763 4105 812 4154 ab·
849 4120 901 4156 non
913 4109 943 4155 ut
954 4103 1075 4170 plerique
1087 4103 1227 4168 explicant,
1248 4105 1372 4155 «tirmiter

289 4179 384 4231 olenda
407 4179 470 4231 eunt
493 4191 525 4228 ex
548 4178 643 4229 animis
665 4181 767 4229 semina
786 4183 814 4229 et
849 4179 963 4230 insidere
999 4191 1070 4243 equo
1101 4191 1219 4243 eumque
1247 4191 1370 4242 regere.-

289 4255 416 4318 principla
438 4265 537 4319 pravae
560 4253 710 4318 cupiditatis
731 4257 811 4317 atque
850 4255 904 4305 Cic.
923 4267 972 4318 pro
990 4255 1075 4304 Deiot.
1094 4253 1141 4303 to:
1167 4255 1253 4316 ltaque
1270 4254 1372 4304 neee-

289 4329 425 4390 avaritiae‚
445 4327 592 4392 etquidem
605 4329 722 4392 adipso,
739 4328 812 4392 qnod
848 4341 907 4378 evei
926 4341 983 4378 een
1000 4329 1086 4390 pireus
1105 4329 1132 4376 ie
1154 4341 1246 4390 equum
1262 4327 1372 4377 mnu·
