3078 4978
529 432 630 484 urna.
667 433 764 484 canit.
784 433 836 484 Xll.

198 1155 283 1237 Quid
305 1154 361 1221 tibi
383 1154 447 1232 vis,
472 1153 590 1221 mulier
611 1155 713 1243 nigris
736 1154 924 1243 dignissima
945 1155 1074 1222 barris?

239 1277 371 1344 Munera
393 1275 473 1363 quid
494 1275 570 1341 mihi
593 1275 715 1363 quidve
737 1275 871 1344 tabellas

197 1398 291 1464 Mittis
315 1418 376 1466 nec
400 1395 493 1464 firmo
516 1397 625 1464 iuveni
647 1418 756 1484 neque
777 1398 864 1464 naris
886 1398 1035 1466 obesae?

219 1595 273 1644 ΧΗ.
293 1596 374 1646 inser.
392 1595 461 1658 volg.
480 1595 510 1645 lo
526 1609 605 1646 acam
622 1595 787 1646 libidinosam.
818 1623 845 1632 -
869 1597 989 1647 samm
1004 1597 1136 1648 materen
1151 1598 1208 1648 libi-

188 1669 253 1720 diais
267 1671 372 1732 repellit,
407 1671 520 1736 Dignam
535 1683 586 1722 esse
602 1671 640 1720 oit
656 1671 790 1732 4441444441
806 1670 855 1720 ab.
884 1697 913 1708 -
940 1673 969 1720 lo
987 1671 1133 1722 &elidiato
1148 1686 1209 1723 eoo-

185 1746 372 1796 ocrsooomioe
389 1759 413 1796 o.
435 1771 462 1782 -
482 1746 539 1796 0111.
558 1747 586 1796 T.
608 1774 635 1784 -
665 1746 689 1795 4.
709 1744 938 1806 cetrmiltibSTc,
961 1747 1056 1796 LCtFJ.
1087 1747 1126 1810 (444
1143 1760 1206 1808 nos,

186 1819 219 1880 B,
238 1817 290 1868 xlv
307 1823 420 1870 etunus
446 1819 572 1882 canteri.)
599 1845 626 1856 -
655 1820 678 1870 ³.
704 1820 787 1871 Mittor
811 1820 840 1869 Β.
870 1845 899 1856 -
927 1821 1011 1871 iuvari
1034 1823 1109 1885 tnnc
1130 1820 1210 1882 hsc‚i

190 1894 253 1956 (noo
279 1894 338 1956 BT).
359 1921 387 1930 -
405 1907 450 1945 noc
467 1895 584 1944 41114144.

188 2071 242 2122 xri.
269 2073 356 2124 Anum
379 2069 514 2136 quandam
535 2071 680 2138 (Canidiam
717 2073 759 2125 rr.
778 2075 819 2126 84.
838 2075 932 2126 Scbn.:
961 2073 1009 2138 rt<
1030 2070 1085 2138 σὰς
1106 2069 1243 2146 παρήσιρε

154 2147 225 2198 baud
253 2149 331 2198 nimis
358 2147 532 2213 probabiliter
558 2163 623 2215 prae
650 2162 679 2200 ee
717 2149 843 2218 φρένας,·
861 2177 889 2187 -
910 2148 1007 2215 imis]
1026 2149 1121 2215 «Apud
1137 2149 1243 2201 indos·

154 2221 207 2272 tert
224 2222 288 2273 Cid.
308 2221 426 2273 Blandin.
447 2225 474 2274 et
490 2237 514 2274 c.
528 2223 581 2274 Cir.
595 2224 678 2288 Epod.
717 2220 875 2289 elephantus
887 2235 978 2272 avoce
990 2223 1187 2274 borrovocatur
1197 2239 1203 2284 ;
1213 2249 1243 2260 ··

153 2296 198 2358 8.),
216 2296 359 2361 pudendae
377 2296 411 2347 ab
424 2311 455 2349 ea
474 2296 592 2348 mollitiei
603 2311 680 2348 accu-
715 2310 767 2346 vox
785 2297 842 2347 eius
868 2297 1008 2346 4141144111.»
1034 2296 1128 2348 isidor.
1154 2299 1241 2362 origg.

154 2372 237 2432 satus,
260 2373 339 2435 poeta
357 2373 408 2423 boc
426 2375 544 2423 carmine
557 2374 679 2437 proscin-
716 2373 760 2432 44,
771 2373 802 2434 t,
814 2370 853 2422 44.
866 2409 871 2432 ,
885 2372 929 2420 vix
940 2373 1023 2421 recte.
1042 2373 1154 2436 Dignam
1166 2373 1243 2436 igitur

153 2443 205 2506 dit,
225 2445 252 2496 in
269 2459 457 2511 summamque
475 2461 537 2497 cum
554 2446 680 2497 foedissi-
716 2445 791 2507 dicit,
812 2457 881 2508 quae
893 2458 952 2496 rem
967 2443 1067 2497 babeat
1080 2449 1168 2512 potius
1179 2460 1242 2499 cum

153 2533 214 2570 mae
239 2521 422 2584 turpitudinis,
450 2523 507 2572 tum
532 2521 678 2585 flagitiosae
716 2517 878 2584 elephantis,
903 2520 988 2584 tonte
1012 2521 1139 2584 traoibtsr,
1166 2523 1243 2572 odere

153 2592 270 2644 libidinis
287 2593 422 2645 infamiam
435 2595 601 2646 Archilochio
618 2609 679 2648 mo·
714 2595 846 2658 paoem,
864 2595 928 2645 mole
944 2595 1095 2646 terribilibus
1113 2596 1196 2660 (Oros.
1209 2597 1239 2658 i,

157 2667 194 2718 do
211 2668 346 2720 adducere
363 2667 475 2721 laborat.
519 2671 615 2724 Esica
632 2683 680 2736 ge·
715 2671 768 2732 4.),
795 2683 877 2734 quam
902 2682 964 2720 cum
989 2669 1160 2721 adolescente
1186 2671 1242 2721 tor-

154 2755 219 2792 nere
237 2743 342 2806 priscae
363 2742 431 2795 illius
456 2746 621 2796 Fescennium
645 2745 678 2795 li-
715 2757 799 2794 moso.
824 2743 871 2794 Alii
889 2744 1012 2807 precario
1030 2744 1064 2794 de
1081 2745 1179 2806 simiis,
1199 2743 1242 2795 alil

153 2816 266 2877 centias,
284 2818 311 2867 in
329 2830 382 2881 qua
399 2820 551 2869 tumesceret
562 2824 678 2881 opertum
714 2817 799 2880 magis
812 2818 893 2868 ctiam
904 2817 1015 2867 ridicule
1027 2818 1061 2867 de
1073 2819 1164 2879 Burro,
1177 2821 1241 2869 noto

153 2892 181 2940 in
194 2889 291 2940 rabiem
301 2892 380 2953 coepit
395 2894 459 2942 certi
473 2895 543 2942 iocos
558 2893 631 2956 (Epp.
651 2893 676 2953 2,
714 2891 828 2941 moecho
847 2890 908 2953 (Sat.
924 2892 951 2950 4,
971 2891 999 2951 6,
1018 2890 1086 2953 304,
1106 2893 1241 2956 interpre-

153 2965 181 3023 4,
199 2963 281 3027 eleb
309 2979 360 3016 uec
380 2965 442 3016 ficta
460 2966 676 3026 transumatur,
714 2965 760 3014 tati
778 2966 848 3014 sunt.
869 2989 897 2999 —
919 2965 980 3024 qaid
995 2964 1056 3014 mibi
1073 2964 1164 3015 firmat
1184 2967 1242 3016 Ma-

152 3039 279 3102 quoniam
294 3039 357 3090 nibil
374 3039 501 3105 impedit,
520 3041 678 3104 quominus
714 3039 769 3088 rius
786 3037 937 3088 Victorinus
953 3051 979 3102 p.
993 3038 1050 3088 235.
1064 3039 1144 3088 Gaisi.
1174 3039 1242 3090 Con-

152 3113 300 3164 statuamus
326 3127 406 3164 anum
433 3115 567 3178 quandam
589 3113 678 3164 libidi-
714 3115 755 3162 tra
778 3110 895 3176 glossam
911 3125 958 3161 cre·
979 3113 1040 3162 milri
1061 3126 1137 3163 cotue
1158 3112 1242 3162 habet

153 3199 246 3238 nesam
264 3187 413 3238 molestiam
431 3187 573 3252 aliquando
591 3203 679 3239 creas-
714 3187 768 3237 iam
792 3185 885 3237 Atilius
911 3187 1114 3237 Fortunatianus
1133 3200 1159 3251 p.
1181 3186 1239 3238 364.

151 3275 181 3312 se
193 3259 288 3311 -verbis
305 3260 410 3312 lascivis
423 3262 552 3327 donisque
571 3264 678 3327 ingratis
714 3259 778 3311 ibid.
790 3257 804 3322 ,’
823 3261 899 3311 cuius
922 3261 995 3324 prior
1018 3274 1081 3326 pars
1098 3262 1125 3311 in
1143 3258 1241 3312 multos

151 3333 315 3385 adolescenti
327 3336 447 3398 Horatio,
464 3349 526 3387 cum
538 3337 610 3387 inviti
623 3350 679 3387 am-
715 3334 799 3386 Codd.
817 3335 936 3399 irrepsit,
961 3335 1010 3385 sed
1030 3336 1161 3398 ingratam
1182 3335 1208 3385 b.
1222 3333 1239 3384 l.

151 3407 245 3473 plexus
265 3412 417 3474 appeteret,
446 3411 607 3474 podiamque
625 3413 678 3461 boc
715 3409 796 3459 cilicii
806 3411 980 3460 variationem
994 3411 1064 3460 inter
1074 3423 1121 3458 cerr
1133 3411 1160 3458 et
1171 3409 1240 3472 qaid.

151 3484 269 3534 carmine
286 3483 418 3534 virulento
436 3497 498 3535 sese
516 3483 602 3535 ultum
614 3485 675 3536 isse.
717 3511 745 3520 -
771 3483 887 3548 tabellas]
915 3483 1087 3548 «pugillaria,
1115 3481 1240 3547 epistolas

150 3559 266 3621 Tempus
278 3559 476 3622 compositionis
485 3559 617 3608 incertum
626 3561 676 3609 est.
715 3559 885 3608 amatorias.»
902 3558 969 3609 Vide
982 3558 1016 3608 ad
1027 3571 1052 3608 v.
1064 3558 1104 3608 47.
1118 3584 1145 3594 -
1156 3557 1240 3622 flenw]

151 3630 288 3682 Fluctuant
311 3633 380 3682 inter
408 3645 492 3683 annos
517 3633 566 3682 445
583 3659 598 3670 -
617 3632 675 3684 tie.
716 3645 784 3682 «non
795 3633 859 3682 satis
870 3630 958 3682 valido
970 3633 1005 3684 ad
1019 3631 1155 3682 libidinem
1167 3634 1242 3682 tuam

151 3707 260 3757 Biennio
283 3706 379 3758 saltem
400 3707 611 3772 praecedentem
634 3708 677 3757 hic
715 3704 901 3769 explendem.»
919 3707 975 3756 lioc
989 3720 1039 3771 per
1055 3707 1157 3766 iocum,
1178 3718 1240 3756 cum

151 3781 253 3844 epodus
271 3783 422 3833 antecessit.
453 3782 512 3832 vio.
534 3795 559 3831 v.
582 3779 614 3832 44
634 3795 675 3845 sq.
714 3781 816 3830 tantum
840 3781 951 3844 propter
972 3779 1077 3832 vetulae
1100 3779 1241 3846 turpitudi-

151 3852 209 3904 coll.
228 3853 312 3920 Epod.
332 3856 376 3915 44,
394 3857 462 3919 tsq.
715 3868 778 3906 nem
803 3855 892 3904 minus
918 3855 952 3905 sit
976 3855 1080 3906 firmus.
1110 3880 1137 3892 -
1162 3865 1241 3916 nepte

184 3929 238 3979 4-6.
258 3929 384 3992 01441444
399 3931 445 3996 cis]
463 3933 506 3981 Pr.
524 3931 677 3994 «quodnam
713 3931 785 3980 notis
807 3929 905 3993 mesae]
928 3931 1009 3994 atque
1034 3929 1096 3979 ideo
1117 3929 1238 3979 obtusae.

151 4005 226 4052 tuum
249 4005 291 4054 est
313 4001 491 4055 consiliumtt
521 4007 578 4055 tum
604 4004 675 4054 idem
714 4005 771 4054 Hoc
785 4004 864 4067 igitur
877 4002 956 4054 dicit:
977 4001 1240 4066 ‹ritegoeiusneris

151 4077 208 4127 iere
224 4091 267 4128 ac:
288 4077 367 4142 «quid
385 4078 502 4129 insanis?
525 4079 593 4129 satin
611 4090 676 4128 sana
714 4089 790 4137 sum,
813 4091 883 4141 quae
900 4076 985 4128 malos
1003 4077 1100 4127 odores
1118 4072 1239 4125 facillime

151 4151 198 4200 est
210 4150 276 4201 Nihil
288 4151 408 4216 protecto
420 4151 557 4216 proficies,
574 4152 675 4201 samar»
712 4153 892 4216 persentiscat
903 4154 983 4216 atque
993 4161 1166 4212 summopere
1178 4148 1240 4198 hor·

151 4227 180 4273 114
196 4227 275 4289 Prop.
294 4227 323 4286 4,
348 4228 378 4287 5,
404 4225 432 4275 3:
461 4227 526 4288 Quid
551 4225 595 4276 tibi
620 4225 674 4286 eis,
714 4223 1240 4288 reat.»(Ceterumdepartt.oec·oepus

151 4298 256 4349 insons?
271 4298 673 4364 meossertlresitroresllrcbil.
713 4299 761 4350 cir.
781 4299 857 4350 Hand
875 4297 985 4350 Turseli.
1004 4296 1045 4346 lv.
1071 4307 1097 4362 p.
1118 4295 1183 4356 448.)
1210 4323 1236 4334 -
