2998 4980
704 459 830 507 nonnil!
847 457 1017 506 canianum

667 818 902 880 cm
930 817 1044 878 ΠΙ.

489 989 518 1054 Ο
540 997 641 1053 matre
662 985 797 1074 pulchra
818 984 883 1051 filia
904 984 1084 1072 pulchrior,

431 1197 434 1204 .
490 1111 594 1188 Quem
617 1107 796 1176 criminosis
818 1127 947 1194 cunque
967 1105 1058 1172 voles
1081 1104 1212 1172 modum

384 1307 448 1356 llVl.
483 1308 566 1357 lusor.
585 1304 653 1369 vulg.
687 1305 826 1356 Palinodta.
845 1332 872 1341 -
890 1306 928 1356 Ao
945 1305 1110 1366 Tyndariden
1126 1305 1151 1353 S.
1181 1331 1207 1340 -
1224 1303 1263 1354 Ao
1282 1302 1371 1352 linito

351 1383 422 1432 rideri
442 1381 537 1444 sociata
561 1381 701 1431 iornbomm
719 1385 807 1442 potest.
832 1381 859 1430 T.
886 1408 913 1417 -
936 1379 1067 1430 Potioodto
1090 1379 1221 1430 Gratidioe
1245 1379 1280 1428 ao
1308 1379 1372 1440 lito-

351 1458 464 1507 mamm
480 1457 590 1507 amicam
604 1455 689 1508 Codd.
709 1455 762 1507 duo
780 1455 917 1506 Torrentii.
1041 1451 1044 1458 '

351 1636 414 1686 xvi.
445 1636 565 1686 Amicam
581 1633 757 1686 Archilochiis
774 1635 841 1684 iam·
877 1630 951 1694 βους
964 1629 1115 1693 Archilochi
1126 1632 1204 1680 vocat
1212 1628 1346 1694 Meleager
1355 1631 1401 1694 Ep.

318 1709 360 1760 bis
377 1722 393 1757 a
409 1709 589 1772 saonensem,
606 1711 725 1760 erratum
739 1708 843 1759 conles·
880 1705 945 1766 tra,
973 1706 997 1754 i.
1024 1705 1079 1755 Art.
1110 1708 1182 1769 poet.
1214 1705 1262 1754 79:
1295 1706 1403 1756 araneo

319 1797 374 1843 sus,
392 1783 566 1834 reconciliare
578 1783 629 1834 sibi
641 1783 738 1833 studet.
766 1781 842 1842 Quod
878 1781 951 1830 oborn
962 1781 1069 1843 proprio
1085 1781 1168 1830 rabies
1183 1781 1294 1829 ommott
1312 1780 1402 1830 iambo

318 1856 479 1908 scholiastae
489 1857 669 1920 Tyndaridem
680 1856 751 1906 illam
762 1855 842 1905 luisse
880 1854 972 1904 Catuli.
992 1855 1032 1915 36,
1055 1856 1079 1904 5.
1114 1853 1350 1904 Criminosissimam
1372 1855 1404 1903 li-

319 1931 411 1981 dicunt
434 1931 587 1994 habentque
612 1931 696 1981 Codd.
726 1929 843 1979 nonnulli
879 1928 952 1978 breno
974 1929 1038 1978 dixit
1058 1927 1138 1978 etiam
1161 1929 1233 1978 Suet.
1258 1929 1336 2000 (laea.
1363 1929 1402 1978 75.

319 2005 549 2067 celanensem,
576 2005 603 2055 id
624 2019 690 2055 vero
706 2005 762 2054 'etsi
779 2017 844 2068 pro-
881 2005 1007 2054 Ceterum
1022 2015 1084 2053 cum
1108 2005 1195 2053 totum
1218 2005 1406 2065 argumentum

319 2079 367 2129 bat
376 2079 561 2142 Walckenaer,
576 2080 698 2143 precario
707 2081 844 2142 sumptum
880 2077 973 2128 fletum
990 2091 1050 2128 esse
1067 2077 1206 2138 videatur,
1224 2077 1274 2128 hos
1298 2091 1406 2141 quoque

319 2157 361 2206 est
389 2169 404 2205 e
429 2155 547 2206 caraune
580 2157 725 2217 sequente;
755 2154 844 2204 minus
879 2152 986 2203 iambos
1003 2150 1406 2215 contumeliososnunquamab
1497 2151 1498 2188 l

321 2231 400 2280 etiam
417 2228 556 2293 probabile
569 2227 658 2280 Schol.
672 2230 753 2292 Cruq.
772 2241 845 2280 com·
881 2227 988 2278 Horatio
1000 2229 1114 2291 scriptos
1123 2241 1183 2278 esse
1195 2229 1409 2278 consentaneum

320 2309 458 2364 mentum,
492 2303 635 2356 Gratidiam
658 2317 679 2354 a.
707 2302 844 2354 Canidiam
881 2304 931 2352 est.
967 2301 1073 2352 Frustra
1090 2304 1163 2352 certe
1181 2316 1228 2353 eos
1243 2315 1360 2365 quaeres
1380 2303 1408 2352 in
1497 2349 1498 2354 ,

319 2392 411 2443 sagam
439 2377 589 2440 significari.
634 2378 731 2438 «Quod
753 2379 844 2428 autem
880 2375 992 2439 Epodis;
1019 2387 1182 2439 quamquam
1200 2375 1346 2426 Groteiend
1362 2389 1408 2427 re-
1497 2415 1498 2430 2

318 2456 406 2503 Acron
423 2452 499 2503 dicit:
526 2453 678 2503 Hermoclen
699 2453 845 2516 insolata-
881 2448 1072 2513 iertadEpod.
1087 2452 1143 2509 ta,
1160 2450 1309 2500 Frankead
1320 2451 1406 2514 Epod.

319 2529 424 2577 ctionem
442 2527 504 2590 lectt
523 2528 620 2578 ammae
644 2539 762 2589 aunon,
789 2527 846 2576 imi-
882 2523 922 2573 tr.
937 2525 970 2588 (v.
981 2523 1032 2587 le.)
1050 2526 1096 2576 Est
1106 2525 1175 2574 inter
1186 2524 1282 2574 multas
1295 2537 1342 2575 eas
1353 2537 1407 2585 res,
1497 2535 1498 2546 ¹

318 2606 386 2650 tatur
414 2601 581 2651 sesamam
609 2604 676 2652 cet:
708 2601 845 2652 Horatium
882 2611 949 2661 quas
986 2607 1058 2649 nunc
1088 2611 1205 2664 prorsus·
1236 2599 1406 2661 ignoramus,

320 2676 393 2726 idam
418 2675 526 2738 iecisse,
552 2676 626 2740 quod
647 2678 725 2728 antea
746 2676 846 2727 iecerat
882 2685 1006 2737 quaeque
1022 2673 1056 2724 ad
1072 2674 1155 2738 ipsius
1168 2672 1294 2724 carminis
1310 2672 1409 2723 intelli-

320 2751 504 2812 Stesiohorus‚
528 2753 631 2811 narrat;
655 2751 764 2802 minime
782 2749 847 2799 dicit
882 2748 1078 2810 gentamenil
1095 2749 1214 2799 attinent.
1239 2747 1292 2798 Cir.
1310 2745 1410 2798 Dillen-

318 2824 391 2875 illum
421 2825 585 2876 Himerensis
614 2827 710 2890 poetae
743 2822 846 2889 palino-
881 2821 1028 2885 hungerum
1052 2837 1079 2888 p,
1098 2823 1139 2875 io.
1167 2847 1194 2858 —
1212 2822 1322 2886 moran]
1347 2823 1409 2872 Sive
1497 2815 1498 2842 ¹

319 2901 390 2952 diam
398 2901 544 2953 imitatione
554 2903 704 2965 exprimere
713 2899 843 2950 voluisse»
882 2896 975 2948 fletum
987 2900 1028 2949 est
1039 2899 1225 2962 argumentum
1240 2909 1289 2947 seu
1300 2908 1408 2958 verum,
1497 2929 1498 2944 r

321 2976 358 3036 (ut
381 2980 546 3040 acoepemnt
570 2973 688 3026 nonnulli
710 2976 846 3038 interpre-
876 2972 935 3026 hoc
952 2971 1029 3023 dicit:
1050 2973 1160 3034 modian,
1184 2971 1287 3021 «finem
1297 2971 1409 3036 impone

320 3049 379 3113 tes).
404 3051 484 3100 lierni
502 3051 566 3102 Hor.
585 3053 627 3102 Pr.
646 3063 673 3115 p.
692 3049 733 3100 33.
763 3049 845 3098 Recte
882 3047 950 3098 meis
983 3047 1010 3098 in
1043 3049 1069 3096 te
1104 3045 1298 3098 carminibus.»
1341 3048 1409 3098 Nem

318 3125 369 3175 hac
388 3124 421 3174 de
438 3137 468 3175 re
482 3120 846 3190 disputavitlioimanPeerl-
883 3121 980 3185 quibus
1003 3120 1086 3172 rebus
1109 3121 1207 3172 modus
1229 3120 1350 3184 ponitur,
1380 3125 1411 3172 ut
1497 3177 1498 3190 2

318 3199 398 3263 kamp
416 3198 450 3249 ad
464 3213 490 3249 v.
510 3200 549 3250 li.
573 3201 612 3250 lta
627 3211 691 3263 ergo
708 3195 846 3249 dumtaxat
881 3197 947 3259 irae,
962 3195 1054 3258 luctui,
1072 3197 1166 3257 amori,
1188 3194 1322 3246 desiderio
1349 3195 1408 3258 (Od.
1497 3191 1498 3258 l

319 3272 518 3337 intelligendum
536 3273 778 3327 celebratissimum
796 3285 846 3336 pa·
883 3275 907 3334 l,
933 3271 975 3334 il,
1002 3271 1050 3335 t.),
1086 3283 1134 3322 eae
1163 3267 1242 3320 simul
1270 3267 1408 3320 liniuntur.
1497 3275 1498 3278 ’

318 3347 432 3398 linodiae
442 3347 596 3412 exemplum
606 3348 687 3399 laissa
699 3345 772 3409 illud,
791 3359 845 3410 quo
882 3349 957 3399 Hanc
986 3347 1119 3397 rationem
1148 3343 1284 3408 vulgarem
1319 3342 1409 3395 «fellei

320 3421 487 3471 Stesichorus
499 3420 615 3472 Helenae
628 3423 772 3474 criminoso
784 3434 846 3473 car-
881 3421 1007 3472 audacia»
1031 3418 1164 3471 transtulit
1187 3417 1325 3470 etiamad
1348 3431 1411 3468 oar·-
1497 3443 1498 3490 3

319 3496 392 3545 mine
414 3493 502 3546 laesae
517 3495 678 3559 depracatus
693 3499 742 3548 est.
760 3497 792 3548 V.
810 3495 846 3546 ad
882 3496 963 3546 mina.
993 3497 1047 3546 Cio.
1062 3495 1138 3546 Verr.
1154 3495 1179 3554 i,
1198 3495 1224 3554 2,
1242 3493 1288 3544 is:
1306 3493 1412 3544 modeim
1497 3527 1498 3556 3

320 3568 404 3634 Epod.
420 3569 444 3630 i,
463 3568 503 3620 ia.
539 3571 607 3622 Nam
631 3572 770 3636 utriusque
790 3585 846 3621 πα-
882 3575 906 3622 ot
919 3573 995 3634 tinen
1009 3571 1100 3633 socero
1135 3569 1182 3619 Est
1196 3568 1288 3631 igitur:
1309 3565 1410 3618 «Abale
1497 3569 1498 3636 ξ

319 3640 451 3710 avecta<
476 3645 533 3695 toto
547 3657 646 3708 genere
669 3647 750 3710 atque
766 3659 846 3710 argu·
882 3644 949 3705 illos,
968 3647 998 3694 ut
1013 3643 1097 3704 voles,
1114 3644 1172 3694 sive
1190 3641 1336 3693 cremando
1351 3643 1409 3693 sive
1497 3663 1498 3682 1

320 3721 411 3770 mento
443 3721 581 3783 spectato,
613 3721 707 3784 quovis
735 3721 845 3784 pignore
883 3721 909 3769 in
926 3729 1001 3769 mare
1018 3717 1193 3769 deiicienda.»
1220 3718 1411 3767 luvatmemo·

320 3793 483 3843 contendere
500 3792 576 3857 lieet,
596 3807 629 3844 ex
646 3794 798 3845 stesichoro
809 3796 848 3844 ni-
882 3808 942 3844 rare
964 3794 1103 3844 mirificam
1124 3793 1211 3843 Hoim.
1234 3789 1409 3856 Peerlkampii

321 3867 357 3918 bil
371 3880 481 3930 prorsus
497 3869 612 3919 mutuari
628 3869 747 3932 potuisse
765 3869 848 3918 liora-
884 3870 966 3919 coni:
993 3871 1061 3931 Quos
1076 3867 1216 3918 mmioosis
1230 3879 1329 3930 niaque
1343 3867 1411 3916 cotes
1497 3893 1498 3906 r

320 3944 395 3992 tium.
423 3940 469 4004 (Da
494 3943 573 3994 inser.
597 3943 681 3994 Codd.
703 3945 775 3993 Torr.
798 3943 844 3994 cir.
882 3944 963 3993 nwdis
988 3945 1083 3994 Poetae
1106 3941 1213 4005 parabis
1239 3944 1290 3992 oet.
1337 3939 1407 3992 Talia

320 4016 422 4068 Weber
436 4017 522 4068 Horae
541 4032 568 4082 p.
587 4019 654 4081 tos.)
675 4019 791 4082 Tempus
810 4019 848 4069 in-
884 4019 956 4068 enim
973 4019 1058 4080 magis
1074 4018 1153 4068 enam
1165 4015 1312 4067 exhilarent
1327 4014 1410 4066 lecto-

321 4093 425 4142 certum
444 4095 577 4152 remanet;
605 4091 705 4142 Franks
730 4105 755 4141 a.
774 4105 800 4142 u.
820 4107 845 4144 c.
883 4105 942 4142 rem
959 4105 1070 4143 necesse
1087 4095 1128 4142 est
1138 4093 1229 4142 iocoso
1241 4092 1268 4141 in
1280 4092 1407 4150 caraune,

320 4168 377 4228 725,
390 4167 519 4218 Kirchncr
530 4167 588 4228 726,
601 4163 776 4216 Walckenaer
787 4167 845 4216 727.
885 4167 1033 4218 cuiusmodi
1052 4168 1104 4218 hoc
1121 4168 1176 4226 est;
1194 4166 1302 4218 inserto
1320 4166 1409 4216 huius-
1497 4207 1498 4238 ᾖ

885 4241 956 4294 modi
977 4241 1164 4293 hariolationos
1193 4240 1293 4291 reterre
1318 4239 1409 4305 piacu-
1497 4239 1498 4242 ’

355 4317 379 4365 i.
399 4317 422 4366 3.
441 4309 848 4389 criminostalrissptoeripagtoip»
884 4315 939 4368 lum
953 4317 1029 4368 toret.
1051 4345 1078 4354 -
1106 4315 1204 4380 tontis]
1222 4317 1264 4366 sic
1280 4329 1331 4380 pro
1346 4320 1409 4380 poa-
