3080 4980
589 445 647 494 LlB.
668 445 685 494 l.
722 445 750 494 C.
771 444 811 494 Vl.

303 599 411 666 Victor
432 599 568 664 Maeonii
592 599 743 665 carminis
766 599 855 676 alite,

303 723 408 801 Quam
431 741 500 789 rem
522 741 651 808 cunque
674 721 762 787 ierox
785 719 921 788 navibus
944 730 999 788 444
1021 723 1115 810 cquis

238 978 262 1026 4.
282 977 338 1026 aliti
355 979 463 1026 auctore
481 975 629 1027 Passeratio
647 975 673 1026 F.
704 1001 730 1010 -·
759 975 782 1024 3.
804 975 860 1037 ooo
877 988 930 1024 rem
948 989 962 1024 e
982 974 1064 1026 codd.
1087 977 1114 1038 [4)
1134 978 1227 1028 Horati

206 1050 304 1111 Bentl.;
324 1052 373 1102 sed
390 1049 509 1102 molebat
528 1052 558 1100 tlt
573 1064 627 1100 reru
644 1048 685 1100 vel
704 1051 764 1100 Cum
784 1061 845 1098 run.

175 1267 247 1317 cuins
263 1265 411 1316 Aeneidem
429 1278 492 1316 cum
512 1264 595 1316 Plotio
612 1267 698 1316 Tucca
735 1266 846 1315 secundo
865 1270 923 1316 oute
941 1279 982 1316 nte
1002 1267 1078 1316 dulae
1098 1268 1169 1334 (upa.
1205 1273 1260 1324 Nec

175 1341 325 1392 emendavit
346 1345 374 1391 et
396 1341 490 1400 edidit,
520 1353 551 1390 ea
579 1340 636 1403 lege
663 1340 697 1390 ah
736 1339 770 1388 ad
792 1338 903 1389 alteram
925 1338 1127 1404 explicationem
1150 1347 1181 1396 cli
1201 1350 1261 1402 alito

174 1419 288 1478 Augusto
307 1417 444 1480 imposita,
469 1417 548 1466 utne
566 1415 630 1480 quid
649 1415 698 1466 ad·
735 1415 762 1464 in
796 1415 903 1464 Horatio
938 1415 1097 1468 firmandam
1125 1421 1260 1476 sufiiciunt

173 1489 274 1540 derant.
310 1492 428 1541 44444444
446 1492 565 1540 estante
583 1505 607 1542 a.
627 1490 695 1552 itt,
736 1486 857 1552 exempla
883 1501 916 1538 en
941 1489 1032 1539 Ouidio
1059 1493 1120 1542 Her.
1140 1497 1180 1557 44,
1201 1500 1256 1550 464,

172 1579 224 1630 quo
250 1566 374 1616 Horatius
400 1566 506 1628 scripsit
530 1567 597 1631 Epp.
621 1567 647 1626 4,-
671 1567 694 1614 4.
735 1564 795 1613 Het.
816 1564 839 1623 4,
859 1561 915 1612 itt.
934 1563 959 1622 ’4,
978 1565 1018 1614 444.
1044 1567 1072 1616 44
1088 1569 1211 1622 44444444
1233 1575 1256 1636 4,

174 1641 206 1702 (v.
225 1639 293 1702 445.)
321 1639 475 1690 Paucissimi
492 1653 587 1690 uersus
604 1653 698 1704 super-
736 1637 775 1688 43.
794 1638 885 1700 petito,
904 1634 999 1687 collato
1016 1639 1167 1694 Heinrichio
1184 1646 1212 1696 Τ.
1225 1649 1256 1699 ll.

171 1717 232 1764 sunt
249 1728 283 1764 ex
299 1715 430 1776 Thyeste,
454 1727 523 1778 quae
541 1715 610 1765 inter
627 1716 697 1779 opti·
734 1724 761 1775 p.
780 1711 820 1761 36.
843 1739 868 1746 -
890 1713 1053 1764 Passeratius
1066 1719 1181 1768 correxit
1191 1721 1256 1782 utili,

170 1803 227 1840 mas
252 1791 404 1840 latinarum
427 1789 623 1854 tragoediarum
647 1791 696 1839 ha·
733 1786 869 1838 usitatiore
895 1789 1105 1850 constructione,
1133 1795 1161 1842 ut
1185 1795 1255 1860 virg.

170 1863 285 1914 bebatur
304 1863 417 1927 (Quintil.
438 1865 478 1924 444,
502 1866 526 1923 4,
549 1863 594 1915 98;
627 1865 696 1913 Varii
733 1863 797 1910 444.
818 1862 841 1921 4,
861 1861 923 1911 sto:
953 1863 1031 1912 Nulla
1050 1870 1153 1917 tuanen
1169 1871 1259 1921 audita

172 1941 281 2001 44444444
297 1940 395 1990 cuilibet
416 1939 571 1990 Graecorum
591 1953 695 2002 444444-
731 1937 792 1984 mt'lti
809 1949 888 1998 neque
904 1937 960 1986 4444
975 1951 1099 1990 aaronem.
1135 1945 1255 2009 Propert.

170 2017 226 2064 ruri
239 2015 342 2079 potest),
361 2013 503 2064 duodecim
522 2029 554 2064 ex
576 2015 694 2065 carmine
732 2010 756 2070 3,
785 2011 809 2068 7,
837 2012 881 2060 62:
911 2012 940 2060 In
964 2027 1004 2063 nte
1024 2016 1138 2066 44444444
1158 2020 1258 2082 sununs
1289 2057 1292 2064 .

168 2090 202 2140 de
214 2093 311 2148 morte,
330 2090 355 2138 in
368 2089 409 2139 his
421 2089 475 2139 dno
490 2089 655 2140 acerbissimi
668 2089 694 2139 in
731 2090 831 2146 munta
847 2087 893 2135 deo
910 2091 952 2136 est.
981 2089 1054 2147 Quae
1072 2091 1182 2152 quidem
1196 2107 1258 2146 eon-

168 2165 199 2216 u.
218 2165 376 2214 Antonium:
404 2165 515 2214 Vendidit
535 2165 574 2213 liic
594 2166 694 2213 4444444
732 2162 831 2209 4444444
851 2159 940 2210 multis
956 2161 1055 2225 placuit-
1067 2168 1146 2229 etque
1165 2170 1258 2220 etiam-

164 2239 264 2302 populis
291 2251 416 2302 aprosque
447 2241 544 2288 uiritim
573 2241 692 2301 Eriputt,·
732 2248 801 2284 nunc
810 2234 905 2298 placet.
925 2236 977 2286 Sed
985 2241 1174 2304 praeterquam
1184 2246 1256 2307 quod

166 2315 223 2378 44444
244 2314 309 2378 lepos
323 2314 499 2376 pretiumque
518 2315 617 2378 rettzit:
639 2314 692 2362 duo
730 2311 809 2360 nimis
832 2308 913 2360 iacilis
936 2313 993 2372 est,
1019 2313 1089 2365 baud
1113 2318 1177 2368 satis
1199 2321 1255 2372 eius

167 2401 199 2438 er
220 2389 385 2451 Panegyrico
408 2389 434 2438 in
452 2390 596 2439 Caesarem
614 2389 693 2438 Oeta·
731 2385 847 2436 lautores
876 2386 1016 2438 attendunt
1043 2390 1078 2439 ad
1106 2391 1152 2452 id,
1183 2395 1255 2458 quod

166 2465 284 2522 nanum,
299 2463 321 2513 44
333 2462 401 2514 tides
413 2461 564 2516 Scholiastis
579 2463 612 2514 ad
625 2465 690 2529 Epp¹
731 2460 811 2509 etiam
834 2462 859 2510 in
881 2460 992 2512 alteram
1014 2463 1121 2515 ablativi
1139 2469 1255 2531 explica-

168 2539 189 2595 4,
209 2539 248 2596 ts,
268 2539 309 2587 44.
345 2538 455 2588 intimus
479 2538 527 2588 tuit
547 2541 575 2588 et
594 2537 691 2602 Virgilii
730 2535 830 2584 tionem
847 2535 929 2595 cadit,
953 2538 991 2586 sic
1008 2538 1146 2592 Horatium
1166 2557 1255 2608 neque

166 2615 192 2662 44
217 2613 316 2662 Horatii
345 2613 456 2663 amicus.
500 2613 552 2663 Cir.
579 2611 689 2663 Hertial.
730 2610 816 2658 amice
834 2622 885 2659 nec
902 2609 1005 2661 urbane
1022 2612 1257 2669 Varionecessito-

60 2695 63 2701 '
166 2687 190 2746 8,
210 2687 250 2737 t8.
730 2685 785 2734 tem
802 2686 830 2733 et
846 2685 922 2748 quasi
940 2699 1008 2736 onus
1024 2689 1168 2754 Agrippam
1186 2692 1256 2744 cele·

196 2762 220 2809 4.
247 2761 380 2812 Maeonius
405 2760 502 2811 dicitur
522 2762 654 2812 Homerus
675 2774 690 2811 a
730 2758 825 2807 brandi
841 2759 1028 2822 impositorum
1047 2762 1137 2814 inisse.
1154 2769 1254 2832 -lpse

166 2836 302 2896 44444444,
332 2837 421 2900 prisco
447 2836 545 2898 Lydiae
571 2838 688 2897 nornine,
730 2833 926 2902 autemVarius
943 2836 995 2885 oles
1009 2837 1138 2889 diciturs.
1152 2854 1255 2905 cygnus

165 2911 225 2973 qnia
243 2909 366 2974 plerique
388 2923 450 2960 eum
472 2912 585 2972 Smyrna
602 2913 690 2962 orium
729 2909 895 2970 Homericus,
909 2913 1048 2973 praestans
1059 2917 1138 2976 poeta
1152 2917 1252 2979 epicos,

146 2984 308 3048 'putabant3
333 2984 395 3034 elini
417 2985 498 3035 etiam
515 2987 688 3036 Hoeonidesa
728 2987 758 3032 ut
775 2983 886 3033 Theocr.
905 2985 929 3044 4,
943 2984 988 3035 li:
1007 2984 1124 3037 Μοισᾶν
1141 2983 1255 3060 ὄρνιχες

165 3061 290 3118 4444ο44,
313 3059 432 3122 mythico
455 3059 511 3110 eius
533 3063 622 3124 patre,
644 3061 689 3125 qui
730 3059 836 3121 (ironice
855 3059 953 3121 tamen)
972 3063 1000 3108 44
1011 3062 1036 3110 44
1048 3062 1168 3126 inscript.
1182 3067 1252 3130 apud

165 3133 197 3182 ab
215 3133 273 3184 aliis
291 3133 464 3197 Helesigenes
482 3135 640 3185 nominatur.
660 3163 687 3171 -
729 3131 876 3182 Fleetuood
893 3146 919 3196 p.
939 3133 996 3182 496.
1032 3134 1182 3188 Alcibiades
1199 3141 1254 3204 By-

165 3209 230 3273 olite]
256 3209 299 3258 Sic
321 3208 405 3258 Codd.
441 3209 585 3260 verissime
608 3209 690 3259 Scali-
728 3207 818 3256 zocius
837 3197 915 3276 ὅρνις
930 3201 1112 3272 ἀοιδότατος.
1145 3211 1193 3262 4444
1205 3215 1254 3264 mi·
1307 3238 1312 3258 t

164 3297 227 3346 gero
254 3283 368 3345 Castigg.
396 3283 420 3333 in
443 3285 562 3346 Propert.
584 3297 610 3347 p.
629 3285 687 3334 207.
728 3296 778 3332 nus
796 3283 914 3346 apposite
926 3283 985 3332 uttte
997 3282 1172 3348 explicarunt:
1193 3301 1254 3340 «44-

165 3358 210 3408 lid.
231 3360 330 3408 Gener.
351 3359 422 3407 46444.
443 3360 484 3408 est
495 3357 625 3410 ablativus
643 3359 690 3408 ab·
728 3356 795 3416 latu,
831 3358 949 3422 impetu,
985 3359 1109 3410 instinctu
1136 3364 1250 3426 poetico,

164 3430 265 3482 solutus
283 3434 348 3493 sive,
367 3434 396 3482 nt
409 3446 479 3482 nunc
490 3435 639 3484 accuratius
651 3435 690 3484 di-
728 3433 835 3482 Homeri
853 3434 1003 3496 auspiciis.»
1015 3462 1042 3470 -
1062 3436 1188 3488 Ceterum
1199 3451 1252 3488 non

164 3509 234 3568 cunt,
250 3507 433 3558 instrumenti:
454 3508 536 3558 «Cum
549 3509 643 3560 Varius
655 3510 689 3560 sit
728 3509 816 3557 minus
838 3507 954 3559 liberalis
975 3510 1082 3561 Horatio
1099 3513 1252 3576 Propertius

164 3581 272 3644 insignis
300 3583 379 3644 poeta
408 3583 513 3646 opicus:
543 3583 588 3646 qui
615 3581 688 3634 locus
728 3583 754 3632 in
772 3583 910 3632 Ponticum
929 3584 952 3640 4,
966 3583 989 3645 4,
1003 3584 1032 3633 3:
1051 3587 1139 3648 Atque,
1157 3587 1195 3636 ilc
1205 3589 1253 3637 4444

164 3654 688 3720 maletulgomagistrorumconceptus.n
726 3657 797 3720 seito,
813 3657 898 3718 printo
915 3659 1041 3708 contendis
1052 3660 1168 3722 Homero,
1188 3663 1215 3712 et
1226 3663 1250 3722 4,

164 3733 248 3793 litque
257 3731 296 3780 sic
305 3743 416 3794 prorsus
426 3730 616 3794 interpretandi
628 3733 689 3782 sunt
728 3731 768 3792 34,
796 3733 837 3780 66.
865 3732 898 3781 de
924 3733 1055 3783 Aeneide:
1084 3736 1171 3784 lilesoio
1192 3737 1253 3798 quid

164 3803 205 3854 4444
222 3805 290 3862 duo,
313 3804 339 3853 in
358 3803 455 3867 qulbus
474 3805 585 3855 Haerere
603 3804 689 3856 solent
726 3807 810 3856 maius
825 3808 940 3856 nmcitur
956 3808 1041 3857 Hiode.

164 3877 343 3927 Grammatici.
362 3879 427 3942 Epp.
448 3879 471 3938 t,
491 3880 515 3938 4,
537 3879 581 3930 Pi:
609 3893 687 3929 4444-
759 3881 783 3931 3.
820 3882 971 3942 (inaurem
987 3883 1091 3946 cunque]
1110 3885 1166 3934 Non
1179 3885 1252 3936 luso-

162 3955 201 4001 tua
216 3953 345 4014 inaequali
362 3957 469 4014 tonsore,
488 3953 513 4002 id
532 3956 585 4004 est:
605 3967 687 4005 «curn
727 3955 771 4006 lita
788 3949 893 4020 τμήσει
919 3957 999 4006 etiam
1026 3957 1052 4006 in
1077 3970 1156 4020 prosa
1182 3961 1248 4008 orat.

163 4023 308 4090 inaequalis
326 4031 399 4078 esset
415 4030 507 4078 tonsor
527 4041 638 4086 mensu»
661 4033 688 4080 et
727 4031 781 4080 Cic.
807 4043 857 4093 pro
882 4031 949 4081 sest.
974 4031 1018 4081 3t:
1045 4033 1111 4094 quod
1130 4033 1251 4082 iudtctmn

163 4101 227 4166 Epp.
256 4103 279 4158 4,
307 4101 348 4161 49,
377 4101 421 4151 ta:
450 4103 600 4167 Hcipuoque
616 4109 688 4168 topue
725 4117 823 4166 menpue
838 4103 956 4154 44444444.
992 4107 1079 4156 Bauer
1100 4105 1134 4156 ed
1153 4107 1250 4158 Sanctii

163 4177 257 4227 44444444
274 4181 373 4227 tentore
390 4175 521 4238 Catonern,
541 4191 619 4228 ocum
631 4179 688 4228 nui-
727 4179 788 4229 4444,
808 4181 826 4228 l.
846 4191 872 4242 p.
892 4179 954 4228 tui:
978 4181 1023 4230 Est
1041 4181 1098 4244 (per
1115 4181 1251 4230 attractio-

165 4250 266 4300 osmodi
299 4253 401 4301 textore
438 4253 556 4301 utatur.»
603 4255 687 4302 Nemo
727 4253 812 4314 nemi:
835 4251 989 4303 ascribetur
1001 4267 1045 4304 res
1059 4254 1154 4314 omnis,
1168 4265 1250 4316 quam

165 4327 251 4372 contra
269 4325 356 4374 haesit
373 4325 399 4374 in
417 4325 499 4390 Epod.
521 4327 560 4385 46,
580 4327 620 4374 644.
639 4327 688 4376 Ptis
727 4325 803 4376 miles
820 4329 846 4376 te
864 4327 932 4377 duce
951 4329 1088 4390 gesserit.»
1109 4355 1135 4365 -
1150 4329 1250 4388 Quam-
