2998 4980
540 421 599 470 iiii.
618 422 636 469 l.
674 421 703 470 C.
722 421 807 471 xxiv.

255 579 337 664 Ergo
359 574 567 656 Quinctilium
589 586 767 663 perpetuus
789 597 888 663 sopor

254 699 364 786 Urget!
389 697 441 764 eui
464 696 573 763 Pudor
594 707 626 764 et
648 697 790 764 iustitiae
812 719 917 772 sotor,

254 821 441 906 incorrupta
463 817 578 893 Fides,
603 819 757 906 nudaque
780 821 903 886 Veritas

239 920 248 936 ⁵
295 939 434 1020 Quando
454 939 555 1018 ullum
577 941 718 1038 inveniet
738 924 873 1028 parem?

253 1097 357 1166 llultis
379 1097 432 1165 illo
453 1097 547 1165 bonis
570 1097 685 1165 llebilis
707 1099 838 1172 occidit,

253 1218 335 1286 Nulli
357 1217 495 1288 llebilior
517 1241 614 1308 quam
637 1220 707 1294 tibi,
732 1219 848 1308 Virgili.
1168 1221 1208 1288 40

191 1455 215 1504 8.
235 1457 359 1506 4444444444
374 1455 472 1517 Aldus,
495 1457 576 1508 LCtF.
596 1455 713 1520 (4444444444
728 1459 812 1507 nostri
829 1459 856 1506 et
874 1455 949 1520 «plus
966 1456 1076 1508 decem»
1095 1457 1175 1508 Bent-

158 1529 211 1590 leii,
230 1531 346 1580 Pottierii
362 1529 476 1594 omnes.)
502 1557 529 1566 -
553 1529 576 1580 9.
600 1531 643 1580 4444
664 1531 762 1594 quidem
783 1532 870 1595 44444444
887 1531 968 1584 Aldus
986 1536 1014 1583 et
1029 1532 1095 1583 Edd.
1114 1534 1175 1584 ante

158 1604 249 1656 bamb.
272 1631 299 1642 —
319 1605 359 1656 49.
381 1605 472 1670 4444444
488 1605 534 1656 444.
554 1604 656 1670 (recte.)

119 1818 163 1870 1444
181 1819 249 1868 duro
264 1819 333 1880 444444
349 1819 432 1897 4444444
452 1825 476 1869 44
490 1821 587 1883 44444444
601 1833 649 1870 444-
718 1821 743 1870 4.
764 1820 841 1884 44444]
860 1820 922 1883 quia
939 1820 1052 1886 simplex
1069 1823 1096 1871 44
1105 1825 1206 1886 apertu

121 1897 166 1956 pet
182 1893 296 1942 8444444444.
325 1881 487 1960 bibscbusy,
506 1895 566 1944 440:
578 1887 716 1960 4444-
737 1894 839 1960 4444444]
857 1895 932 1944 Ν4444
947 1895 1010 1946 44444
1025 1895 1209 1960 4444444444-

123 1981 215 2030 preg-
231 1960 357 2016 ‘Ozndre
383 1964 477 2038 apciton
503 1964 646 2034 ddvcpag,
685 1969 770 2032 tiplteit
785 1971 830 2019 der
845 1971 917 2031 44444,
935 1971 1207 2022 mmmdistautor-

121 2034 249 2092 4444444444
264 2039 296 2092 ἐν
311 2042 399 2102 χθονὶ
418 2041 503 2110 κοίλᾳ
517 2037 648 2110 Εὕδομες
684 2043 733 2094 44444
766 2045 810 2094 444·
837 2045 980 2109 6444444444
1011 2047 1063 2096 44444
1094 2047 1208 2098 4444444444

125 2132 159 2168 su
150 2107 258 2182 ’μάλα
273 2112 386 2188 μακρὸν
395 2111 542 2188 ἀτέρμονα
551 2115 649 2190 νήγρε-
686 2119 806 2170 (44444444
821 2121 863 2170 des
881 2119 968 2169 4444444.
987 2121 1096 2171 44444444.

121 2207 176 2242 4444
193 2184 341 2242 44444444.-
358 2191 449 2256 444444]
467 2191 647 2245 calumniatus
717 2194 741 2244 8.
771 2193 885 2256 4444444444]
909 2195 951 2244 Sic
968 2193 1092 2244 meliores
1110 2195 1205 2255 codd,

122 2269 167 2317 est
184 2267 215 2316 ll.
228 2269 257 2316 P.
270 2279 295 2316 v.
310 2267 334 2316 4.
347 2280 373 2316 v.
382 2269 468 2330 pudor
478 2270 588 2332 propter
603 2283 649 2320 re-
685 2269 713 2318 el
728 2265 796 2318 solet
813 2268 935 2318 Horatius
952 2281 1014 2318 cum
1030 2266 1150 2332 pluribus
1161 2282 1204 2318 vv.

121 2341 261 2406 petitum'
254 2353 308 2391 iam
324 2341 586 2404 idemvooabulum3
603 2358 649 2394 ve-
685 2354 757 2391 uom.
792 2342 859 2404 sing.
893 2341 1008 2393 verbum
1035 2355 1108 2393 uum.
1138 2341 1204 2405 sing.

122 2429 185 2466 rum
202 2415 246 2465 hic
269 2417 311 2466 est
327 2415 548 2487 npooouoaotla
570 2431 648 2482 pror·
685 2417 802 2479 iungere.
845 2415 971 2481 Exempla
997 2415 1101 2480 collegit
1125 2418 1206 2467 Bent-

124 2503 173 2541 sus
191 2490 306 2541 diversa.
325 2492 363 2542 Ex
380 2493 559 2544 bumanorum
577 2494 648 2543 cuim
684 2488 769 2540 laius:
796 2490 843 2540 0d.
862 2491 887 2551 4,
905 2491 930 2550 2,
949 2491 989 2541 38.
1008 2492 1033 2552 4,
1051 2491 1076 2553 3,
1095 2491 1119 2542 3.
1139 2490 1163 2552 4,
1180 2488 1205 2552 4,

122 2578 175 2616 usu
191 2567 315 2627 virtutes,
335 2567 447 2618 comites
462 2581 532 2632 quae
544 2569 649 2619 inerant
686 2563 725 2614 46.
747 2564 770 2626 4,
790 2565 814 2626 6,
834 2565 873 2615 to.
893 2566 917 2626 4,
936 2564 976 2626 33,
995 2566 1035 2616 st.
1055 2568 1107 2616 cet.

123 2638 271 2700 Quinctilii,
300 2641 439 2692 numinum
461 2656 590 2707 personas
607 2645 649 2693 in-
717 2638 742 2701 9,
761 2640 801 2689 49.
834 2640 930 2704 44444444]
950 2641 1038 2705 Epigr.
1065 2641 1091 2690 in
1113 2641 1206 2691 blusso

124 2715 219 2764 duuut.
248 2715 289 2765 Sic
301 2709 394 2778 Αἰδώς
404 2716 456 2766 444
468 2717 521 2767 iam
531 2717 647 2768 Hesiodo
684 2713 768 2763 Rhea.
790 2713 815 2774 i,
837 2714 861 2764 3.
884 2727 911 2778 p.
935 2714 998 2765 its:
1017 2708 1142 2776 “massa
1166 2715 1206 2777 44ς

122 2790 255 2839 0.4.44)
278 2790 353 2852 394.,
379 2791 493 2842 Pindaro
518 2793 594 2842 Nem.
621 2791 646 2854 9,
682 2781 774 2852 Ἀΐδην
784 2784 968 2854 ζητούμηος
987 2781 1030 2851 οἷς
1047 2783 1204 2852 ἀπέλειπες·

122 2829 165 2914 36.
184 2865 298 2926 eiusque
316 2865 560 2916 arseratdthenls.
579 2869 648 2916 Pau·
683 2859 763 2912 Πᾶσι
779 2857 834 2933 γὰρ
849 2855 982 2930 ἀλγηδών
998 2856 1137 2926 ἐσθλὸς
1120 2878 1206 2914 αποι-

123 2951 179 2987 san.
208 2938 233 2997 4,
260 2938 300 2998 ti,
328 2940 351 2988 4.
385 2939 513 3027 Euripid.
542 2942 645 3004 sragm
684 2933 867 3002 xdpsvocn-
889 2938 984 3002 Virpili]
1001 2939 1069 2989 Cum
1086 2939 1132 2990 Pb.
1145 2940 1207 2990 Wa-

125 3009 258 3076 liippolyt.
271 3010 323 3063 vel.
339 3013 369 3065 l:
385 3003 421 3063 '.ll
438 3010 528 3066 πότνι’
546 3012 646 3078 Αἰδώς,
684 3026 767 3077 guero
793 3014 936 3064 rectiorem
959 3015 1119 3078 scripturam
1145 3027 1205 3064 esse

122 3083 255 3148 εἴθετοϊς
272 3083 359 3138 πᾶσιν
375 3086 494 3159 βροτοῖς
510 3087 648 3142 Emodon
683 3089 798 3138 arbitror
817 3088 921 3152 Verpili,
945 3087 1095 3153 postillam
1112 3101 1205 3138 44444444

122 3151 336 3219 τάναισχυντον
352 3158 439 3234 ἐξῃρο
440 3161 515 3235 sup
517 3163 645 3215 444444.-
683 3163 816 3213 firmatam
843 3161 927 3213 seculi
954 3163 1082 3226 Augustei
1108 3163 1203 3214 insen·-

122 3235 294 3286 iustittubl
313 3249 367 3287 non
385 3237 472 3288 solum
489 3253 550 3291 eam
566 3242 649 3290 virtu·
683 3239 773 3302 ptione
798 3237 826 3288 in
848 3238 929 3289 labnii
946 3236 1140 3302 Speoimiuep
1158 3237 1202 3288 39ε

123 3313 177 3360 tem
195 3309 339 3372 siguificat,
357 3314 428 3362 444444
435 3313 548 3374 primun
557 3327 648 3365 44444444
682 3313 711 3362 i.
733 3312 866 3363 4444444444
882 3312 910 3362 i.
928 3312 957 3361 L.
976 3311 1105 3363 Gnnmrs.

122 3389 170 3444 444,
189 3389 218 3432 ot
232 3397 264 3434 44
279 3385 321 3434 4444
337 3387 393 3448 ossis
408 3390 555 3438 4444444444
571 3391 648 3440 44444-
716 3387 757 3437 44.
788 3386 884 3449 «Qum,
904 3399 965 3436 eum
982 3385 1051 3436 votis
1067 3399 1100 3436 ac
1116 3387 1206 3450 preci-

123 3459 184 3508 eitus
199 3459 314 3520 44444444,
333 3461 420 3510 4444444
435 3466 463 3511 ut
479 3465 648 3515 commemibiu
683 3460 735 3510 bus
752 3459 922 3521 Quinctilium
938 3458 1051 3510 deorum
1067 3460 1129 3510 fidei
1140 3463 1206 3511 iem·

123 3537 211 3582 4444444
224 3546 274 3594 pro
290 3535 472 3598 cosmmmibio,
493 3539 602 3599 44444444
619 3545 647 3590 ut
684 3547 765 3600 quam
786 3547 894 3586 sacrum
914 3535 1067 3600 depositum
1092 3549 1206 3586 concre-

122 3607 171 3656 44444
187 3621 219 3656 44
243 3621 317 3658 44444444
341 3610 430 3672 4444444
452 3611 557 3662 reddat:
581 3613 645 3675 (cte,
684 3607 769 3660 debas
796 3608 1041 3673 (commendabas),
1070 3623 1125 3661 non
1152 3609 1204 3660 boc

122 3681 170 3730 oti.
190 3681 214 3741 4,
233 3681 267 3742 4.)
285 3680 335 3732 444
352 3695 433 3735 sensu
450 3683 527 3736 latius
537 3689 646 3751 patente
684 3683 873 3748 exspectabas,
891 3685 922 3734 ut
937 3683 984 3735 tibi
1001 3685 1056 3734 tam
1072 3683 1204 3735 44444444

126 3757 647 3828 «tubusvitaeinnocentiametquepro-
683 3759 738 3808 tam
764 3759 817 3809 cito
844 3759 1005 3823 eriperetur,
1034 3759 1084 3810 sed
1108 3759 1204 3810 trustra

123 3829 258 3882 bitatem.n
276 3859 302 3866 -
313 3832 393 3896 soror]
406 3833 461 3884 cic.
472 3833 507 3885 de
519 3835 567 3886 oli.
578 3838 602 3898 l,
615 3838 643 3885 7:
682 3829 743 3897 p'ius
760 3833 830 3883 luisti
847 3846 934 3896 neque
952 3847 1023 3885 nunc
1040 3847 1103 3884 eum
1122 3847 1137 3883 a
1155 3833 1204 3883 diis

124 3905 166 3954 4444
181 3907 448 3969 4444444444444444444444
457 3909 643 3975 4444444444444.
683 3919 827 3972 reposcere
840 3907 1137 3959 tibiconcessumest.»
1163 3908 1204 3956 si-

124 3977 239 4029 Virtutes
265 3983 356 4031 autem
381 3995 489 4034 sorores
510 3983 563 4034 iam
584 3985 646 4034 Pin·
682 3981 781 4032 militer
807 3981 921 4047 explicat
946 3983 1000 4032 iam
1027 3981 1202 4046 Porphyrion,

124 4051 822 4142 4444044444).43,6εέ444“4((144444-4444444444
845 4053 933 4108 minus
958 4059 1033 4108 recte
1054 4057 1137 4120 iungit
1150 4056 1205 4120 4444-

125 4127 168 4190 tbi)
191 4125 247 4199 γὰρ
264 4095 396 4194 sevoldo
416 4132 490 4182 4444444
505 4132 644 4218 4444444444]-
681 4137 736 4182 stro
758 4133 847 4195 poscis.
893 4133 996 4183 Etenim
1024 4131 1080 4196 ipsa
1106 4141 1203 4180 versus

125 4203 169 4254 rat
184 4217 229 4264 44,
246 4199 361 4292 βάθρον
377 4204 485 4258 sottus
502 4201 643 4271 ἀσφαλές,
682 4208 882 4272 composition.
900 4207 1038 4270 [44444444.
1055 4219 1080 4256 v.
1096 4203 1204 4267 44444444-

124 4273 194 4328 444444
210 4279 260 4329 4444
277 4271 443 4350 ὁμότροπος
459 4277 576 4352 4444444444.
681 4281 780 4334 vellere
809 4285 889 4332 vetat.
934 4280 1078 4334 Lambinus
1112 4279 1203 4332 contra
