3014 4978
681 461 808 512 llOliATll
827 461 995 512 clamanti

545 616 667 682 Litibus
690 617 814 683 orbum.

421 778 498 840 Tum
522 795 630 852 meae,
654 775 680 840 si
703 775 782 862 quid
803 775 918 862 loquar
942 773 1154 851 audiendum,
1343 776 1383 839 iti

420 898 512 963 Vocis
535 895 669 962 accedet
690 894 776 961 bona
797 917 888 982 pars,
913 904 959 972 et,
984 897 1013 961 Ο
1036 895 1089 962 Sol

420 1017 573 1083 Pulcher!
596 1039 615 1083 o
637 1015 817 1082 laudande!
841 1037 970 1092 canam,
995 1028 1126 1104 recepto

548 1139 688 1206 Caesare
712 1137 794 1203 felix.

327 1364 399 1490 ΜΗ).
418 1365 512 1503 Ἕω]
525 1363 697 1488 BScddLClF:
725 1364 814 1424 morior
834 1360 954 1424 bssunx,
973 1366 1039 1414 Pott.
1059 1362 1088 1425 i,
1108 1365 1136 1424 9,
1162 1366 1221 1428 ts,
1244 1366 1350 1430 Beati,

356 1464 410 1488 .-
465 1454 503 1489 ,ο
531 1443 554 1489 ct
591 1476 596 1487 .

295 1635 393 1698 (salute)
414 1648 447 1683 nr
467 1637 530 1685 ltro.
553 1634 614 1684 Are.
634 1634 681 1683 Dio
700 1631 746 1690 tl,
767 1633 815 1682 ra:
855 1634 953 1683 simum
979 1645 1022 1684 me
1049 1639 1176 1698 reputans
1197 1641 1311 1701 propter
1332 1643 1386 1691 Au-

296 1704 385 1770 εὐχὰς
411 1703 483 1779 ὑπὲρ
512 1705 566 1772 τῆς
593 1703 737 1758 ἐπανόδου
765 1704 818 1757 τοῦ
856 1708 963 1770 gustum
979 1707 1136 1760 reducem.»
1163 1710 1252 1775 Longe
1264 1715 1386 1765 tenerior

293 1779 464 1851 Αὐγούστου
481 1779 668 1848 ἐποιήσαντο.
687 1781 753 1832 Ludi
769 1794 819 1831 au·
856 1781 899 1831 hic
914 1784 956 1832 esi
972 1795 1081 1842 sensus,
1101 1797 1182 1848 quam
1200 1787 1223 1836 si
1238 1799 1306 1838 cum
1318 1789 1386 1839 Vos-

294 1862 350 1910 tem
367 1859 408 1908 isti
426 1859 519 1918 votivi,
538 1871 607 1921 quos
623 1859 702 1920 poeta
717 1857 819 1907 editum
856 1855 895 1904 sio
921 1858 948 1905 et
973 1855 1092 1918 cargano
1117 1872 1143 1907 v.
1161 1859 1224 1922 [elic
1249 1861 1283 1910 ad
1311 1863 1386 1913 ωἱαη

295 1935 326 1986 iri
343 1933 419 1992 dicit,
439 1933 501 1982 editi
519 1935 581 1984 sunt
598 1932 708 1982 demum
720 1946 744 1982 a.
759 1931 816 1982 rte.
855 1929 969 1990 reseras,
988 1931 1018 1980 nt
1037 1931 1071 1982 sit
1089 1931 1289 1986 exclamationis
1313 1951 1383 2000 pars.

295 2010 352 2073 (iiio
369 2007 416 2067 ti,
435 2007 485 2070 ii.)
505 2010 532 2058 et
557 2006 658 2056 nummi
680 2007 735 2056 cusi
756 2019 817 2056 cum
888 2003 928 2054 te.
950 2005 1039 2066 ioque,
1059 2008 1119 2056 dien
1130 2009 1257 2073 procedit]
1275 2011 1386 2062 trium-

296 2084 467 2147 inscriptione
493 2082 633 2132 Forrmas.
660 2083 764 2132 itanum.
789 2108 816 2117 -
855 2079 925 2142 phos
937 2079 962 2128 h.
978 2077 993 2128 l.
1007 2079 1080 2130 velut
1096 2083 1211 2132 numinis
1227 2082 1314 2136 divini
1333 2086 1386 2136 ior·

295 2158 390 2223 orbern]
410 2170 554 2217 «vacuum,
570 2157 679 2221 propter
691 2157 818 2208 iustitium
856 2165 929 2203 mam
955 2153 1054 2214 induit,
1082 2155 1155 2219 quod
1180 2157 1312 2208 invocent
1335 2162 1385 2210 tto-

295 2233 453 2283 indictum.»
493 2230 566 2280 Pind.
593 2232 685 2282 isthm.
711 2231 739 2292 3,
767 2230 816 2280 26:
856 2228 929 2277 mani
956 2228 1078 2291 [prorsus
1105 2233 1135 2280 ut
1163 2231 1246 2296 Epod.
1272 2234 1307 2294 a,
1336 2235 1383 2284 at:

295 2299 760 2376 κελαόἐννας-ὀρφανοὶὟβριος.
855 2302 881 2351 lo
912 2302 1060 2364 innupto,
1096 2309 1124 2354 tu
1146 2307 1260 2356 moraris
1294 2323 1387 2360 aureos

328 2381 368 2432 i'o'.
396 2380 437 2432 to.
463 2380 562 2441 siquid
578 2379 681 2443 toqcm]
700 2378 817 2443 supple:
855 2375 951 2426 &erran
968 2377 1044 2440 oet).
1062 2380 1216 2442 etquidem
1233 2395 1267 2432 ex
1285 2383 1385 2434 eadem

296 2459 404 2513 atonem
431 2467 485 2517 quo
508 2456 614 2506 nomine
637 2457 756 2518 praestat
777 2454 818 2504 lu·
856 2448 898 2501 illa
909 2451 1092 2514 antiquissima
1105 2453 1231 2516 iormula,
1252 2469 1327 2520 quae
1345 2462 1385 2508 ter

296 2532 402 2579 turum:
426 2541 488 2578 nam
505 2541 635 2592 praesens
653 2531 759 2592 tempus
776 2529 818 2578 ni·
856 2527 979 2576 continuo
995 2529 1108 2590 repetita
1124 2523 1257 2592 reperitur
1272 2533 1300 2582 in
1320 2535 1385 2584 Car-

295 2603 346 2654 mis
358 2602 467 2652 demissi
479 2603 560 2652 anirrd
573 2604 661 2653 esset:
682 2604 723 2653 «si
735 2604 819 2654 omni·
856 2602 927 2652 mine
941 2603 1061 2654 Fratrum
1071 2604 1219 2656 Arvalium:
1232 2607 1260 2656 lo
1271 2609 1386 2660 i'nrnn

295 2691 329 2728 no
355 2678 378 2728 is
408 2691 481 2736 sum,
519 2677 595 2727 cuius
620 2678 739 2727 carmina
766 2676 817 2740 tegi
856 2674 921 2738 (sic).
949 2677 986 2726 lta
1003 2677 1029 2726 in
1046 2679 1163 2730 nummis
1180 2682 1267 2742 gentis
1283 2685 1384 2748 Papiae

294 2753 475 2802 mereantur.»
497 2752 597 2802 Verum
613 2751 664 2801 hoc
680 2751 756 2802 dicit:
776 2753 817 2803 «Si
856 2752 936 2813 capul
960 2750 1075 2801 iuvenile
1100 2751 1251 2805 laureatum
1277 2761 1385 2824 conspi-

294 2841 372 2879 meae
386 2826 728 2890 laetitiaeroxdignaerit‚
747 2841 817 2892 quae
854 2825 936 2885 citur.
965 2827 1133 2889 prominente
1170 2841 1239 2893 ponc
1271 2834 1384 2897 tropaeo

296 2902 339 2954 illo
365 2902 408 2953 die
441 2902 508 2953 testo
534 2900 683 2952 audiatur.»
728 2904 817 2966 Longe
855 2911 915 2949 cum
945 2899 1132 2964 inscriptione:
1167 2903 1291 2956 rmum
1311 2909 1382 2970 (dc).

294 2975 576 3041 aliteraliiexplicant:
596 2976 819 3027 «accedetaccla-
855 2972 952 3024 Eckhel
969 2976 1000 3025 l).
1018 2977 1049 3026 N.
1068 2977 1099 3025 V.
1118 2991 1145 3042 p.
1164 2977 1222 3027 act.
1241 2980 1334 3032 iliceto
1347 2984 1382 3033 Μ.

294 3053 423 3104 manlium
440 3051 536 3102 turbae
553 3063 648 3114 magna
665 3065 728 3116 pars
740 3065 817 3102 meae
854 3050 882 3098 F.
902 3050 930 3099 li.
948 3063 974 3113 p.
995 3049 1051 3100 lca.
1079 3051 1257 3116 Interpretare
1284 3055 1381 3118 igitur:

295 3129 382 3186 vocis;
409 3126 509 3187 idest,
537 3125 692 3178 acclamabo
709 3127 734 3177 ei
751 3141 818 3178 con·
856 3123 940 3174 «Dum
973 3125 1093 3187 procedit
1117 3129 1253 3190 rugosum
1287 3132 1384 3182 trium-

295 3203 367 3252 tenta
385 3215 478 3250 voce.»
503 3201 557 3251 Sed
576 3202 638 3252 huic
658 3203 818 3265 interpretu—
855 3197 940 3260 phons
965 3213 980 3248 a
1007 3203 1082 3263 porta
1110 3201 1263 3267 triumphali
1295 3218 1382 3270 usque

294 3277 358 3327 ttoni
375 3275 483 3326 omnino
501 3278 648 3339 repugnant
658 3291 700 3326 vv.
720 3277 819 3338 Siquid
855 3273 1077 3338 acceptorum,
1097 3283 1145 3326 nos
1164 3279 1202 3338 te,
1224 3279 1381 3345 Triumphe,

294 3353 386 3414 necor
407 3351 575 3412 caciaredam,
603 3365 686 3414 quae,
713 3351 759 3402 uhi
783 3351 817 3401 de
856 3361 909 3398 uon
926 3348 1024 3410 semel,
1049 3349 1098 3400 sed
1116 3353 1241 3402 meduno
1258 3354 1382 3406 dicemus

295 3425 420 3477 altissima
444 3439 475 3475 ac
496 3438 578 3490 prope
596 3427 733 3476 Stentorea
751 3439 817 3476 voce
856 3435 931 3473 sacra
959 3424 998 3485 (ut
1017 3424 1053 3474 ait
1069 3425 1171 3488 Sciron.)
1196 3429 1224 3476 et
1243 3425 1314 3478 lacta
1336 3441 1382 3478 ao-

296 3499 449 3565 explicaris‚
476 3501 566 3550 nescio
583 3500 646 3564 qnid
665 3500 765 3551 hahent
782 3502 819 3550 ri-
856 3496 1014 3548 clamatione
1031 3511 1130 3549 nomen
1148 3501 1224 3551 tuum
1245 3503 1280 3553 its
1304 3503 1382 3554 idem

297 3573 384 3624 diculi.
414 3575 483 3624 Vocis
503 3575 670 3624 autemtono
686 3588 751 3638 pora
768 3575 819 3624 hoc
856 3573 939 3623 tidem
957 3577 1121 3637 repetentes:
1145 3575 1172 3625 lo
1191 3575 1336 3640 Triumphe,
1355 3579 1381 3628 lc

296 3648 441 3711 significat:
456 3647 600 3698 «Omnibus
611 3649 711 3699 viribus
724 3651 817 3710 enitar,
858 3649 1013 3711 Triumphe.»
1047 3649 1113 3700 lude
1136 3653 1260 3701 autema
1286 3667 1311 3702 v.
1337 3653 1378 3703 ta.

295 3726 324 3772 ut
341 3721 459 3773 carmine
480 3721 639 3774 laetissimos
662 3737 738 3776 meos
755 3739 820 3776 sen·
857 3722 997 3774 manifesto
1029 3737 1082 3775 non
1116 3726 1170 3776 iam
1195 3723 1314 3789 loquitur
1345 3727 1379 3778 de

295 3810 342 3847 sus
364 3797 398 3844 dc
421 3797 544 3846 Caesaris
566 3797 652 3848 reditu
675 3799 753 3862 digne
772 3813 820 3849 ox·
856 3798 1020 3850 carminibus
1045 3797 1087 3849 vel
1113 3813 1128 3848 a
1154 3803 1243 3850 semet
1264 3803 1322 3865 ipsc
1338 3800 1380 3852 vel

296 3871 427 3935 primum,
447 3869 512 3920 dum
530 3872 571 3930 tu,
599 3869 666 3932 lule,
691 3870 758 3924 illius
776 3887 819 3926 res
856 3874 891 3924 ab
908 3874 1021 3924 Antonio
1037 3872 1080 3924 vel
1097 3874 1132 3924 ab
1150 3876 1265 3939 utroquo
1283 3878 1309 3927 in
1326 3881 1381 3928 Au-

296 3947 384 4009 gestas
416 3945 496 4008 atquc
522 3946 632 3995 virtutos
660 3945 817 4003 celebrase:
856 3949 924 4012 gusti
942 3949 1071 3999 honorem
1088 3950 1250 4013 pangendis,
1275 3951 1324 4002 sed
1345 3951 1380 4000 de

295 4033 364 4085 quae
377 4020 526 4070 carminum
542 4023 697 4082 argumenta
709 4035 819 4085 prorsus
857 4025 914 4088 ipso
932 4025 1058 4087 principis
1075 4023 1265 4088 gloriosissimo
1286 4027 1381 4076 trium

296 4098 359 4146 sunt
383 4094 497 4145 diverso.
528 4121 554 4132 -
583 4096 684 4146 «Solem
708 4111 758 4160 pro
775 4098 818 4147 die
856 4100 910 4164 pho
935 4099 969 4149 ab
994 4103 1108 4163 utroque
1136 4101 1194 4150 cius
1219 4101 1378 4152 admiratore

296 4171 402 4234 posuit,
429 4181 482 4232 quo
506 4169 589 4220 victor
607 4171 706 4220 Caesar
722 4172 819 4223 urbem
857 4187 962 4224 summa
980 4187 1043 4224 cum
1060 4172 1158 4224 laetitia
1175 4177 1203 4224 et
1220 4173 1279 4225 altis
1296 4173 1378 4224 socia

256 4310 259 4316 ι
296 4245 432 4307 ingressus
449 4245 516 4294 est.»
534 4246 629 4295 Acron.
857 4247 1017 4300 mationibus
1033 4249 1187 4313 spectando.
1203 4273 1230 4286 ·-
1246 4251 1274 4300 ln
1287 4249 1378 4298 consti-

329 4319 369 4368 te.
398 4321 504 4370 Caesare
518 4321 595 4386 scite]
625 4323 699 4386 «Ego
721 4320 819 4372 felicis·
856 4323 956 4374 tuendo
965 4325 1055 4374 autem
1064 4324 1116 4374 hoc
1125 4323 1184 4375 loco
1193 4325 1278 4374 secuti
1286 4334 1376 4374 sumas
