3002 4974
513 457 570 506 niu.
590 455 620 504 ΙΙ.
657 457 685 504 C.
704 453 769 504 iiiii.

384 613 418 678 ln
441 609 563 677 domini
585 619 682 696 caput
703 607 910 676 immerentis.

299 770 383 851 Quid
406 769 546 858 quisque
568 769 659 846 vitet,
683 788 848 856 nunquam
869 765 989 832 homini
1012 763 1089 832 satis

300 893 435 960 Cautum
459 903 509 958 est
530 891 563 955 in
583 888 695 956 horas:
720 889 826 956 navita
847 891 1029 975 Bosporum

340 1015 469 1080 Poenus
492 1011 711 1102 perhorrescit
732 1031 840 1099 neque
862 1008 945 1077 ultra
1173 1005 1213 1071 ta

387 1135 493 1202 Caeca
515 1136 604 1200 timet
625 1132 754 1200 aliunde
777 1132 853 1208 iata,

303 1293 392 1361 Miles
415 1293 546 1382 sagittas
568 1305 601 1360 et
622 1292 763 1360 celerem
784 1291 891 1380 sugam

301 1414 428 1492 Parthi,
453 1425 583 1482 catenas
605 1413 741 1482 Parthus
764 1423 796 1480 et
818 1412 930 1480 Italum

343 1537 468 1616 Robur;
494 1537 553 1605 sed
576 1537 749 1624 improvisa
772 1535 825 1604 leti

196 1714 237 1762 ti,
256 1709 368 1774 ceteram]
386 1709 502 1758 rectricem
519 1706 628 1759 Bentleii
646 1708 769 1772 suspicio.

126 1857 219 1932 ἀνήρ,
238 1855 377 1922 Σιδώνιος
392 1853 532 1922 κάπηλος.
548 1885 575 1894 -
593 1857 657 1907 Bos·
696 1885 724 1894 -
753 1857 870 1922 ceteruia]
911 1857 1044 1909 Bentlaius
1065 1859 1218 1910 coniectans

123 1937 227 2001 pomus]
246 1935 388 1984 Thracium
404 1933 480 1982 Ponti
498 1931 604 1994 frahun,
622 1926 657 1981 τὸ
692 1933 809 1983 reducam
837 1932 925 1996 [upum
950 1935 1058 1996 poetam
1084 1935 1216 1994 correxit,

127 2003 326 2075 Βυζαντιωιὸν
337 2003 451 2072 στόμα,
469 2006 561 2070 rapido
573 2019 657 2070 squa-
694 2021 747 2058 non
759 2007 895 2068 librarios;
915 2019 1003 2070 neque
1015 2009 1105 2058 tamen
1122 2007 1219 2059 ἐπίθε-

128 2100 190 2137 rum
221 2096 303 2135 cursu
331 2085 358 2132 et
389 2078 512 2146 procellis
548 2080 655 2132 iniame.
694 2097 745 2133 τον
768 2082 831 2133 illud
853 2083 894 2134 est
910 2084 1025 2134 otiosum
1042 2083 1156 2148 ideoque
1173 2095 1219 2134 re·

127 2162 176 2214 od.
197 2161 228 2222 3,
249 2159 282 2218 i,
301 2158 350 2208 30:
380 2157 546 2206 Insoaiuntem
570 2157 658 2204 nutrito
695 2156 925 2223 prehendendum.
954 2157 1048 2216 «Tum,
1066 2170 1129 2207 cum
1140 2157 1220 2206 mini-

128 2239 272 2298 Bosponaen
291 2232 405 2283 Teutobo.
435 2231 551 2295 (Bospori
572 2231 659 2280 Aestus
695 2247 739 2284 me
757 2233 913 2296 exspectent
931 2232 1055 2291 Romani,
1074 2232 1163 2294 fugam
1182 2231 1220 2282 si-

128 2317 156 2363 et
182 2309 290 2372 Bospori
319 2310 408 2359 Portus
433 2307 564 2357 eiusmodi
597 2309 658 2356 sunt
695 2306 823 2359 muletam
841 2309 986 2370 capessunt
1002 2307 1103 2366 Parthi,
1133 2308 1162 2356 ut
1178 2305 1220 2356 in-

128 2385 359 2438 Scholssticorum
376 2383 556 2442 coniecturae,
578 2393 656 2444 quae,
695 2386 773 2434 caute
784 2383 932 2446 sequamur
943 2381 1046 2440 hostes,
1065 2382 1114 2445 ipsi
1130 2382 1220 2430 autem

129 2459 268 2525 quomodo
292 2471 371 2508 neruo
397 2457 531 2508 conticere
549 2455 656 2518 debeat,
696 2460 785 2510 denuo
811 2459 888 2508 tenso
914 2469 991 2517 arcu,
1020 2457 1110 2508 stetim
1135 2455 1220 2506 versis

131 2537 233 2600 optime
253 2532 457 2594 demonstrant.)
593 2517 605 2544 ⁸
696 2535 773 2598 equis
797 2531 943 2582 redeuntes
964 2532 1066 2581 maiore
1090 2544 1152 2581 cum
1169 2531 1221 2580 im-
1269 2523 1270 2526 ’

166 2611 207 2658 45.
236 2608 276 2657 io.
303 2607 423 2656 nitran
434 2604 548 2668 aimus]
566 2603 658 2654 relicto
695 2613 760 2674 patu
777 2609 803 2658 in
821 2619 868 2658 eos
885 2607 1046 2656 incursent.»
1071 2605 1148 2666 Quod
1159 2617 1220 2655 cum

129 2683 255 2734 videlicet
279 2683 415 2746 3⁰³90r02
445 2681 471 2730 in
494 2680 578 2730 P⁰11i0
599 2679 657 2740 Vel,
696 2687 797 2736 scirent
820 2683 945 2742 Romani,
972 2683 1029 2746 ipsa
1051 2679 1119 2732 illius
1143 2681 1221 2744 fugae

130 2759 176 2810 ubi
188 2758 342 2814 revertitur.
355 2757 382 2806 in
394 2756 575 2818 marihessflffl
587 2758 616 2804 ei
626 2767 659 2804 0¹
697 2760 819 2812 celeritas
836 2760 868 2810 iis
885 2761 943 2808 erat
959 2756 1144 2816 formidolose3
1164 2759 1222 2806 ete-

130 2831 282 2896 aliaaliqus
294 2833 379 2894 parte.
415 2827 659 2896 Tantoioytanon
697 2837 752 2886 nirn
777 2847 830 2898 quo
856 2831 970 2883 celerior
993 2834 1065 2892 erat,
1090 2845 1123 2880 eo
1140 2831 1221 2880 etiarn

131 2909 181 2958 est.
210 2933 237 2942 -
267 2904 361 2968 Caeca]
397 2917 528 2967 «quorum
561 2915 659 2954 causae
696 2910 854 2961 insidiosior.
873 2909 944 2970 virg.
964 2907 1052 2966 ceo,
1066 2906 1112 2956 at:
1132 2905 1222 2954 rmn-

132 2985 314 3046 ignorantur.»
341 2981 396 3030 Cic,
417 2983 478 3042 Agr.
498 2980 527 3039 2,
547 2977 595 3028 tt:
614 2991 661 3028 cur
697 2991 794 3046 imus
809 2983 872 3046 supa
888 2982 1009 3032 Parthum
1031 2981 1157 3041 consque
1181 2991 1223 3028 so-

131 3051 656 3107 hocesttomohscunocetcoccumi-
696 3060 773 3123 pitito.
808 3057 882 3107 ovid.
897 3059 926 3106 Α.
939 3057 969 3106 Α.
984 3055 1007 3116 3,
1021 3055 1083 3104 tao:
1113 3054 1143 3102 Ut
1159 3053 1224 3102 ceter

131 3131 214 3195 tinet]
240 3128 347 3194 Syllaba
373 3129 530 3193 producitur
554 3129 580 3178 in
607 3127 660 3178 ursi
697 3133 791 3182 noeais
806 3136 876 3181 utere
891 3129 998 3181 Parthos
1014 3129 1091 3190 equis.
1121 3129 1221 3176 Seneca

133 3220 184 3257 nec
201 3219 267 3256 vero
293 3206 354 3269 post
370 3217 449 3265 mque
466 3206 555 3267 potest
579 3201 660 3253 scribi
698 3206 790 3271 oedip.
813 3206 874 3255 tta:
906 3205 970 3255 Vicit
991 3202 1224 3263 cinomannicis

132 3283 266 3342 moris,
285 3281 314 3328 ut
325 3291 411 3342 nuper
420 3279 559 3342 proposuit
569 3278 660 3328 hirtius
697 3283 820 3346 supinos,
859 3281 939 3344 Terpn
967 3279 1067 3344 suuncio
1091 3277 1224 3327 autconda

132 3356 166 3406 ad
192 3355 307 3404 Vestric.
334 3365 394 3417 pag.
420 3353 477 3402 iti.
505 3366 658 3417 exponens:
696 3358 791 3410 Parthi.
828 3355 963 3407 Claudiae.
983 3355 1025 3404 IV.
1046 3354 1143 3403 Honor.
1158 3351 1220 3402 53⁴2

132 3431 202 3480 timet
217 3429 288 3478 uttro
303 3429 469 3490 armoque,
493 3429 595 3478 ratione
613 3428 662 3477 mi·
698 3431 903 3495 Scir--refupo
922 3443 987 3493 qous
1002 3429 1034 3478 sit
1048 3427 1143 3493 fiducia
1158 3427 1224 3476 Por-

133 3507 206 3556 nime
224 3505 337 3569 poetica.
698 3508 746 3556 tho.
767 3507 830 3556 Stat.
853 3504 914 3556 Silv.
936 3506 965 3565 t,
986 3503 1015 3564 h,
1037 3503 1083 3552 ia:
1113 3513 1226 3563 αναιςιω

166 3583 207 3632 ti.
225 3580 309 3644 Miles]
323 3581 367 3643 qui
378 3578 465 3629 Parthi
476 3577 659 3641 ingeminaret,
698 3582 824 3632 havendo
839 3581 926 3644 fuoaci'
936 3605 971 3616 -·
980 3577 1107 3628 Arruntio.

133 3655 201 3708 elius
227 3667 280 3705 non
303 3655 408 3718 potarat
430 3666 490 3704 esse
509 3665 590 3716 quarn
608 3653 661 3702 Ro-
733 3652 1049 3716 ⁴8-20.1toiumitoour]
1071 3663 1225 3702 «carcerem

134 3741 248 3790 manus,
267 3727 294 3778 id
312 3728 385 3792 quod
402 3726 523 3778 consulto
540 3740 594 3777 non
611 3727 661 3776 ad·
698 3725 1227 3791 roboreum‚Tullianum»‚quemdescri-

133 3807 219 3866 ditur,
239 3817 302 3856 cum
321 3805 384 3855 insit
402 3802 444 3852 vel
464 3803 491 3852 in
508 3816 550 3852 vv.
569 3803 661 3852 Italion
699 3803 842 3856 hitSalust.
854 3803 929 3854 Catil.
943 3805 995 3864 hh,
1008 3804 1035 3852 iu
1047 3799 1226 3866 quemnudus

132 3881 220 3930 robur.
264 3879 426 3930 Manendum
459 3879 517 3928 erat
552 3879 662 3941 propter
699 3880 825 3931 deumne
848 3880 891 3929 est
907 3879 988 3929 etiam
1005 3877 1137 3940 iugurtha.
1171 3875 1224 3924 [ἰν.

133 3955 248 4007 Editoris
267 3953 404 4006 Leideusis
423 3951 611 4004 dubitationes.
632 3979 660 3988 —
700 3955 747 4015 38,
765 3954 813 4004 tio:
846 3955 876 4003 tit
891 3953 918 4002 in
935 3965 1062 4002 carcerem
1078 3953 1143 4000 inter
1158 3949 1227 4012 thret

133 4028 250 4094 supinus]
268 4029 339 4078 Vere
351 4027 459 4080 sublimi
471 4027 586 4090 imagine
598 4039 663 4077 eun·
699 4035 834 4079 noctwnos
850 4034 874 4078 et
890 4029 1000 4078 locam
1016 4028 1058 4076 oir
1073 4025 1227 4076 chrtuimur

134 4107 198 4156 dem
214 4101 662 4164 ismetitrrumiimoremapiaro-
700 4105 788 4168 Scipio
815 4105 961 4154 intuuntur
987 4108 1010 4152 et
1038 4103 1065 4150 in
1088 4100 1179 4150 robore
1203 4103 1227 4149 et

134 4181 209 4232 satu
227 4179 343 4242 Assyriis
361 4177 417 4242 (Od.
437 4177 467 4237 3,
487 4177 517 4238 i,
536 4177 587 4238 ³5.)
615 4189 662 4226 ex·
701 4179 806 4238 mairia
821 4179 939 4240 «κρίνοι.
964 4177 1044 4227 Tacit.
1058 4177 1125 4226 Ann.
1139 4173 1164 4236 t,
1177 4174 1224 4224 29:

134 4257 233 4320 pressit
251 4255 378 4306 ieremias
396 4255 429 4316 t,
452 4252 496 4303 tt:
520 4243 556 4301 Ἡ
570 4251 662 4321 papi·
700 4253 779 4304 rohur
803 4258 826 4303 et
849 4265 942 4302 maim
967 4256 1012 4301 out
1035 4249 1227 4313 puniacum

136 4345 188 4400 rpa
205 4325 302 4382 αὐτῶν
314 4325 354 4392 ὥς
364 4325 460 4391 τάφος
470 4322 659 4394 ἀνεῳγμένος.
698 4341 793 4390 poscor
817 4327 940 4377 minitari.
976 4325 1030 4376 Cir.
1045 4325 1138 4375 Festus
1156 4323 1183 4372 in
1199 4335 1224 4372 v.
