3080 4980
568 409 626 462 ΗΒ.
648 414 665 460 l.
703 413 730 460 C.
751 412 806 466 vti.

250 564 397 652 t'ndiquc
420 564 605 652 decerptam
628 565 719 631 irouti
743 587 945 654 praeponere
970 567 1096 634 olivam.

336 687 495 752 Plurimus
518 687 551 752 in
577 687 706 752 lunonis
733 685 888 754 honorem

250 849 365 931 Aptum
386 844 473 911 dicet
495 845 588 932 equis
612 846 712 931 Argos
735 843 886 933 ditesque
908 847 1070 936 Mycenae.

336 969 384 1032 lle
408 987 469 1032 nee
491 977 555 1032 tam
578 967 703 1051 patiens
725 966 949 1034 Lacedaemon
1190 971 1227 1034 to

219 1223 242 1270 7.
262 1223 392 1284 decerptae
407 1221 491 1283 frondi
516 1222 625 1270 auctore
643 1219 753 1270 Erasmo
771 1221 798 1271 L.
829 1249 855 1257 —
883 1221 906 1269 9.
935 1221 994 1271 dicit
1019 1224 1064 1282 Se,
1092 1227 1196 1288 septem

179 1296 307 1354 Pottierii,
328 1295 388 1345 LCt.
409 1297 447 1358 (ut
466 1308 527 1353 nos,
546 1292 656 1354 lildidro
675 1298 701 1343 et
717 1296 823 1346 Seruius
841 1295 874 1344 ad
893 1299 956 1346 Aen.
978 1299 1001 1357 i,
1020 1299 1060 1347 28.
1081 1301 1120 1359 ll,
1140 1300 1195 1350 uis.

158 1377 160 1385 '
180 1370 247 1419 Dicit
264 1369 380 1434 praelert
398 1371 484 1431 Unger
501 1369 531 1417 V.
551 1370 578 1417 li.
598 1382 624 1432 p.
644 1370 711 1430 377.)
737 1397 763 1405 -
788 1371 827 1419 i0.
848 1373 887 1420 lie
904 1385 948 1419 nee
965 1370 1046 1432 bSTe‚
1067 1375 1130 1422 LCt:
1159 1378 1199 1424 Mc

177 1457 256 1506 mpero
271 1442 354 1494 Bentl.
378 1444 410 1494 li.

147 1667 279 1718 nutriendi
297 1667 413 1716 serravit
425 1677 509 1730 usque
527 1665 562 1716 ad
574 1667 673 1716 lioratii
710 1677 785 1728 ceper
801 1668 910 1716 moritur
924 1667 1066 1732 aipitcado:
1090 1671 1136 1719 „p
1165 1674 1232 1726 Cum

147 1746 271 1792 aetatem.
308 1739 402 1791 Strabo
424 1742 448 1790 9.
471 1755 499 1804 p.
518 1741 579 1791 388:
611 1739 673 1790 ἐστὶ
711 1743 801 1790 autem
819 1743 891 1790 recte
910 1742 1130 1794 dicaturmuttum
1146 1751 1233 1799 assata

146 1815 174 1866 dl
192 1817 243 1866 καὶ
260 1811 395 1881 τὸγένος
416 1812 473 1864 τῶν
495 1813 588 1866 ἵππων
609 1809 673 1886 ἄρι-
710 1813 849 1878 aliqucra,
868 1816 928 1876 tuit,
947 1819 992 1879 qui
1004 1819 1160 1881 corrigeret:
1178 1824 1235 1873 Plu·

145 1906 215 1940 στον
237 1886 272 1940 τὸ
287 1882 451 1960 Ἀρκαδικὸν
474 1887 606 1959 καθάπερ
623 1891 674 1940 καὶ
710 1891 790 1938 rimus
807 1892 834 1939 ira
849 1891 951 1940 maone
967 1892 1067 1942 donoro.
1104 1895 1156 1944 Sed
1175 1897 1234 1948 nul-

146 1962 180 2016 ιό
197 1959 363 2036 Ἀργολικὸν
383 1965 433 2014 καὶ
455 1961 488 2015 τὸ
508 1959 673 2034 ’Enrdaapa-
711 1963 767 2014 lum
785 1965 916 2015 eiusmodi
934 1967 1133 2018 consuetudinis
1145 1983 1235 2021 exem-

146 2037 207 2090 κόν.
245 2042 372 2102 Mycenas
399 2042 462 2089 tune
484 2053 592 2090 eversas
614 2055 674 2090 me·
710 2039 786 2102 plum
797 2038 890 2098 attulit,
910 2054 951 2099 no,
971 2055 1004 2090 ne
1017 2041 1168 2094 subiectum
1186 2045 1235 2095 de-

147 2117 232 2164 meret
249 2117 360 2178 propter
376 2114 492 2178 priscam
510 2113 619 2176 gloriam
632 2116 674 2163 at-
711 2116 817 2174 iioeret,
841 2113 1039 2178 languidissime
1056 2117 1236 2181 supplendum

147 2201 199 2251 que
225 2188 399 2252 opulentiam.
435 2188 507 2237 lnter
528 2187 577 2237 alia
599 2188 674 2238 testi·
712 2189 780 2239 loret
797 2187 937 2252 «aliquis»
972 2192 1026 2240 Neo
1048 2191 1234 2256 dubitandum,

147 2264 236 2314 monia
256 2265 344 2325 Unger
359 2276 386 2326 p.
400 2262 456 2312 373.
477 2262 554 2312 ailert
565 2264 672 2313 Luoinn.
712 2267 741 2314 ut
759 2263 820 2313 iecit
836 2262 891 2324 ille,
911 2265 945 2314 de
957 2266 1095 2315 Latinitate
1113 2271 1237 2318 constru-

148 2336 297 2400 Contempl.
312 2337 356 2386 23:
376 2333 510 2402 Μυκῆναι
522 2333 675 2401 ,τάλαιμὲν
713 2339 806 2389 ationis
828 2341 856 2388 in
876 2340 1001 2390 tenorem
1038 2340 1142 2400 Quintil.
1167 2343 1190 2403 t,
1212 2345 1234 2406 t,

146 2403 223 2476 ἦσαν
242 2406 421 2475 εὐδαίμονες,
439 2407 492 2463 νῦν
515 2410 546 2462 δὲ
571 2408 675 2476 τεθνή-
712 2413 741 2462 6:
769 2414 796 2462 ia
820 2427 895 2462 semus
919 2415 1045 2464 nooman.
1081 2415 1118 2465 ld.
1147 2418 1186 2476 ti,
1210 2420 1235 2478 2,

145 2503 223 2537 κασι.
244 2490 271 2537 et
287 2486 415 2537 Mundum
433 2487 578 2538 Munatium
595 2487 673 2537 Anth.
714 2489 757 2537 tt:
776 2489 804 2537 in
820 2488 938 2538 honorem
952 2490 1080 2539 victoriae.
1116 2493 1234 2555 Propert.

147 2562 199 2612 Pal.
220 2563 298 2625 ll.p.
321 2561 365 2610 36:
398 2555 434 2610 Ἡ
452 2558 675 2632 πολύχρυσος
712 2561 781 2622 l,6,
801 2562 844 2612 43:
865 2563 1238 2616 Caesaririaoomenduemr-

146 2633 200 2702 ἐγώ
218 2631 253 2686 τὸ
272 2632 361 2686 ,τάλαι
379 2632 462 2699 πόλις
479 2665 494 2675 -
511 2633 676 2702 -Μηλόβο-
712 2643 755 2686 tra·
770 2639 895 2687 camina.
932 2639 985 2688 Ltv.
1004 2640 1028 2700 Ξ,
1048 2640 1092 2688 27:
1113 2643 1179 2702 qaod
1193 2643 1237 2704 sa·

145 2725 195 2774 τος
224 2716 326 2776 κεῖμαι
350 2711 400 2761 καὶ
427 2707 576 2776 βούνομος
603 2705 675 2761 ἔνθα
713 2712 758 2761 cite
774 2712 914 2774 apparebat
933 2727 983 2763 non
1000 2719 1052 2762 tam
1069 2715 1103 2762 ad
1119 2715 1238 2766 ammeta

146 2783 288 2852 Μυκήνη,
313 2783 375 2835 Τῶν
398 2784 441 2835 ἐπ’
459 2785 527 2850 ἐμοὶ
542 2782 675 2852 μεγάλων
712 2789 765 2837 eius
780 2787 876 2849 sactum
893 2789 943 2837 cet.
963 2788 1016 2838 Cir.
1036 2789 1122 2850 Unger
1138 2803 1165 2853 p.
1179 2790 1235 2840 379.

147 2854 676 2926 οὔνομ’ἵκουσαμόνον.-Ηοοίςίωτ
746 2862 769 2910 9.
800 2862 871 2925 dieat]
893 2863 1055 2912 auctoritate
1073 2863 1156 2912 Codd.
1176 2863 1239 2914 huic

146 2937 223 2988 dicit:
250 2934 392 2998 «Singulae
415 2935 469 2985 lere
487 2937 612 2986 Graeciae
630 2950 675 2998 ref
713 2935 769 2986 lere
790 2949 840 3000 par
861 2938 903 2986 est
918 2934 996 2986 lectio
1018 2936 1084 2985 dicit.
1121 2935 1237 2986 Alteram

148 3013 241 3075 pones
259 3023 324 3060 suos
342 3011 502 3060 invenerunt
512 3009 673 3072 laudatores,
712 3023 784 3059 nune
805 3008 935 3074 praetuli,
959 3013 985 3060 et
1005 3011 1066 3072 quia
1089 3011 1128 3059 sie
1150 3011 1237 3060 minus

146 3088 202 3138 sive
219 3079 455 3150 e‘powipaaearum
467 3087 676 3148 composuerunt
712 3083 872 3134 offendimus
900 3085 927 3132 in
951 3096 977 3132 u.
1001 3083 1144 3144 plurimas,
1175 3097 1237 3134 cum

146 3163 203 3212 sive
230 3159 262 3210 ἐν
289 3154 406 3228 παρόδῳ
427 3172 522 3210 eanum
542 3160 675 3209 memine-
711 3157 843 3223 permulta
872 3157 905 3206 de
934 3157 1009 3217 Argis
1043 3157 1160 3206 carmina
1194 3158 1238 3207 m'x

146 3238 221 3294 runt;
250 3247 300 3297 ego
322 3235 375 3283 iam
397 3233 500 3285 Tiburis
525 3235 674 3285 amoenita-
712 3231 872 3290 exstiterint,
892 3231 941 3280 etsi
958 3231 1138 3290 Pausaniasi,
1153 3229 1234 3290 i3‚8:

146 3313 201 3361 tem
219 3309 409 3373 praetlicahom
430 3337 458 3346 -
478 3312 528 3360 l’er
545 3309 610 3359 milri
621 3309 673 3359 mi·
712 3299 788 3357 οὕτω
806 3305 856 3354 καὶ
878 3299 894 3354 ὁ
917 3302 975 3353 τῶν
991 3303 1153 3374 ἐπιχωρίων
1169 3301 1236 3370 ἐξη-

145 3399 205 3436 rum
227 3383 341 3444 accidit,
365 3397 427 3434 oum
447 3383 585 3444 viderem,
608 3387 674 3446 quot
711 3377 802 3449 γηιὴς
818 3380 946 3442 Asuuius
963 3373 1104 3450 (Appetop)
1123 3378 1153 3430 ἐν
1169 3373 1237 3430 ἔπε-

146 3458 298 3522 tragoedias
321 3459 459 3508 excitarint
480 3459 615 3509 novissimi
632 3459 674 3508 in-
711 3471 758 3507 σιν
775 3453 897 3526 εἴρηκεν,
916 3457 944 3504 et
960 3455 1022 3518 quia
1040 3457 1113 3517 grata
1125 3457 1236 3505 variatio

146 3535 281 3597 terpretes
307 3535 334 3583 in
359 3547 411 3584 usu
432 3548 457 3582 v.
478 3534 605 3596 plurimae
625 3545 673 3597 pro
710 3532 872 3593 laudabant,
896 3531 961 3580 Sunt
982 3530 1070 3592 palbras
1091 3535 1138 3590 est,
1162 3531 1232 3579 dicet.

147 3607 288 3672 «plurimi,
307 3607 457 3674 permulti.»
493 3609 545 3658 Sed
563 3620 674 3670 quomo-
710 3609 766 3658 Hoe
783 3605 849 3656 volt:
881 3605 967 3655 «Fieri
985 3606 1065 3654 etiam
1083 3606 1183 3668 potest,
1207 3605 1262 3652 ut-

146 3682 200 3744 do,
237 3696 359 3746 quaeso,
395 3681 470 3734 aliter
504 3681 675 3746 explicabunt
709 3693 779 3732 unus
813 3683 842 3730 et
876 3679 943 3730 alter
979 3681 1062 3742 Argos
1096 3677 1234 3728 celebrem

150 3757 215 3820 virg.
244 3760 291 3807 Ge.
319 3759 344 3818 ἱ,
371 3759 431 3808 tes:
462 3762 546 3808 tracta
569 3771 674 3820 turpare
710 3755 808 3807 malit.»

146 3832 251 3882 oleaster
278 3833 363 3882 eodan
389 3833 526 3893 Plurimus,
562 3833 588 3882 id
620 3829 670 3893 es't,
744 3831 836 3880 itti.
856 3827 977 3892 nectam]
996 3828 1038 3877 Sic
1051 3826 1134 3878 Codd.
1155 3829 1233 3877 Bent-

149 3905 273 3970 «plurimi
291 3905 425 3956 oleastri.»
460 3908 563 3956 Gratius
580 3907 625 3957 29:
644 3911 672 3954 at
708 3903 774 3955 letus
787 3905 864 3954 tacite
876 3903 982 3966 scripsit
992 3915 1071 3963 acque
1086 3907 1147 3962 tam,
1167 3903 1228 3965 quia

147 3993 243 4030 minan
260 3981 389 4042 concipiat
400 3987 483 4044 terpo,
501 3982 522 4029 ri
539 3982 671 4042 qumquam
709 3981 840 4038 Horatius,
854 3981 883 4027 ut
893 3977 1038 4036 Lucretius,
1052 3977 1154 4026 variare
1165 3976 1232 4026 solet

148 4060 180 4102 est
198 4055 336 4116 plurimas,
363 4055 463 4104 torem.
504 4055 559 4105 Val.
584 4054 668 4106 Flore.
707 4069 817 4117 aeque-
836 4067 892 4114 aar,
922 4065 966 4102 aar
987 4079 1001 4088 -
1022 4065 1109 4113 aeque.
1154 4053 1184 4100 li.
1212 4051 1228 4099 l.

149 4127 171 4186 c,
189 4130 251 4180 223:
270 4129 386 4178 Saaidaa
396 4131 519 4193 perictriea
532 4131 617 4194 l'apes,
630 4131 671 4180 cai
707 4131 817 4193 propter
833 4127 999 4192 praecedens
1020 4140 1044 4175 u.
1067 4127 1175 4187 ditesque
1192 4126 1231 4173 vi-

147 4203 257 4262 plurima
272 4205 341 4254 silvis
355 4205 491 4268 Paraipitat
501 4211 681 4255 materrraro-¹
709 4209 778 4254 tasse
801 4203 906 4252 ridetur
927 4201 1042 4252 eundem
1064 4201 1164 4249 exitum
1185 4211 1231 4248 ae-

149 4291 199 4326 ror.
238 4280 329 4329 iuven.
353 4279 377 4338 3,
400 4279 461 4329 232:
491 4280 614 4329 Plurimus
632 4280 671 4329 tie
707 4293 761 4340 pac.
792 4303 818 4314 -
842 4275 949 4338 paticus]
976 4268 995 4338 ἡ
1021 4268 1155 4336 dranum}
1181 4273 1230 4322 καὶ
1277 4318 1280 4326 .
