2998 4980
679 391 807 442 nostru
824 391 991 442 4444444444

451 557 454 563 ’
552 547 680 612 Possint
701 547 906 634 imperiosius

468 705 622 792 Aequor?
643 707 712 771 Non
734 704 790 770 tibi
813 715 887 771 sunt
909 704 1161 792 integralium,

468 828 538 892 Non
559 827 609 904 di,
633 847 716 914 quos
740 827 856 893 iterum
878 847 992 915 pressa
1014 847 1113 893 voces
1135 826 1228 894 malo.
1341 825 1381 888 46

512 948 666 1030 Quamvis
688 948 818 1015 Pontica
840 948 949 1035 pinus,

554 1069 659 1136 Silvae
681 1068 746 1136 lilia
768 1068 903 1144 nobilis,

469 1221 571 1286 lactes
593 1229 624 1285 et
646 1239 749 1306 genus
772 1229 804 1284 et
826 1238 942 1285 nomen
965 1217 1092 1298 inutile3

366 1456 406 1505 46.
412 1456 545 1519 44444444.
556 1455 687 1506 Heinsius.
700 1482 727 1492 —
739 1454 778 1504 43.
789 1454 1058 1518 uentosissimum
1067 1454 1174 1518 (omisso
1184 1451 1267 1504 altero
1276 1453 1309 1518 et)
1321 1455 1348 1504 T.

300 1653 351 1702 hae
368 1653 496 1715 imagines
513 1651 547 1702 ad
559 1664 640 1703 uuam
651 1664 748 1702 navem
765 1663 824 1702 ma·
860 1650 921 1700 Her.
936 1650 976 1712 46,
995 1650 1056 1699 tte:
1075 1649 1170 1711 Accipit
1186 1653 1209 1699 et
1221 1649 1389 1712 4444444444)-

299 1727 395 1778 44444444
411 1728 570 1788 referuntur,
589 1739 677 1789 neque
691 1727 760 1775 inter
772 1725 824 1774 hu·
855 1726 906 1786 pis
925 1725 1026 1774 46444444
1042 1725 1106 1776 deos.
1130 1725 1202 1774 Pers.
1215 1723 1239 1784 6,
1252 1723 1299 1773 3⁰:
1321 1724 1389 1774 44444

300 1803 341 1852 ius
358 1807 481 1851 4444444444
496 1802 523 1850 44
542 1799 618 1850 linteo
640 1799 730 1863 plures
753 1800 824 1849 eori-
859 1799 1024 1861 ipseinlitore
1035 1798 1237 1862 etuoalogentes
1248 1799 1389 1864 depuppe

298 1890 356 1937 nae,
381 1875 417 1938 (id
440 1877 496 1936 ast,
521 1877 552 1923 ut
571 1873 653 1924 voluit
672 1887 822 1925 nonnemo:
860 1875 907 1924 dei.
948 1872 1036 1924 Altera
1065 1871 1203 1936 explicatio
1231 1873 1300 1923 haee
1329 1877 1386 1924 est:
1496 1911 1497 1920 .

300 1963 498 2014 «quaeeunque
522 1947 588 1999 aliae
611 1961 693 2000 naves
718 1951 826 2013 praeter
862 1950 931 1998 «Neo
955 1948 1007 1998 iam
1030 1947 1056 1998 di
1080 1947 1128 1996 tihi
1145 1947 1233 1996 lavant
1250 1948 1388 2010 (universi,

300 2027 326 2074 te
343 2023 450 2075 funibus
467 2025 605 2088 carentzul
625 2025 758 2089 interponi
774 2038 825 2088 po-
861 2035 915 2072 non
929 2021 1016 2072 solum
1032 2022 1126 2072 marini
1150 2023 1178 2072 et
1192 2022 1333 2080 Castores.
1358 2027 1390 2074 ut
1496 2070 1497 2084 ,

302 2101 397 2149 terant.
433 2099 591 2149 Necessario
611 2100 690 2162 igitur
706 2101 825 2150 statuen-
860 2096 915 2148 volt
932 2098 1008 2161 HP.):
1025 2097 1120 2148 trustra
1136 2109 1199 2160 ergo
1216 2109 1264 2147 eos
1279 2097 1390 2147 invoca·
1496 2087 1497 2106 ¹

300 2174 366 2224 dum
383 2172 512 2224 adversus
527 2171 664 2236 uolgarem
679 2175 825 2224 consuetu·
859 2174 963 2222 veris.»
1008 2173 1083 2222 Prior
1118 2171 1245 2221 monente
1282 2169 1389 2222 Halmio

300 2249 406 2309 dinem,
432 2247 555 2312 exemplo
578 2249 689 2300 tortasse
714 2247 824 2300 alieuius
860 2247 922 2296 ideo
958 2249 1096 2310 proestare
1121 2245 1240 2305 uidetur,
1268 2245 1333 2308 quia
1362 2247 1389 2295 in

300 2324 456 2386 antiquioris
472 2326 583 2387 poetae,
600 2322 693 2388 plurali
711 2339 824 2376 numero
862 2321 1006 2387 praecedd.
1041 2319 1159 2382 reliquae
1195 2319 1269 2368 4444444
1295 2322 1389 2382 partes

302 2411 381 2448 usum
398 2411 458 2448 esse
475 2398 629 2459 Horatium,
649 2401 678 2448 ut
694 2413 775 2464 soeps
792 2401 825 2450 44-
862 2397 1061 2447 enumerantur.
1077 2394 1210 2458 -pretsoJ
1229 2394 1314 2443 «Cum
1326 2408 1391 2444 4444-
1496 2427 1497 2430 =

299 2473 383 2534 mina,
401 2477 465 2522 teoto
481 2472 515 2522 de
528 2485 581 2522 una
598 2472 688 2524 domo.
708 2475 826 2538 legeba—
861 2485 907 2522 sus
922 2469 1071 2534 perieulum
1086 2470 1113 2518 te
1130 2467 1260 2532 urgebit.»
1284 2466 1390 2520 Placuit
1496 2489 1497 2528 4

299 2551 344 2598 tur
367 2546 430 2597 olim
455 2547 527 2611 apud
551 2548 606 2598 Cio.
624 2547 659 2597 de
679 2549 721 2598 04.
739 2552 763 2611 4,
781 2549 823 2612 46,
861 2543 993 2595 nonnullis
1016 2545 1072 2594 Hic.
1091 2543 1189 2593 Heinsii
1207 2543 1276 2592 coni.
1290 2555 1391 2604 prenso

301 2623 363 2672 tito:
392 2623 457 2684 Quid
480 2627 533 2672 tum
552 2623 579 2671 io
593 2623 695 2686 surripio
711 2637 825 2674 44444444-
862 2621 897 2684 (in
922 2618 1005 2669 Codd.
1033 2619 1145 2681 Franeq.
1173 2618 1214 2667 est
1233 2630 1296 2678 pesa
1323 2631 1389 2668 eum

298 2698 368 2747 4444444
391 2711 468 2758 otium
491 2697 586 2758 tolero,
613 2711 690 2758 quom
711 2699 823 2760 44444444,
860 2691 971 2754 lineola,
1002 2691 1029 2742 id
1057 2694 1099 2742 est
1123 2690 1247 2754 pressa.);
1279 2692 1330 2741 sed
1360 2695 1390 2744 ut

300 2785 377 2836 quom
390 2785 481 2833 prora,
497 2785 574 2833 quom
586 2773 680 2834 puppis
695 2775 746 2823 444,
772 2774 825 2824 Sed
860 2771 934 2819 44444
958 2767 1054 2818 dicitur
1076 2767 1150 2816 nauis
1166 2779 1274 2827 prenso,
1296 2768 1390 2828 aepre-
1496 2805 1497 2808 ,

300 2859 371 2897 nune
397 2859 429 2895 ex
455 2845 539 2896 Codd.
564 2848 721 2896 auctoritate
739 2849 826 2898 editur
861 2837 1117 2892 ltertsovelabsolute
1135 2839 1191 2902 4044.
1204 2841 1229 2900 4,
1243 2842 1283 2900 46,
1296 2841 1332 2904 2.)
1343 2841 1389 2893 vel
1496 2853 1497 2908 4

299 2933 437 2981 erumnae,
464 2919 565 2982 idest,
593 2923 661 2972 teste
685 2923 775 2972 Servio
790 2923 824 2973 ad
861 2918 1011 2979 (4444444444
1025 2919 1182 2976 tenpestate,
1202 2915 1328 2977 4444444444,
1349 2919 1390 2968 sio
1496 2909 1497 2944 l

298 2999 364 3046 44444.
384 2995 409 3054 2,
429 2995 487 3052 itt,
512 2994 595 3047 fustes
619 2997 693 3046 curvi
717 2999 824 3048 navium
861 2993 949 3043 minus
974 2991 1095 3054 apposite
1116 2990 1221 3040 diceres
1238 2991 1390 3050 moenam
1496 3011 1497 3054 4

299 3069 349 3134 (die
365 3070 479 3134 Hippon),
499 3070 597 3133 quibus
609 3072 774 3122 extrinsecus
787 3074 825 3121 ta-
859 3067 935 3118 molo.
979 3065 1053 3115 ovid.
1079 3066 1149 3114 Fast.
1175 3063 1200 3125 4,
1227 3064 1289 3114 300:
1319 3068 1390 3118 Sedit
1496 3088 1497 3124 4

299 3144 378 3196 boloe
413 3145 562 3208 affiguntur.
614 3145 700 3197 Nolim
734 3149 823 3196 tamen
859 3146 946 3195 limoso
954 3154 1042 3204 presso
1052 3139 1144 3189 carino
1152 3140 1228 3201 444444,
1246 3139 1292 3190 uhi
1305 3141 1389 3194 Hein-

300 3220 380 3270 etiam
402 3219 428 3268 h.
452 3218 469 3269 1.
491 3218 580 3283 legere
606 3235 737 3272 cavense.
770 3222 824 3284 (Fi-
860 3221 914 3270 sius
931 3219 995 3267 item
1012 3215 1095 3266 voluit
1107 3227 1210 3275 44444444.

300 3295 405 3346 dentius
428 3308 499 3345 nunc
523 3295 557 3346 de
580 3309 633 3346 una
651 3298 741 3346 carino
752 3296 824 3346 aeci·
893 3293 933 3342 tt.
952 3288 1062 3354 Pontico]
1080 3290 1146 3349 Quia
1163 3289 1190 3339 ln
1204 3289 1289 3339 Ponto
1307 3301 1389 3352 prae·

300 3371 353 3434 pio,
372 3373 402 3418 ut
417 3369 487 3432 Virg.
507 3369 560 3419 Ecl.
580 3370 605 3429 6,
624 3371 665 3419 76.
696 3371 825 3420 Dulichios
859 3367 953 3420 stantis
969 3365 1098 3414 materiae
1115 3375 1210 3426 magua
1226 3366 1284 3414 erat
1299 3365 1386 3428 copie.

298 3449 367 3493 retes
394 3442 428 3492 de
457 3456 509 3492 una
542 3442 619 3494 illinis
653 3457 721 3494 nave
749 3445 822 3507 dixit,
861 3439 953 3493 Catuli.
971 3438 1001 3498 4,
1020 3438 1050 3488 a:
1069 3439 1336 3489 trueenwePoutiman
1352 3441 1389 3489 si-

300 3521 365 3569 lien.
383 3519 408 3577 t,
428 3517 468 3566 5³.
495 3531 619 3568 44444444
640 3531 689 3581 pro
709 3532 761 3568 una
778 3533 825 3569 ea·
859 3529 935 3576 oum,
962 3514 1006 3563 libi
1030 3515 1076 3564 iate
1094 3518 1152 3576 post
1167 3513 1284 3576 4444444444
1310 3519 1389 3565 antea

299 3605 396 3650 verue;
422 3605 486 3640 orae
509 3593 639 3656 imprimis
659 3592 755 3642 crebro
775 3606 825 3657 pro
858 3593 907 3656 soit
923 3590 1028 3640 04444444
1042 3589 1115 3638 44444.

300 3681 346 3718 ara
363 3679 424 3716 una.
442 3668 509 3716 Aen.
522 3667 547 3726 i,
566 3667 623 3717 202.
642 3666 666 3724 3,
680 3667 721 3717 63.
746 3671 826 3718 Grae·
894 3667 934 3716 it.
960 3663 1023 3730 tilio]
1047 3663 1088 3714 ild
1107 3659 1277 3712 Orientalium
1302 3673 1389 3724 genus

300 3755 332 3791 ca
350 3741 428 3790 huius
444 3754 509 3790 usus
528 3740 648 3805 exempla
667 3740 751 3791 multa
768 3742 825 3793 col·
861 3738 1096 3796 dicendiaeoedit;
1113 3736 1298 3787 verumetiam
1311 3736 1387 3786 Piud.

299 3814 361 3877 legit
382 3815 488 3864 Lobeek
510 3815 545 3865 ad
567 3817 647 3879 soph.
666 3816 738 3865 Alae.
756 3817 823 3880 234.)
861 3815 965 3878 Olymp.
988 3815 1028 3874 to,
1049 3814 1079 3862 t:
1108 3804 1250 3882 oipwiev
1274 3804 1389 3861 ὑδάτων
1496 3887 1497 3890 ¹

332 3891 357 3939 8.
392 3890 554 3954 insperiorios]
580 3891 679 3941 «nirnis
697 3891 825 3955 imperio-
857 3884 1018 3958 Ὂμβρὶων,
1053 3883 1162 3938 ratim
1189 3881 1320 3948 νεφέλας.
1359 3913 1386 3922 -

300 3977 375 4024 sum,
393 3977 521 4024 saevum,
545 3965 620 4014 cuius
637 3979 720 4015 caeco
736 3966 824 4028 impe·
859 3964 956 4028 nobilis]
975 3965 1074 4015 44444444
1086 3965 1113 4013 44
1125 3961 1159 4012 ab
1176 3959 1302 4012 omnihus
1314 3959 1388 4010 4444-
1496 4007 1497 4010 ,

299 4039 340 4089 rio
357 4039 410 4088 iem
427 4052 521 4102 parere
534 4039 680 4090 dehesnee
697 4040 824 4089 resistere
861 4041 991 4098 bremen
1016 4036 1112 4089 melius
1131 4037 1218 4096 euim,
1240 4037 1387 4100 praeeunte
1496 4037 1497 4098 ζ

300 4115 404 4178 potes.»
861 4111 1014 4166 Marklando
1032 4113 1067 4163 ad
1092 4113 1155 4163 Stat.
1175 4110 1235 4162 Silv.
1257 4109 1283 4170 4,
1300 4110 1326 4172 i,
1345 4109 1384 4160 64.

334 4191 374 4239 to.
399 4189 433 4254 444]
457 4191 536 4240 Hoste
555 4188 674 4253 plerique
692 4189 825 4252 intorpre-
861 4189 977 4250 iungitur
994 4201 1057 4238 eum
1075 4201 1101 4237 v.
1128 4187 1206 4236 444444
1220 4199 1303 4250 quam
1324 4197 1384 4235 444444

301 4267 388 4315 44444444
413 4264 446 4316 de
471 4263 550 4314 tutela
580 4265 695 4315 natium.
748 4263 823 4312 ovio.
862 4261 1386 4328 v.ttim.-puanuo--1aem--iss-
