3012 4978
663 419 790 477 Hostili
810 419 978 470 candiduli

492 575 733 663 Stesichorique
757 594 872 662 graves
897 575 1078 649 Camenae,

405 737 491 812 Nec,
517 736 543 800 si
566 733 646 822 quid
667 732 744 799 olim
765 709 841 798 lusit
863 733 1049 807 Anacreon,

406 856 532 924 Delevit
554 865 663 934 aetas3
687 855 789 942 spirat
810 852 916 920 adbuc
938 873 1029 918 amor

447 980 628 1065 vivuntque
651 976 814 1043 commissi
838 974 963 1042 calores

491 1099 621 1168 Aeoliae
643 1097 762 1164 fidibus
786 1095 923 1184 puellae.

407 1262 476 1325 Non
499 1258 567 1324 sola
590 1267 736 1345 comptos
759 1256 837 1322 arsit
859 1253 994 1322 adulteri

411 1381 524 1449 Crines
547 1391 579 1446 et
600 1400 716 1446 aurum
737 1377 882 1445 vestibus
906 1376 1018 1443 illitum

450 1503 560 1568 Mirata
584 1499 776 1588 regalesque
800 1498 904 1566 cultus

345 1712 369 1762 8.
389 1711 551 1762 Stesicitotioe
567 1710 595 1760 B.
617 1736 645 1746 -
665 1711 704 1760 is.
724 1709 863 1773 repotisque
880 1709 963 1760 Bch.

282 1900 383 1961 πολιος
400 1893 451 1960 τᾶς
467 1893 580 1960 ζαχόλω
600 1895 651 1946 καί
670 1893 807 1967 emotae
842 1897 991 1947 rcreeticm
1007 1897 1033 1947 in
1049 1897 1161 1958 scriptis,
1181 1895 1361 1948 Golbmcstan

280 1988 372 2039 μονος
386 1967 564 2023 Ἔστάσαντο
585 1967 726 2042 τύραννον
742 1971 805 2037 μέγ’
842 1973 881 2022 uis
892 1971 1016 2021 οοοίάίστι.
1048 1970 1189 2032 Gellius'i‚
1202 1973 1231 2021 ii:
1250 1970 1361 2020 Potiu·-

281 2050 442 2111 ἐπαινέντες
459 2042 585 2110 ἀόλλεες.
844 2045 952 2109 oppletis
978 2046 1244 2096 omnio--icmcntis
1266 2045 1360 2094 νιτίτοί

313 2126 338 2175 8.
362 2123 554 2187 Stesichorique]
574 2124 637 2173 Stat.
656 2120 717 2173 Silv.
736 2123 765 2181 t,
779 2121 804 2184 3,
843 2120 1004 2183 peameca.
1034 2147 1062 2158 -
1090 2121 1240 2186 Vtcumque]
1265 2119 1360 2184 Sappbo

283 2199 347 2250 itii:
366 2199 567 2259 Stesichorusque
585 2198 667 2262 serore.
698 2195 804 2257 Quintil.
844 2195 878 2246 de
895 2208 925 2244 se
943 2196 1001 2260 ipsa
1012 2195 1097 2258 Bergk
1108 2208 1135 2259 p.
1149 2196 1214 2246 6⁴6:
1238 2188 1301 2245 cit*
1319 2189 1360 2244 ἴον

283 2275 330 2334 40,
345 2275 374 2334 4,
389 2275 436 2323 et:
462 2273 579 2323 moceimo
595 2271 660 2322 belia
676 2277 699 2322 ct
715 2272 807 2320 claris-
843 2267 989 2335 ὀοκίμωμι
1006 2262 1359 2340 προσίδοισανφάοςὰλίω

281 2348 463 2399 sinmscecinit
480 2349 552 2396 duces
569 2351 592 2396 et
608 2347 671 2408 epici
687 2347 808 2396 carminis
836 2338 998 2395 Ἕσσεσθσι
1023 2345 1135 2405 σοφίαν
1160 2340 1304 2414 nepsam
1324 2341 1359 2402 είς

282 2435 360 2472 onera
381 2421 440 2482 ipro
465 2420 597 2470 sustinuit.
632 2421 720 2470 Reddit
741 2421 807 2470 onim
845 2414 950 2470 οὐδένα
963 2433 1007 2468 πω
1016 2415 1124 2489 χρόνον
1136 2415 1359 2470 Τοιαύτσν.Ροοί-

279 2494 394 2558 personis
416 2495 443 2542 in
462 2495 559 2557 spendo
578 2493 653 2542 simu
671 2494 808 2556 busendo-
845 2493 942 2559 dippus
966 2493 1045 2544 Antb.
1073 2491 1126 2543 Pal.
1153 2494 1184 2542 11.
1215 2506 1275 2557 pag.
1302 2490 1358 2541 78⁰:

283 2582 330 2632 quc
346 2567 455 2618 debitam
472 2568 636 2630 dicacitatem:
654 2580 708 2631 quo
725 2568 807 2618 reier·
844 2563 974 2630 Σσιτφώ,
1003 2567 1056 2617 σαί
1079 2563 1110 2616 δὲ
1134 2566 1259 2632 μένουσι
1282 2561 1359 2629 φίλης

282 2645 326 2693 tarr
344 2656 370 2693 v.
389 2655 489 2706 proces.
844 2637 887 2693 ῗτι
903 2643 952 2694 καί
973 2642 1128 2706 μενέουσιν
1142 2635 1244 2707 Ὠιδῆς
1259 2641 1291 2690 αἱ
1303 2639 1359 2690 tta-

314 2717 408 2766 9-42.
427 2717 571 2778 Anacreon]
597 2715 808 2780 «siqnidlevio-
844 2718 894 2768 καί
919 2712 1118 2783 φθεγγόμεναι
1140 2713 1260 2779 σελίδες.
1293 2711 1357 2766 Pind.

282 2792 333 2852 ris,
365 2792 496 2856 imprimis
518 2792 640 2841 amatorii
659 2792 808 2855 argumenti
844 2794 921 2843 Nem.
949 2790 978 2852 4,
1006 2792 1039 2841 6;
1065 2786 1157 2855 ‘Pipa
1179 2787 1359 2864 ‹Ya’pypdsce

282 2868 430 2917 tractavit.»
442 2869 553 2931 Propter
569 2864 709 2917 nonnullos
725 2865 809 2917 lecto-
844 2861 1035 2937 χρονιώτερον
1051 2861 1186 2927 βιοτεύει.
1218 2869 1273 2918 44οο
1291 2866 1359 2928 igitur

281 2955 326 2992 res
344 2940 508 2992 monendum
525 2941 609 3002 duco,
635 2942 719 3004 ipsius
736 2945 808 2991 Ana·
845 2941 922 2992 dicit:
943 2941 1112 2992 «Gratissimo
1124 2953 1208 2992 sensu
1220 2943 1358 2992 etiamnunc

282 3017 398 3066 creontis
423 3028 470 3067 eas
495 3015 632 3066 dumtaxat
658 3029 718 3067 esse
743 3015 808 3066 reli·
844 3015 1022 3066 nosaificiuut
1039 3027 1161 3076 amores,
1180 3012 1358 3078 quosSappbo

282 3092 373 3154 quiae,
401 3103 468 3154 quas
494 3102 580 3154 nuper
605 3090 688 3141 edidit
704 3091 804 3142 Theod.
844 3091 899 3142 suis
917 3089 1080 3141 carminibus
1097 3093 1237 3153 tamqnam
1259 3097 1358 3140 arcanas

281 3165 375 3228 bergis.
395 3165 498 3228 Lipsiae
510 3163 584 3215 4834.
603 3166 630 3216 et
641 3165 804 3217 Schneidew.
843 3165 960 3229 pectoris
978 3177 1057 3214 curas
1075 3163 1243 3215 concredidit
1262 3164 1319 3228 (Sat.
1334 3161 1355 3218 4,

283 3241 309 3290 in
332 3237 440 3289 Delectu
467 3240 537 3297 cet.;
573 3238 715 3290 subditicia
740 3252 806 3290 vero
844 3241 873 3301 4,
891 3238 986 3302 30sq.)
1012 3238 1161 3302 iisdemque
1178 3234 1358 3289 admirabiliter

283 3313 380 3364 Oderia
396 3310 438 3362 illa
455 3313 615 3376 aStepbuno
632 3314 748 3378 primum
765 3327 808 3364 re-
844 3315 1001 3379 expressit.»
1019 3339 1049 3349 -
1069 3315 1164 3377 iunge:
1182 3310 1358 3375 connitenti

283 3391 366 3453 perta.
383 3415 410 3424 -
428 3389 468 3437 De
484 3388 553 3437 miro
563 3389 675 3439 Acronis
690 3386 805 3439 scholio:
844 3389 889 3438 bus
898 3389 997 3439 Δοοίίσι
1010 3387 1139 3450 (Lesbiae)
1149 3391 1249 3451 positos
1260 3383 1355 3452 (geniti.

284 3466 438 3512 «Anacreon
454 3463 544 3511 autem
556 3463 679 3525 satyram
691 3463 806 3526 scripsit,
844 3463 893 3515 Alii
903 3465 991 3514 minus
1002 3461 1072 3513 benc
1089 3463 1189 3513 Aeolios
1201 3463 1299 3526 ρσιίίοι
1315 3469 1356 3523 pro

283 3537 386 3587 amicus
403 3535 541 3597 Lysandri.
560 3535 609 3587 Alii
621 3537 721 3598 dicunt,
735 3537 807 3600 quod
844 3539 932 3590 dativo
944 3537 1045 3589 babent
1063 3535 1112 3586 «ab
1125 3535 1216 3588 Aeolia
1227 3533 1332 3603 puella.»

285 3609 391 3672 scripsit
424 3609 520 3659 Circen
546 3612 573 3660 et
601 3610 752 3675 Penelopen
782 3612 807 3660 in
878 3611 987 3662 43-44.
1006 3611 1082 3676 ursit]
1102 3623 1210 3662 «amore
1231 3612 1303 3676 capte
1321 3607 1355 3656 etl

283 3696 337 3734 uno
353 3681 530 3734 laborantes.»
550 3684 606 3746 (0(4.
619 3687 628 3734 4
641 3686 701 3748 ,tc
713 3685 744 3736 49
755 3685 807 3748 sq.)
844 3685 980 3751 eleganter
1005 3687 1106 3752 compti
1131 3687 1270 3750 ornatique
1290 3677 1356 3734 adui-

283 3758 331 3809 cir.
358 3757 443 3820 Bergk
469 3762 563 3810 Anser.
587 3773 647 3825 pag.
668 3762 707 3811 44.
734 3761 806 3813 Bode
844 3763 919 3814 teri.»
939 3763 1085 3822 construe,
1103 3763 1133 3812 ut
1150 3763 1192 3812 est
1209 3759 1278 3825 apud
1292 3757 1353 3816 virg.

285 3833 369 3884 (ἔτεσί.
388 3833 433 3882 dar
448 3847 488 3896 pr.
506 3835 589 3884 Poi'sie
606 3837 635 3894 2,
649 3835 693 3896 49,
706 3837 731 3886 2.
745 3849 805 3901 pag.
845 3837 899 3890 Ecl.
918 3839 949 3896 i,
968 3838 979 3887 4
994 3852 1000 3885 :
1027 3842 1118 3900 postor
1134 3837 1249 3898 Corydon
1265 3829 1356 3884 ardoldi

284 3908 341 3958 3644.
370 3933 397 3944 -
427 3907 522 3972 spirat]
545 3909 587 3959 Sic
605 3909 755 3960 Simonides
773 3910 807 3962 de
844 3913 952 3963 Aiacis:
978 3912 1042 3962 arsit
1066 3912 1162 3974 οιίιιοτ,
1189 3923 1230 3962 aas
1253 3907 1353 3958 mirata:

283 3984 450 4032 Anacreonte
476 3983 553 4032 Anth.
578 3980 632 4034 Pal.
652 3985 671 4033 1.
696 3997 722 4048 p.
741 3983 805 4035 3⁴3:
845 4001 899 4038 non
911 3999 974 4038 cum
991 3985 1060 4036 aliis:
1080 3987 1158 4049 arsit,
1170 3981 1351 4036 marsicam·

277 4051 326 4118 ’Ὀς
343 4055 476 4127 Χαρίτων
489 4058 623 4109 avelona
633 4056 716 4124 insin.
731 4061 808 4110 τινεί-
844 4062 976 4127 Aristopb.
996 4059 1097 4114 Eccles.
1117 4060 1182 4112 sot:
1212 4054 1291 4110 Πάνυ
1305 4047 1352 4120 γάρ

286 4146 356 4182 οντα
380 4130 403 4181 d'
418 4127 548 4204 Ἐρώτων
574 4128 630 4184 Τὸν
656 4129 761 4201 γλυκὺν
778 4133 809 4198 ἐς
844 4149 887 4199 τις
903 4129 976 4208 ῗρως
992 4150 1030 4200 με
1040 4133 1122 4186 δονεῖ
1131 4128 1288 4186 Τῶνδετῶν
1302 4121 1353 4178 adr

286 4205 393 4258 παίδων
419 4205 518 4279 limpor
544 4203 706 4279 ἡρμόσατο.
750 4210 805 4260 Cic.
844 4205 1025 4282 βοστρύχων.
1047 4235 1074 4246 -
1093 4223 1187 4260 conam
1202 4205 1301 4260 omitit
1314 4198 1354 4250 ils*

285 4285 355 4334 Brut.
374 4283 423 4336 ei:
454 4284 554 4338 Videtur
569 4284 649 4337 Laelii
663 4297 731 4338 meris
755 4287 808 4348 spi-
845 4286 905 4351 usn]
923 4285 1005 4338 veluti
1021 4286 1186 4349 inspersum,
1205 4274 1352 4335 devestire
