3002 4974
562 456 620 504 tto.
640 456 670 505 ΙΙ.
707 457 735 505 C.
755 457 819 506 Xlss.

302 611 387 689 Quin
409 620 441 676 et
463 609 675 676 Prometheus
697 620 729 677 ot
751 611 880 699 Pelopis
892 588 1023 699 'parens

301 731 394 798 Dulei
417 730 565 798 laborum
587 730 749 820 decipitur
769 753 866 812 sono;

347 855 413 920 Nec
436 863 528 920 curat
550 853 652 920 Orion
674 853 786 921 leonas

386 978 447 1040 Aut
469 975 598 1041 timidos
621 977 742 1064 agitare
763 975 886 1066 lyncas.
1179 983 1220 1046 to

198 1201 238 1252 38.
259 1202 370 1251 taboram
386 1201 440 1262 BT,
459 1216 500 1266 pr.
520 1216 548 1262 o,
568 1215 608 1266 pr.
628 1201 658 1262 d,
677 1201 848 1263 Bodleiauus‚
874 1215 929 1253 var.
948 1203 1008 1254 lect.
1030 1204 1184 1268 colbertini,

162 1277 282 1339 quinque
305 1277 432 1336 Pottierii,
460 1279 525 1327 Lat
544 1277 690 1339 uenturus,
717 1277 802 1328 tabere
823 1294 856 1328 ω.
894 1279 933 1340 (Ut
949 1292 1012 1341 nos,
1039 1279 1089 1342 bs,
1116 1295 1184 1332 corr.

162 1353 223 1400 cet
240 1351 277 1412 d.)
296 1377 322 1386 -
342 1351 383 1402 4⁰.
403 1353 503 1402 timidas
520 1353 556 1412 Τ,
575 1349 666 1417 βκμξ,
686 1365 754 1403 corr.
774 1369 805 1402 ω.
826 1353 886 1414 (non
905 1352 1018 1416 BbScd.)

127 1551 206 1622 ὁμοῦ
228 1561 293 1618 ταῖς
315 1554 346 1606 ἐν
368 1553 404 1627 τῇ
425 1552 538 1626 κεφαλῇ
560 1553 655 1628 θριξὶν
691 1570 745 1607 non
761 1571 844 1608 vero:
875 1559 1080 1610 «Prometheum
1105 1561 1131 1610 in
1151 1561 1219 1611 Orco

127 1628 216 1681 etvar-
245 1635 308 1692 τοῖς
335 1628 366 1680 δὲ
393 1625 558 1698 ἀγάλμασιν
587 1626 654 1683 οὔτε
692 1632 826 1681 retineri.»
847 1659 874 1668 -
896 1633 991 1694 Pelopis
1003 1635 1106 1698 parare]
1125 1636 1220 1685 Tanta-

125 1703 247 1769 τούτοις
273 1697 388 1756 ἔπεστιν
414 1701 499 1758 οὐδὲν
524 1703 654 1777 φοβερὸν
691 1704 746 1766 lus,
766 1705 862 1768 Odyss.
880 1705 905 1769 λ,
924 1708 981 1758 586.

126 1777 196 1834 οὔτε
219 1774 278 1832 ὅσα
299 1775 373 1832 ἄλλα
395 1787 487 1832 κεῖται
505 1779 581 1833 θεῶν
598 1779 654 1833 τῶν
724 1780 764 1831 38.
784 1781 899 1832 totamm
915 1783 1046 1847 decipitur]
1065 1783 1102 1834 Ex
1118 1773 1218 1834 Greaea

126 1851 285 1923 ὑπογαίων.
304 1855 428 1920 Aeschyl.
442 1858 561 1921 Choeph.
575 1857 653 1909 ⁴048:
692 1857 904 1918 construetione,
948 1855 1120 1909 κλέπτεσθαι
1161 1855 1219 1910 τῶν

125 1931 190 1983 alae
215 1928 366 2003 Γοργόνων
389 1929 472 1998 δίκην
493 1933 654 1992 Φωοχίτω-
692 1925 801 1992 πόνων,
827 1934 853 1981 et
870 1931 987 1982 Plautina
1004 1933 1082 1996 fallor
1100 1936 1220 1984 sermonis

124 2024 174 2072 νις
190 2006 517 2074 καὶπεπλεκτακημένσι
527 2008 654 2070 Πυκνοῖς
693 2005 767 2069 Epid.
786 2007 815 2066 6,
842 2007 871 2066 2,
897 2007 949 2066 55.,
973 2007 1072 2068 idest,
1101 2007 1219 2058 «oblivi-

124 2079 295 2153 tpa'aooarv.
311 2083 417 2146 Orpheo
429 2084 525 2145 Hymn.
539 2084 580 2134 69.
593 2087 656 2134 sunt
692 2081 803 2129 senatur
825 2094 1000 2144 poenarum.»
1035 2082 1066 2131 Et
1090 2083 1160 2132 hano
1179 2081 1219 2133 te-

125 2153 356 2221 ὀφιοκλόκαμοι.
403 2155 496 2208 Catull.
522 2157 566 2218 66,
592 2158 653 2208 ⁴93:
692 2155 806 2204 ctionem
827 2155 986 2206 confirment
1007 2159 1090 2217 Acro,
1120 2158 1216 2222 Porph.

123 2233 288 2293 Eumenidas,
307 2231 396 2294 ᾳιιίὸιιι
409 2232 520 2295 onpuino
537 2233 654 2282 redimita
692 2231 794 2280 Comm.
825 2232 906 2293 Cruq.
935 2234 985 2282 Pro
1018 2230 1101 2282 altera
1130 2233 1218 2283 minue

124 2309 218 2372 capillo
235 2309 314 2357 Frons
333 2307 486 2370 exspirantis
504 2313 655 2370 praeportat
692 2303 832 2368 probanda
854 2305 966 2354 taboram
989 2306 1104 2356 atterunt
1120 2307 1173 2356 Set.
1192 2307 1217 2366 2,

121 2383 234 2447 pectoris
249 2383 311 2432 tras.
333 2380 580 2445 —Contemplator
602 2383 653 2432 Fu·
691 2379 719 2439 t,
747 2379 810 2431 tto:
839 2380 895 2430 Iam
918 2381 976 2430 otro
1002 2395 1138 2443 quaereas,
1165 2382 1219 2430 tam

124 2459 181 2508 n'ae
208 2459 331 2508 Orestem
351 2455 539 2520 persequentis
560 2457 654 2519 imagi·
690 2465 775 2504 sorano
795 2455 884 2518 [attere
905 2469 1007 2514 aarum
1032 2457 1096 2506 item
1113 2457 1166 2506 Sat.
1186 2457 1215 2516 2,

125 2546 190 2583 nem
214 2531 285 2595 apud
306 2529 437 2594 Millingen
460 2529 543 2581 cohitt
564 2533 591 2581 T.
611 2531 651 2581 29.
690 2529 718 2589 Ξ,
738 2530 778 2580 tt.
798 2533 825 2580 et
842 2530 916 2580 Ovid.
936 2532 997 2580 Met.
1017 2532 1046 2590 6,
1065 2531 1112 2582 60:
1137 2532 1219 2580 studio

126 2635 154 2644 -
173 2606 332 2670 recreantur]
350 2603 494 2665 «levantur,
515 2609 653 2657 cessante
689 2604 789 2668 fallam
805 2605 929 2665 taboram
957 2606 1059 2669 itaque,
1079 2609 1108 2656 ut
1126 2606 1218 2656 adoci-

123 2683 258 2746 perpetuo
271 2683 358 2740 motu,
378 2693 431 2743 quo
444 2681 544 2730 circum
558 2681 654 2731 Eume-
689 2692 769 2743 pere,
788 2679 878 2730 tallere
895 2679 1033 2731 laborem»
1047 2681 1157 2742 dicatur,
1177 2682 1216 2731 sic

125 2756 221 2807 nidum
239 2755 324 2818 capita
341 2753 505 2804 vibrantur.»
691 2753 1217 2820 etiampossedioi:‹sdeaipiorlaboremo

158 2831 199 2881 ot.
218 2829 382 2893 Prmwtteas]
401 2829 478 2894 Apud
489 2828 653 2892 Aeschylum
723 2829 763 2879 39.
783 2830 865 2893 aurat]
883 2829 1021 2893 Alioquin,
1046 2833 1075 2880 ut
1091 2831 1128 2880 ait
1144 2831 1215 2893 virg.

124 2909 215 2956 Prom.
239 2904 313 2954 4046.
336 2905 446 2967 propter
466 2904 534 2966 ignis
554 2903 652 2954 turtum
690 2905 755 2954 Aen.
775 2905 802 2962 6.
822 2903 883 2955 ott:
902 2919 1017 2955 caran
1029 2907 1115 2954 eodan
1132 2905 1216 2965 seorst-

124 2979 236 3030 tutmine
258 2977 379 3028 deiicttur
403 2977 497 3028 subter
513 2979 583 3037 suxi,
611 2979 653 3028 cui
690 2984 733 3028 tor
754 2979 841 3029 tellure
862 2983 980 3040 repostos.
1007 3005 1035 3015 —
1061 2978 1147 3042 Orion]
1166 2977 1216 3028 ud,

125 3051 222 3104 affixus
240 3054 297 3113 est,
322 3054 440 3113 ruinam,
465 3055 526 3116 post
545 3051 653 3116 longum
690 3053 719 3113 3,
743 3052 773 3112 6,
798 3054 843 3102 tt:
872 3054 988 3102 tentator
1011 3054 1089 3102 Ortoo
1106 3053 1214 3102 Dionae.

126 3131 234 3192 tempus
255 3127 289 3177 ad
310 3125 414 3190 aquilae
432 3139 537 3178 morsus
554 3141 653 3192 perpe-
690 3126 785 3188 Odyss.
805 3124 832 3186 λ,
850 3127 911 3175 572:
933 3120 1059 3197 Ὠρίωνα
1076 3120 1218 3209 πελώριον

126 3202 233 3252 tiendus
250 3203 276 3251 in
291 3201 381 3252 lucem
392 3202 577 3263 retrahendae,
598 3205 655 3253 ten-
690 3197 855 3267 εἰσενόησα,
874 3198 973 3272 eppa<
990 3195 1069 3266 ὁμοῦ
1088 3198 1217 3250 εἰλευιιτα

126 3278 190 3327 dem
219 3279 308 3326 tamen
337 3276 371 3326 ab
399 3276 512 3327 Hercule
536 3275 654 3328 liberan-
689 3272 749 3325 κτλ.
768 3276 911 3327 -0rionis
929 3274 1215 3326 laevamauutaonem

126 3353 186 3403 dus.
206 3351 328 3402 Horatius
345 3365 410 3402 vero
433 3352 467 3403 da
479 3365 512 3402 eo
524 3353 558 3402 ite
570 3351 655 3416 loqui·
689 3363 740 3414 per
767 3351 881 3401 caudam
909 3351 1059 3415 arripientis
1087 3353 1115 3400 et
1142 3349 1217 3400 olava

125 3428 182 3484 tur,
205 3439 237 3476 ac
254 3427 276 3476 st
294 3427 320 3476 in
338 3427 476 3476 Tartarum
493 3428 654 3491 praecipite-
691 3425 854 3476 conficientis
862 3426 981 3490 reperies
991 3425 1062 3489 apud
1074 3425 1218 3488 lnghirami

125 3500 218 3552 mathi
234 3501 385 3561 mansisset,
405 3506 435 3551 ut
446 3501 493 3551 Od.
507 3503 532 3562 2,
553 3503 592 3561 68,
612 3503 652 3552 36.
691 3499 756 3550 Gall.
776 3499 830 3550 Om.
854 3501 896 3550 111.
915 3513 942 3563 p.
967 3501 1023 3550 607.
1060 3498 1101 3550 Ad
1122 3513 1217 3550 omnes

124 3575 215 3624 Verba
233 3577 323 3626 autern
337 3573 499 3636 Aristotelis,
518 3589 588 3640 quae
600 3577 654 3628 huo
691 3575 782 3624 autem
794 3574 942 3624 tatarorum
959 3587 1004 3625 ras
1021 3575 1065 3626 hio
1081 3587 1217 3625 memora·

126 3650 233 3700 trahere
260 3649 360 3711 solent,
387 3651 459 3700 root.
486 3651 529 3700 ts:
563 3647 597 3700 ro
623 3649 654 3702 δὲ
692 3649 732 3698 tas
754 3647 802 3698 cfr.
820 3661 867 3698 ras
890 3649 1053 3700 Canusiuum
1075 3649 1101 3698 iu
1125 3647 1218 3700 noller

124 3725 262 3796 τέταρτον
289 3723 382 3790 (γένος
409 3721 462 3790 τῆς
484 3723 653 3796 τραγῳδίας)
690 3722 796 3772 Dantem.
816 3723 858 3774 tv,
877 3725 907 3775 N.
927 3724 984 3774 275.

126 3793 191 3848 οἷον
220 3797 255 3848 αἱ
277 3813 308 3848 τε
337 3796 473 3868 Φορκίδες
500 3801 550 3850 καὶ
575 3799 653 3871 Προ-
723 3797 764 3848 to.
783 3798 1038 3862 ttrntdorntpncas]
1052 3799 1218 3862 tttpaaesvo-

124 3868 239 3939 μηθιύς
263 3875 313 3923 καὶ
342 3865 400 3924 ὅσα
427 3873 458 3924 ἐν
480 3865 588 3936 Ἅιδου,
618 3874 653 3925 ad
691 3875 734 3922 cat
750 3872 841 3934 out,
861 3873 889 3934 6,
908 3873 949 3924 33.
968 3873 1215 3936 Feminiuogenere

125 3951 197 4000 hunc
208 3946 298 3998 locum
310 3949 419 3999 minime
432 3951 574 4013 pertinent,
590 3963 652 4000 oum
691 3949 820 4011 usurpant
831 3947 962 4012 Virgilius,
982 3948 1089 4009 Plinius,
1108 3947 1215 4008 Statius,

125 4024 176 4073 hoc
202 4021 284 4082 dicet,
305 4023 472 4086 «tragoediae
490 4023 524 4073 de
543 4026 653 4074 Promo·
691 4023 740 4073 sed
758 4023 906 4074 Priscianus
924 4024 1004 4074 V1.5.
1023 4023 1122 4074 diserte
1140 4021 1217 4074 affert

125 4097 187 4146 theo
206 4096 244 4159 (ut
261 4099 390 4147 tractatae
407 4101 470 4148 sunt
486 4097 520 4147 ab
531 4099 654 4160 Aeschy-
691 4111 724 4148 ex
745 4097 771 4146 h.
791 4097 807 4148 Ι.
825 4097 1011 4149 masculinum.
1047 4098 1145 4148 Contra
1168 4096 1215 4146 etr.

126 4169 177 4233 lo),
196 4172 225 4220 et
241 4183 290 4222 ere
308 4185 418 4234 omnes,
437 4185 553 4236 quarum
570 4185 652 4223 soona
690 4172 761 4236 virg.
785 4174 831 4222 Ge.
851 4173 879 4233 t,
904 4173 963 4222 ⁴83:
991 4171 1068 4222 ocutis
1090 4171 1158 4231 capti
1173 4197 1187 4206 -
1202 4197 1216 4206 -

127 4244 220 4297 saltem
238 4259 272 4296 ex
289 4249 364 4310 parte
383 4247 408 4300 in
427 4247 494 4297 Orco
512 4249 554 4297 ert
570 4249 650 4307 ceap
691 4247 785 4310 tatpae.

580 4403 624 4412 ‚.
755 4405 760 4408 .,
