3078 4978
596 470 599 476 ,
679 422 807 476 ΗΟΒΑΤΙΙ
827 424 953 474 Eronos*

495 580 592 644 Sacra
615 589 780 646 catenatus
803 579 870 654 viu,

454 697 519 764 Sed,
541 709 575 763 ut
597 699 777 765 secundum
799 708 873 763 vota
895 695 1083 764 Parthorum
1106 719 1165 763 sua

495 819 578 885 Urbs
601 819 681 886 haec
704 820 824 907 periret
847 817 1004 884 dextera?

453 941 565 1026 Neque
587 937 641 1007 hic
663 939 747 1028 iupis
771 961 841 1006 mos
864 959 923 1004 nec
945 938 1003 1004 suit
1024 937 1171 1004 leonibus

495 1061 642 1147 Unquam
664 1061 724 1126 nisi
748 1060 779 1124 in
802 1057 1019 1145 disperseris.

414 1267 417 1270 ,
452 1183 595 1246 Furorne
617 1201 756 1258 caecuS,
785 1201 825 1246 an
848 1179 931 1266 rapit
952 1178 1000 1244 vis
1024 1181 1158 1246 acrior?

349 1335 389 1382 tt.
410 1332 524 1392 Unquam
539 1330 613 1380 BbSc
630 1333 658 1381 et
673 1343 767 1381 omnes
785 1330 912 1390 Pottierii,
931 1328 1030 1391 Aldus,
1044 1331 1132 1382 tctr:
1150 1333 1288 1396 Nunquam
1300 1348 1334 1384 ex

317 1407 364 1458 Ed.
383 1407 449 1456 Ven.
470 1404 543 1455 tiso.
561 1404 694 1455 Bentleius
711 1407 739 1455 et
755 1407 788 1457 u.
825 1405 863 1467 (Ut
881 1416 944 1465 nos,
962 1405 995 1467 J.)
1023 1433 1050 1441 -
1076 1406 1144 1471 seris]
1162 1421 1241 1471 qenais
1257 1421 1334 1458 «eum

317 1477 523 1546 compluribus»,
543 1479 629 1538 utait,
650 1477 737 1529 «libris
757 1477 977 1541 manuscriptis»
998 1477 1090 1529 Lamb.
1116 1480 1234 1544 (Videtur
1250 1479 1338 1544 glossa

317 1556 350 1606 ad
361 1553 507 1617 nutspur.)
525 1581 552 1590 -
571 1553 598 1602 ui
608 1555 635 1602 tn
651 1555 763 1616 dispares
777 1553 846 1616 feros
857 1551 1012 1602 Pelisserius
1024 1553 1095 1616 apud
1108 1555 1233 1606 eundem.
1249 1583 1277 1592 -
1296 1556 1336 1606 43.

316 1644 404 1681 caecus
420 1629 502 1690 nhSc,
516 1629 603 1679 LCtF:
621 1626 742 1688 caerosi,
761 1627 814 1677 duo
826 1626 968 1686 Torrentii,
988 1625 1112 1688 (oberlini
1123 1629 1165 1692 B‚)
1184 1628 1283 1691 Benti.‚
1301 1631 1335 1680 it.

285 1761 461 1821 Constantini,
478 1761 523 1823 qui
534 1759 734 1824 triumphabant
745 1757 805 1808 inde
843 1755 962 1818 videtur,
981 1756 1030 1806 sed
1048 1759 1249 1809 excusationem
1261 1759 1369 1810 habeta

283 1831 807 1899 perhancviamprocedebantusquead
844 1832 938 1894 poetae
954 1832 1040 1880 aetate
1059 1831 1174 1882 iuvenili,
1211 1834 1371 1896 (Quinetiam

283 1909 371 1960 iocum
384 1922 462 1959 arcus
474 1909 592 1972 Septimii
610 1909 716 1967 Severi,
734 1907 806 1958 uude
845 1904 939 1954 Hossio
952 1907 979 1953 et
990 1902 1192 1968 Diiienburgero
1205 1920 1231 1956 v.
1244 1908 1305 1970 [eris
1315 1921 1371 1958 mn·

284 1985 380 2047 captivi
398 1981 599 2033 dimittebantur
616 1981 650 2032 ad
668 1981 806 2031 dexterum
844 1991 895 2040 gno
911 1989 973 2027 oum
989 1979 1109 2046 pondere
1120 1981 1283 2032 sententiam
1295 1981 1371 2032 vide·

283 2059 309 2107 in
326 2059 476 2122 proximum
489 2069 628 2106 carcerem
643 2054 804 2114 Tullianum3
844 2055 888 2101 tur
899 2051 1039 2114 claudere,
1052 2055 1082 2104 ut
1093 2067 1176 2118 prope
1189 2055 1263 2106 idern
1275 2055 1372 2108 eiiiciat

283 2133 478 2196 triumphantes
499 2144 549 2195 per
568 2129 665 2181 clivum
683 2127 807 2193 Capitoli·
844 2139 877 2176 ae
896 2128 918 2177 si
938 2128 1067 2190 scriptum
1084 2129 1134 2178 sit:
1165 2131 1209 2192 qut
1220 2135 1306 2180 tamen
1319 2132 1369 2194 seri

283 2219 348 2257 num
360 2207 395 2256 ad
406 2205 510 2257 iaevam
522 2205 706 2256 ascendebant
717 2203 750 2254 ad
760 2205 809 2254 Cu·
843 2200 920 2264 suut.)
946 2201 1079 2252 Bentleius
1091 2203 1130 2252 sic
1147 2205 1308 2254 construxit:
1325 2219 1371 2255 ne-

282 2280 428 2344 pitolium.»
441 2281 500 2330 Far.
511 2278 712 2331 nievernum.
724 2281 748 2339 o,
759 2279 804 2327 30:
844 2288 892 2336 que
907 2276 953 2324 tic,
962 2288 1015 2324 mos
1025 2276 1074 2338 ruit
1084 2276 1149 2339 iupis
1159 2291 1239 2340 neque
1248 2277 1368 2340 bonitus,

283 2355 326 2415 qui
347 2355 513 2416 triunphant,
536 2367 613 2415 eoque
629 2355 722 2404 diutius
737 2353 808 2402 uiuos
843 2363 974 2411 uunquam
996 2350 1056 2412 ferte
1079 2352 1128 2400 utri
1152 2352 1179 2400 iu
1196 2353 1297 2414 dimam
1321 2353 1369 2403 nbi

282 2428 388 2476 bostium
409 2429 481 2477 duces
503 2433 644 2488 reserarunt,
662 2453 677 2464 -
693 2454 708 2465 -
724 2432 807 2476 tuuuu
844 2424 926 2474 sentis
951 2437 1000 2488 pro
1026 2425 1144 2488 perfecto
1171 2428 1270 2489 requiri
1290 2441 1372 2491 prae-

282 2514 339 2549 eum
358 2502 388 2550 da
406 2500 462 2562 foro
482 2501 508 2550 iu
531 2501 681 2563 Capitolium
703 2514 807 2550 eurrum
844 2511 906 2548 sens
918 2501 1037 2562 tempus,
1050 2498 1077 2549 id
1089 2500 1216 2564 quoditie
1229 2500 1372 2552 occultunt

281 2576 379 2637 nectere
394 2573 529 2635 incipiunt,
555 2575 610 2623 ittos
627 2575 684 2623 duat
703 2575 729 2622 in
746 2587 807 2622 cur·
844 2573 883 2621 sio
909 2585 1053 2622 enarrans:
1084 2587 1133 2624 «ne
1163 2572 1231 2638 iupis
1260 2575 1371 2638 quidem

282 2660 363 2696 cerem
373 2647 456 2697 iubent
460 2661 470 2706 ;
487 2649 600 2708 maroque
611 2649 662 2698 ritas
672 2653 695 2696 et
705 2648 807 2696 utctom'-
844 2647 871 2694 et
882 2643 1004 2695 leonibus
1015 2647 1058 2696 iric
1071 2659 1130 2697 mos
1150 2650 1223 2706 est,
1243 2649 1290 2712 qui
1302 2663 1372 2698 nun-

282 2721 803 2786 busimpertietutettsuituettuernsuutt.-
844 2731 926 2783 quum
959 2719 1007 2770 ieri
1032 2723 1060 2770 et
1084 2723 1156 2771 saevi
1181 2724 1244 2772 sunt
1266 2724 1317 2774 nisi
1345 2725 1371 2772 in

282 2797 364 2846 Sauro
373 2789 430 2856 viu,
451 2797 534 2860 (cuius
546 2794 646 2845 incolae
658 2796 808 2846 Sueruviau-
844 2791 956 2855 (animai)
969 2793 1085 2858 dispar.»
1099 2821 1127 2830 -
1140 2796 1168 2845 tn
1179 2796 1274 2861 dispar]
1293 2797 1369 2848 Cous.

281 2883 319 2920 ses
340 2869 525 2934 dicebantur,)
560 2871 620 2934 quin
649 2868 686 2920 ibi
713 2869 806 2920 ioedus
843 2866 891 2916 0d.
902 2867 981 2929 31⁴2,
996 2869 1041 2918 m.-
1065 2875 1248 2932 perapertum.
1268 2898 1296 2907 -
1319 2871 1370 2920 Lo-

281 2945 426 2995 ictumerat
434 2943 649 2994 interiiomulum
659 2944 804 2994 etTatium.
843 2955 892 2992 eus
904 2943 994 2993 autem
1004 2943 1048 2992 hie
1059 2939 1209 2995 communis
1221 2943 1294 2994 baud
1309 2957 1371 2996 raro

314 3019 338 3068 9.
353 3020 393 3068 t0.
414 3019 555 3082 secumdum]
568 3017 665 3068 eodem
677 3031 737 3079 usu,
751 3031 805 3082 quo
842 3014 877 3064 ab
889 3016 1005 3079 antiquis
1017 3019 1145 3068 tractatus
1158 3021 1208 3068 est.
1222 3017 1286 3068 Ptin.
1299 3019 1368 3069 nu.

282 3092 337 3142 Cic.
356 3091 391 3142 ud
408 3093 459 3142 Au.
479 3093 523 3153 ⁴6,
544 3093 575 3142 46
592 3093 626 3142 Ε;
661 3105 725 3154 quoe
745 3105 805 3140 cou-
843 3091 867 3139 7.
886 3090 1062 3140 Praeisxtrr
1081 3092 1190 3142 teum
1205 3093 1295 3156 feritas
1306 3095 1372 3143 inter

280 3165 345 3216 auter
362 3167 522 3216 decreuerunt
537 3167 672 3216 secuudum
691 3164 807 3216 castarte
842 3176 868 3212 se
884 3177 934 3212 uou
952 3164 1071 3226 dimicat,
1097 3167 1248 3228 sumentium
1271 3179 1371 3217 morsus

282 3241 381 3290 daeretu
396 3245 419 3289 et
434 3253 562 3302 remorato.
581 3254 623 3304 pr.
636 3241 663 3289 tu
679 3239 754 3304 Fotqe
765 3239 807 3288 des
842 3251 893 3288 uon
905 3239 969 3300 petit
983 3244 1117 3302 mentes,
1136 3255 1166 3291 us
1177 3242 1259 3291 maria
1269 3243 1369 3302 quum

283 3314 424 3364 Wuusctes.
440 3342 467 3352 —
485 3315 699 3378 utu-deutera]
712 3313 806 3363 Ditfert
843 3313 928 3362 betuna
944 3327 976 3362 ac
996 3315 1077 3377 pisces
1092 3315 1141 3366 nisi
1157 3317 1302 3366 tudinem
1324 3331 1370 3381 qe-

281 3386 459 3451 aliquentum,
488 3387 560 3450 quod
585 3387 670 3438 soient
692 3387 804 3449 afferre,
842 3399 907 3436 uera
935 3389 1056 3439 saeuiunt.
1094 3389 1126 3439 At
1149 3390 1249 3440 tunde
1272 3391 1366 3440 tumim

281 3461 365 3525 Epod.
379 3463 464 3523 463:
483 3462 806 3524 Sutisettpsuiionmutri-
839 3461 954 3523 plurimu
970 3475 1002 3512 eu
1018 3463 1116 3513 bomine
1135 3469 1192 3513 aunt
1208 3465 1288 3514 muto
1318 3465 1369 3515 Se-

281 3535 399 3596 numu,
417 3535 490 3600 quod
505 3535 807 3598 significatunimiaim·
844 3548 909 3602 neca
937 3537 1061 3586 controv.
1082 3539 1115 3599 Ξ,
1141 3537 1174 3587 9:
1204 3552 1284 3601 neque
1309 3539 1370 3602 [eir

280 3609 348 3672 perii
357 3609 426 3660 mole
436 3625 458 3669 μ’
472 3610 498 3660 h.
509 3609 526 3660 l.
541 3611 638 3660 «armis
649 3610 805 3660 intestinis.»
842 3611 908 3660 tuter
917 3621 944 3659 se
954 3610 1018 3660 tetta
1028 3616 1094 3662 suut.
1113 3611 1187 3662 Idem
1199 3613 1247 3678 Ep.
1260 3613 1308 3674 95,
1321 3613 1366 3663 st:

315 3683 355 3731 u.
375 3684 415 3733 42.
445 3685 567 3747 Unquam]
590 3686 632 3734 Sic
650 3683 734 3734 Codd.
752 3685 806 3734 noti
842 3685 1367 3750 Noupudutitomtnssmitissimumqenus,

282 3758 309 3806 et
331 3755 378 3805 Ed.
398 3757 463 3806 Ven.
492 3757 564 3808 usi.
594 3759 732 3820 Nunquam
756 3757 804 3810 Ed.
842 3759 1089 3823 quuduesanqutne
1105 3761 1219 3822 alterno,
1242 3760 1306 3810 um
1323 3775 1368 3824 qe-

281 3831 347 3879 Ven.
374 3829 446 3880 riso.
474 3843 565 3882 merus
593 3833 634 3881 est
662 3843 806 3895 operarum
842 3845 899 3882 rere
915 3833 1072 3896 qmuuaqua
1082 3833 1294 3896 uteunque,
1312 3847 1368 3884 eum

282 3917 370 3966 error,
397 3904 532 3954 aCriticis
550 3905 629 3954 nimis
647 3905 743 3968 cupide
761 3919 806 3954 ar·
842 3907 909 3956 iuter
929 3920 956 3956 se
972 3908 1050 3958 auam
1073 3909 1149 3958 mauis
1173 3922 1205 3958 qe
1229 3909 1291 3972 feris
1311 3923 1368 3972 pum

282 3981 382 4044 raptus.
406 3979 551 4028 construe:
581 3979 667 4039 Neque
690 3979 729 4028 tic
753 3993 807 4030 mos
842 3980 891 4031 stt?
908 3981 1046 4032 Accedunt
1056 3995 1128 4032 nunc
1146 3995 1179 4032 ex
1196 3983 1367 4046 Hymnuiin·

280 4065 394 4113 uuquam
409 4053 457 4116 [uit
477 4052 538 4115 seris
554 4052 619 4114 lupia
636 4064 680 4101 uec
697 4051 806 4102 leonibus
843 4055 935 4105 dunno
953 4055 980 4104 in
1003 4056 1080 4116 isim,
1108 4069 1189 4119 quem
1207 4069 1294 4122 nuper
1310 4057 1366 4106 edi-

281 4127 328 4176 ntst
349 4129 376 4177 in
392 4127 479 4190 disput·
497 4123 608 4189 (genus).
625 4125 656 4174 V.
668 4125 729 4188 feris
745 4128 805 4190 qui-
843 4128 882 4178 dit
903 4129 1033 4192 Sauppius
1054 4141 1147 4192 meus,
1165 4143 1208 4180 vv.
1228 4130 1261 4181 46
1278 4143 1363 4195 seqq..

282 4199 345 4250 dem
352 4201 403 4252 hnc
412 4201 513 4252 ratione
523 4201 634 4264 propter
641 4199 727 4262 ipsam
735 4205 805 4265 post·
843 4203 888 4252 nbi
910 4203 959 4254 Isis
976 4202 1041 4253 dicit
1057 4216 1087 4254 se
1105 4202 1244 4255 sustulisse
1262 4219 1295 4255 ex
1317 4205 1365 4254 ho·

282 4272 380 4323 tionem
392 4275 525 4337 aliquanto
541 4275 649 4326 otiosius
670 4275 803 4326 adiectum
842 4276 958 4330 minibus
976 4280 1096 4328 mutuam
1117 4279 1236 4344 ipsorum
1253 4279 1365 4330 devora-
