3014 4978
306 450 368 516 5118
560 453 690 504 noalnr
707 453 876 506 claumos
901 453 952 503 nn
970 453 1012 503 ιιι.
1032 454 1061 504 c.
1080 453 1154 503 xxx.

390 608 572 675 Deduxisse
594 608 718 674 modos.
764 609 861 674 Sume
883 607 1071 694 superbiam

391 729 578 810 Quaesitam
601 728 723 796 meritis
746 727 876 795 etmihi
898 726 1055 815 Delphica
1357 731 1392 797 15

390 853 495 916 Lauro
518 849 611 935 cinge
635 848 762 926 volens,
787 847 1006 936 Melpomene,
1031 871 1166 917 comam.

371 1051 411 1099 to.
430 1049 537 1111 Delplic
553 1045 569 1096 δ
586 1061 629 1112 up.
648 1047 753 1097 llirchn.
773 1047 803 1096 N.
818 1047 848 1106 Q.
864 1047 926 1098 lior.
939 1060 966 1111 p.
980 1048 1021 1098 56.

308 1229 349 1276 est
360 1227 522 1277 constructio
540 1239 626 1291 nuper
644 1239 659 1276 a
675 1226 767 1276 nescio
778 1236 832 1288 quo
869 1223 1011 1287 Horatius.)
1041 1252 1068 1262 -
1096 1225 1184 1290 Smne]
1211 1228 1396 1288 «Assume,o

307 1301 510 1352 commendate:
525 1315 576 1364 quc
587 1301 704 1365 reptavit
714 1302 831 1359 Daunus,
869 1298 944 1349 niusa
959 1311 1034 1360 mea,
1061 1297 1236 1363 (Melpomene,
1254 1305 1287 1351 ut
1303 1301 1352 1352 0d.
1370 1301 1394 1360 i,

307 1389 341 1426 ec
356 1376 445 1426 tremiti
456 1380 546 1439 potens
558 1375 719 1439 mutones.
869 1372 898 1434 3,
913 1372 947 1436 t.)
965 1373 1073 1437 spiritus
1085 1373 1185 1434 iustos,
1204 1374 1307 1440 quippe
1325 1377 1395 1439 inge·

340 1449 381 1502 ti.
400 1449 548 1514 Dedueisse]
569 1447 761 1510 «transtulisse,
780 1450 833 1513 pri-
869 1447 912 1497 nio
930 1459 992 1498 meo
1008 1449 1213 1509 convenientes,
1234 1454 1257 1499 et
1274 1451 1394 1513 Delphico

307 1536 383 1576 mum
401 1537 497 1575 ausum
515 1537 576 1575 esse
598 1525 625 1574 in
647 1524 722 1588 poesi
742 1525 833 1574 Latina
870 1523 955 1582 eet»,
983 1520 1009 1572 id
1035 1524 1091 1582 est,
1125 1522 1235 1587 dempta
1261 1524 1392 1588 imagine:

308 1597 345 1648 uti
355 1596 445 1661 lyricis
455 1601 619 1650 Graecorum
631 1599 749 1649 metris.»
767 1599 835 1649 Peu—
871 1594 949 1657 «iac,
975 1596 1005 1645 ut
1021 1607 1118 1646 omnes
1140 1595 1295 1650 facultatem
1313 1600 1395 1664 poeti·

307 1671 421 1724 cissimis
439 1674 511 1724 enim
528 1673 553 1723 ei
569 1671 650 1723 veluti
667 1671 835 1737 praeluserat
870 1682 944 1731 cam,
964 1669 1040 1720 euius
1051 1670 1116 1720 mihi
1127 1673 1251 1722 conscius
1264 1685 1343 1734 sum,
1360 1671 1395 1724 ul-

307 1745 435 1798 Cetullus.
466 1745 531 1810 (Noli
554 1749 646 1798 autem
669 1748 761 1798 nescio
779 1759 831 1811 que
870 1746 911 1794 tro
928 1747 1099 1808 agnoscente

307 1832 435 1884 perversa
452 1821 604 1872 inversione
618 1819 763 1886 explicare,
780 1819 832 1883 vel,
904 1819 943 1868 45.
963 1818 1003 1868 to.
1024 1817 1146 1882 Delphico
1157 1820 1252 1885 tauro]
1266 1819 1396 1884 Apollinu-

309 1894 382 1957 quod
404 1895 485 1944 etiam
507 1895 584 1959 peius
602 1898 658 1956 est,
686 1896 834 1959 transposi-
869 1907 923 1944 rem
940 1892 1004 1945 dicit
1015 1892 1063 1944 od.
1085 1892 1115 1955 t,
1135 1895 1166 1955 2,
1188 1895 1213 1944 9.
1242 1921 1272 1932 -
1303 1896 1395 1962 oeteis]

308 1969 409 2018 tionem
434 1981 586 2033 proponere
620 1969 834 2033 (Zimmermanni
870 1968 989 2022 Verbum
1003 1967 1320 2034 sollemueinprecibus.
1338 1971 1396 2021 Sec·

307 2043 423 2093 Zeitsclr.
441 2042 525 2094 isto.
552 2057 579 2108 p.
607 2044 707 2107 tolet:
740 2044 835 2094 Aeolios
870 2042 1052 2094 viusadlien.
1075 2043 1104 2105 l,
1126 2043 1192 2093 7³4:
1213 2043 1256 2094 Sic
1273 2044 1395 2094 scindi

307 2117 394 2168 modos
410 2130 513 2168 ramses
529 2119 564 2167 ort
578 2117 678 2168 ltclom.
714 2117 766 2168 Sed
783 2121 833 2180 est,
870 2123 944 2169 etant:
981 2116 1094 2170 «volens
1119 2119 1309 2184 propitiusque
1335 2121 1394 2170 sis.»

307 2192 406 2244 Latinis
431 2190 521 2244 verbis
555 2193 590 2242 ita
619 2193 715 2244 imitari
749 2194 834 2244 metra
872 2192 937 2243 Cato
963 2193 992 2243 R.
1016 2193 1045 2243 R.
1073 2191 1133 2243 its:
1161 2194 1233 2243 Mars
1254 2199 1352 2256 pater,
1377 2199 1397 2244 te

308 2267 472 2317 Graecorum
509 2265 607 2330 lyrico,
644 2271 674 2317 ut
701 2280 834 2332 nusquam
868 2280 961 2329 precor
988 2279 1142 2329 quaesoque,
1176 2268 1213 2317 uti
1241 2267 1295 2318 sies
1318 2269 1397 2319 unes

307 2339 434 2403 violetur,
454 2340 503 2392 sed
520 2344 652 2406 perpetuo
670 2343 760 2394 Latine
778 2340 835 2404 syl·
868 2342 994 2404 propttiur
1004 2342 1078 2404 milri,
1103 2343 1188 2404 amno,
1209 2342 1331 2406 [miliae
1347 2345 1393 2393 cet.

308 2412 431 2466 labarum
448 2415 581 2478 quantitas
607 2429 723 2478 vocum,
754 2419 834 2480 atque
872 2417 926 2467 Liv.
949 2416 977 2474 7,
997 2415 1045 2465 26:
1063 2417 1183 2466 Precatio
1197 2415 1304 2476 mede,
1323 2417 1396 2467 sidi-
1496 2451 1497 2454 =

308 2488 335 2537 in
353 2487 477 2540 omnibus
495 2491 599 2540 sincera
616 2491 723 2542 Latinae
745 2491 834 2555 poesis
870 2506 930 2551 vac,
956 2490 1053 2540 sidtvu
1069 2496 1142 2552 esset,
1165 2492 1209 2552 qui
1225 2491 1274 2541 sibi
1289 2505 1395 2555 prospe·

309 2564 432 2613 servetur
454 2562 574 2626 indoles,
602 2563 629 2614 id
647 2565 720 2627 quod
747 2565 835 2616 eiiecit
871 2563 1047 2625 tcnmist‘sset,
1065 2565 1286 2628 uolensprcpittus
1297 2568 1393 2618 comt
1496 2583 1497 2592 ¹
