3078 4978
290 403 351 468 732
618 459 623 466 ,
691 403 820 455 uonaru
838 403 965 456 seouon

332 557 425 626 Mella
446 579 526 626 cava
548 568 677 625 manant
699 579 739 624 ex
761 557 849 637 ilice,
873 524 1035 624 montibus
1058 557 1128 624 altis

374 679 469 746 Levis
492 690 645 768 crepante
667 680 799 769 lympha
821 679 928 748 desilit
950 679 1045 767 pede.

332 801 400 869 lllio
423 800 564 867 iniussae
586 801 718 868 veniunt
740 801 781 869 ad
804 800 939 869 mulctra
960 800 1124 890 capellae,

375 922 547 1011 Reiertque
568 933 656 990 tenta
677 945 756 1012 grex
778 925 901 990 amicus
923 921 1041 1002 ubera;

332 1048 399 1114 Nec
420 1046 625 1134 vespertinus
648 1045 871 1133 circumgemit
891 1063 988 1110 ursus
1011 1042 1109 1118 ovile,

356 1291 396 1343 iii.
414 1291 525 1356 tempta]
546 1289 645 1343 «Codd.
665 1289 765 1354 aliquot
776 1289 865 1353 (etiam
880 1287 908 1350 Τ)
919 1289 1061 1351 Neinpto.»
1073 1290 1165 1340 Burri.
1180 1318 1207 1327 —
1231 1291 1275 1341 ti.
1294 1293 1354 1342 ootli

325 1367 383 1426 T,F.
404 1367 500 1429 (Ceteri
517 1367 584 1428 mei,
603 1367 684 1416 etiam
701 1366 736 1427 Β,
755 1363 839 1428 ovile)

291 1601 360 1652 quae
383 1590 478 1653 sponte
501 1591 528 1639 et
548 1590 605 1640 sine
628 1589 750 1640 insitione
771 1591 817 1640 aut
850 1593 931 1651 proto
946 1589 1082 1638 Nocturnis
1092 1588 1193 1640 colom
1207 1591 1281 1653 [oris.
1297 1615 1326 1628 -
1339 1591 1388 1640 cir-

290 1664 393 1716 cultura
410 1667 570 1727 naseuntur,
592 1665 675 1716 durae
693 1679 754 1717 esse
770 1679 816 1718 so-
852 1663 997 1727 compano]
1025 1676 1157 1714 «raucum
1182 1678 1267 1716 suum
1291 1677 1387 1716 sonum

290 1739 345 1790 lent
370 1743 397 1791 et
422 1741 509 1791 fatuae
536 1754 568 1791 ao
594 1742 646 1791 cito
671 1741 814 1802 decidere;
854 1738 908 1788 edit
925 1739 1126 1802 circumvagam
1144 1737 1250 1789 ovilia.»
1288 1741 1332 1790 sie
1357 1741 1384 1790 ei

290 1815 340 1875 ibi,
360 1815 459 1878 lnquit,
473 1813 539 1866 tales
552 1817 613 1878 (non
624 1816 753 1879 insitivae)
767 1830 815 1866 na·
853 1812 895 1863 leo
906 1825 1004 1877 penore
1015 1813 1112 1864 dieitur
1123 1813 1236 1864 aaner.
1250 1814 1346 1865 Fiaeoo
1357 1815 1381 1874 3,

290 1891 413 1950 scuniur,
444 1892 474 1939 ut
501 1891 581 1940 etiam
607 1887 694 1954 pullae
721 1894 817 1941 ornent
854 1886 910 1936 737.
939 1886 991 1937 Cir.
1011 1888 1092 1938 etiam
1108 1887 1179 1950 Virg.
1199 1891 1268 1939 Aen.
1288 1891 1318 1949 i,
1338 1890 1381 1938 io:

293 1977 370 2014 suam
387 1963 513 2014 arborem
531 1965 726 2028 necdecidaut‚
745 1968 819 2016 aute·
853 1961 1087 2024 amicissimeque
1108 1961 1215 2012 honum,
1247 1963 1288 2013 De
1310 1975 1387 2014 urso-

293 2051 375 2101 quam
392 2039 445 2090 siut
461 2042 609 2089 maturae.»
639 2041 722 2090 Couu.
737 2041 815 2098 Cruo.
853 2049 915 2086 rum
931 2049 998 2086 voce
1015 2037 1085 2100 Virg.
1105 2039 1170 2088 Aen.
1190 2038 1219 2096 7,
1241 2038 1283 2088 i8.
1307 2051 1386 2088 usur-

294 2141 320 2150 -
331 2113 412 2176 puta]
433 2112 587 2178 simpliciter
598 2115 729 2177 significat
746 2127 818 2164 «ma-
854 2111 926 2175 pavit
942 2125 968 2162 v,
982 2113 1091 2172 saeuire,
1111 2111 1250 2162 Claudiam,
1265 2113 1301 2162 de
1311 2111 1386 2162 ilaiiii

291 2189 405 2239 turam.»
435 2186 583 2239 Philostrat.
601 2191 700 2253 imagg.
723 2191 750 2250 l,
768 2189 815 2239 3⁴:
855 2187 935 2236 Cous.
954 2185 1011 2236 298.
1030 2187 1134 2247 rudos,
1160 2185 1285 2250 volgatus
1303 2189 1384 2237 inter-

290 2260 367 2314 σῦκα
374 2262 508 2327 μέλανα
519 2256 816 2332 ὀπῷλειβόμνα,(]ῐι·,
854 2273 917 2322 pres
929 2261 1012 2310 isaiae
1024 2261 1071 2321 59,
1091 2261 1130 2311 li.
1149 2262 1251 2325 alteim
1271 2261 1386 2312 verbum

292 2338 329 2387 de·
343 2338 443 2388 nouum
459 2339 582 2390 insitione
599 2341 709 2391 citou.
728 2342 757 2390 a.
774 2339 815 2391 ii.
857 2335 996 2397 proprium
1014 2347 1109 2384 umaro
1125 2334 1169 2385 vol
1186 2349 1288 2399 susara
1307 2336 1386 2386 misse

294 2411 398 2462 Colum.
411 2415 441 2473 5,
456 2414 482 2462 tt
494 2452 500 2474 ‚
514 2416 538 2464 7.
554 2443 582 2451 —
600 2415 685 2479 lidio]
703 2417 765 2466 opta
777 2417 818 2465 est
855 2406 947 2457 dicunt
958 2405 1145 2473 Glossographi
1157 2409 1191 2459 de
1204 2410 1320 2461 vocibus
1331 2411 1387 2459 ani-

291 2483 407 2535 lahulaa
423 2485 502 2536 melle
514 2501 594 2552 apum
607 2491 815 2540 nemorensium.
856 2480 974 2533 mallum·
996 2511 1024 2520 -
1043 2483 1114 2548 ovili]
1138 2485 1211 2534 Haec
1235 2483 1317 2535 lectio
1342 2483 1386 2533 fir·

292 2559 395 2610 Colum.
409 2559 433 2622 9,
446 2561 471 2608 i.
484 2588 512 2596 -
525 2562 667 2624 levisset]
687 2565 817 2614 amaxima
856 2557 944 2606 matur
962 2571 976 2606 a
995 2559 1092 2608 nostris
1115 2558 1199 2609 Codd.
1222 2562 1335 2622 praeter
1356 2558 1383 2606 T.

292 2646 354 2684 curn
363 2632 499 2684 eeleritate
508 2633 601 2685 defluit
609 2636 643 2686 de
652 2637 816 2688 montibus.»
855 2630 945 2681 Verba
961 2644 1024 2682 oum
1043 2645 1137 2696 praep.
1156 2633 1254 2682 cti-mm
1272 2645 1386 2696 compo·

295 2733 322 2744 -
339 2708 413 2773 pede]
442 2710 587 2772 Propterea
610 2710 683 2774 quod
712 2717 819 2762 currunt
855 2707 905 2757 sita
916 2705 1075 2770 plerumque
1084 2710 1180 2770 regunt
1188 2709 1381 2760 accusativum.

290 2796 391 2846 aquae,
414 2784 490 2845 pedes
514 2784 545 2834 iis
571 2784 690 2835 tribuunt
712 2789 815 2850 poetae,
855 2781 931 2846 (Ovili
948 2781 1049 2831 dictum
1067 2783 1152 2842 esset,
1173 2786 1203 2832 ut
1220 2783 1298 2834 Ouid.
1321 2782 1380 2832 liei.

292 2860 398 2909 Lucret.
416 2859 445 2919 ὅ,
462 2859 518 2908 iit.
541 2873 687 2924 rursusque
706 2861 735 2923 6,
754 2863 816 2912 637:
855 2855 957 2917 i,360:
977 2857 1312 2920 iuveni-circumfunditur.
1327 2856 1379 2907 niv.

292 2934 378 2998 (aqua)
407 2946 482 2995 super
513 2939 596 2984 terroe
630 2937 694 2985 redit
718 2938 818 3002 omnim
856 2930 880 2992 9,
899 2932 951 2982 is:
969 2932 1311 2996 aedificta--elroiem'ecto
1327 2945 1382 2980 mo·

289 3008 368 3068 dulci,
396 3009 453 3070 (lito
472 3008 516 3058 oio
540 3011 698 3060 sectasemct
722 3011 817 3072 liquido
854 3006 899 3055 rit·
934 3006 1037 3068 1Ηῖ,
1057 3007 1101 3058 54ε
1131 3021 1197 3070 quoi
1215 3035 1230 3046 -
1248 3007 1384 3058 sirmi&

288 3083 349 3144 pede
370 3081 561 3132 deluditundos.
594 3083 664 3147 virg.
688 3084 743 3136 Cul.
771 3087 815 3136 ti:
855 3087 910 3132 coiit
928 3083 1067 3148 Europos.)

291 3156 467 3217 Castaliaeque
482 3170 574 3207 sonans
589 3157 684 3220 liquido
697 3162 761 3221 pedo
777 3161 817 3210 to-
888 3158 929 3207 52.
959 3157 1021 3220 otio]
1049 3159 1116 3209 Cum
1142 3159 1197 3209 olto
1224 3153 1382 3222 (prolundal

290 3233 358 3281 litim
384 3233 461 3282 undo.
506 3233 651 3297 comparat
683 3235 816 3288 Mamilius
855 3231 890 3282 sii
905 3232 1017 3293 humus,
1044 3232 1142 3283 obsunt
1159 3234 1240 3283 etiam
1256 3232 1381 3296 viperee,

291 3308 354 3370 fleg.
368 3306 396 3367 3,
411 3306 451 3367 48,
470 3305 515 3357 ii:
538 3302 622 3372 φωνὴ
646 3306 703 3358 τῶν
720 3308 817 3360 ποδῶν
855 3319 925 3370 quae
951 3308 1043 3356 amant
1067 3306 1124 3358 loce
1151 3319 1262 3368 saxosa,
1292 3303 1380 3364 arida.

290 3378 342 3430 τοῦ
355 3374 450 3431 ὑετοῦ.
471 3409 497 3417 -
517 3379 674 3444 «Eleganter
685 3383 743 3446 ipso
755 3399 818 3435 ver·
855 3395 1012 3432 cavernosa.
1030 3382 1090 3432 Alto
1101 3380 1179 3433 simul
1197 3379 1384 3444 significntso·

291 3469 323 3506 su
340 3468 480 3506 susurrum
498 3468 584 3519 aquae
602 3455 747 3509 desilientis
761 3460 819 3510 imi-
855 3456 911 3507 ium
923 3469 984 3506 esse
1000 3455 1201 3508 fertilissimum.
1223 3457 1301 3506 Hom.
1315 3453 1343 3506 il.
1356 3467 1382 3512 σ,

291 3531 361 3578 tatus
379 3532 445 3580 est.»
469 3531 652 3589 collection.
855 3532 916 3582 tto:
940 3532 1059 3595 τέμενος
1075 3528 1253 3597 βαθυλήϊον.
1286 3529 1380 3582 Aesch.

323 3604 364 3652 tto.
386 3606 427 3654 iti.
458 3605 539 3666 tento]
569 3604 659 3656 «lacte
687 3606 816 3670 lurgidum
855 3607 1011 3656 Prom.65i.
1030 3606 1108 3657 Diud.
1123 3608 1184 3656 01.:
1202 3601 1301 3666 βαθὺν
1317 3602 1382 3654 Λει-

294 3676 332 3728 ci.
344 3678 414 3740 virg.
429 3677 483 3730 Eoi.
496 3678 525 3742 l,
539 3681 580 3730 ot.
596 3709 624 3718 -
636 3695 702 3745 pren
713 3683 817 3746 amicus]
854 3677 948 3746 μῶνα.
967 3682 1038 3744 Sept.
1058 3681 1118 3730 adv.
1132 3681 1180 3730 Th.
1198 3681 1260 3731 306:
1286 3674 1379 3740 βαθύ-

292 3750 421 3801 «libenter
443 3755 583 3816 pastorum
606 3757 756 3807 commodis
776 3758 819 3807 in·
855 3755 937 3814 χθον·
955 3751 1033 3805 αἶαν.
1062 3756 1151 3819 Eurip.
1170 3756 1299 3806 Androm.
1316 3753 1378 3804 636:

291 3827 413 3876 serviens
438 3827 524 3890 iisque
549 3832 691 3893 propterea
713 3843 817 3882 carus.»
855 3827 995 3893 πολλάκις
1021 3827 1052 3880 δέ
1077 3845 1122 3880 τοι
1149 3825 1234 3900 Ξηρά
1261 3828 1381 3890 βαθεῖαν

295 3927 321 3938 -
334 3901 497 3966 vespertinus]
510 3902 671 3956 adiectivum
689 3906 818 3971 temporis
855 3902 910 3970 γῆν
926 3904 1042 3970 ἐνίκησε
1053 3901 1158 3976 σπορὰ.
1180 3905 1228 3956 Alii
1246 3905 1301 3955 otto
1314 3900 1380 3953 mele

291 3991 340 4043 pro
366 3976 503 4029 adverbio.
541 3979 595 4028 Cic.
621 3992 670 4042 pro
696 3979 747 4032 Mil.
768 3982 816 4031 ⁴3:
856 3978 1316 4045 explicantuexcelsa,montuosa.»
1333 3978 1380 4028 No·

290 4054 421 4104 metronis
431 4051 542 4104 nonime.
562 4053 632 4114 virg.
648 4056 695 4102 Ge,
706 4054 734 4116 3,
750 4055 816 4105 iii:
856 4057 940 4106 stram
951 4055 997 4119 qui
1012 4055 1259 4119 interpretationem
1272 4053 1376 4112 reiioiet,

291 4127 348 4177 Non
372 4128 446 4190 lupus
469 4127 574 4178 insidias
598 4127 717 4188 emerat
741 4131 819 4180 ovilio
857 4129 964 4180 iorsitan
981 4131 1136 4192 acquiescat
1152 4130 1179 4180 in
1196 4129 1333 4187 iaimians,
1351 4126 1379 4175 ut

290 4202 386 4252 circum
406 4204 457 4254 Nec
479 4202 596 4268 crepitus
614 4207 752 4254 nocturnus
773 4204 818 4254 ob-
856 4219 881 4254 v.
901 4205 955 4254 aito
976 4205 1109 4256 artissime
1134 4205 1257 4268 iungatur
1279 4215 1339 4253 cum
1354 4211 1378 4247 v.

289 4276 410 4327 anonim.
438 4278 614 4330 Nemesianus
632 4277 733 4342 Cyneg.
750 4278 814 4331 324:
855 4280 995 4332 intumescit
1005 4280 1094 4344 sitque
1106 4279 1176 4330 adeo
1193 4291 1243 4343 pro
1255 4273 1379 4330 adverbio
