2998 4980
666 347 795 398 llORA'lll
812 347 981 400 clamabit

430 533 434 539 ¹
491 505 558 572 Urit
580 524 631 570 me
655 502 813 593 Glycerae
836 504 920 569 nitor
947 591 951 600 ¹

450 624 654 714 Splendentis
676 625 771 691 Pario
792 645 953 690 marmore
976 625 1103 711 purius;

491 747 560 815 Urit
580 754 670 834 grata
691 746 883 833 protervitas

449 869 487 933 Et
507 866 613 934 voltus
634 867 768 932 nimium
788 865 933 932 lubricus
954 865 1087 954 adspici.

492 1029 527 1092 ln
549 1047 601 1094 me
623 1035 690 1092 tota
711 1045 809 1092 ruens
831 1025 939 1092 Venus

448 1150 591 1238 Cyprum
613 1146 775 1224 deseruit,
800 1165 862 1212 nec
883 1145 1002 1233 patitur
1024 1145 1161 1236 Scythas
1331 1147 1379 1214 40

279 1527 372 1587 amori,
393 1537 475 1588 quem
497 1525 551 1574 iam
568 1535 713 1574 excussum
730 1520 803 1572 erbi-
841 1523 868 1571 et
892 1521 1004 1571 Veneris
1028 1519 1110 1571 veluti
1135 1521 1236 1584 praede
1257 1535 1377 1587 nequeo

279 1599 397 1651 treber.»
841 1595 960 1645 carmine
983 1593 1074 1646 dicere
1097 1596 1211 1658 Scythas
1232 1597 1378 1648 incursio-

310 1676 381 1726 5-7.
418 1671 546 1736 Glycerae]
571 1673 673 1722 Eodem
695 1671 802 1721 nomine
840 1681 889 1719 nes
915 1681 1026 1732 semper
1052 1670 1079 1719 in
1105 1682 1155 1720 nos
1181 1669 1312 1722 facientes
1346 1675 1378 1722 et

278 1751 361 1800 utitur
373 1748 420 1798 0d.
435 1750 458 1807 4,
478 1747 518 1807 30,
532 1746 556 1796 3.
572 1745 698 1808 idemque
711 1744 804 1794 tribuit
840 1754 950 1806 semper
966 1740 1104 1806 repulsos,
1127 1755 1179 1793 nec
1202 1743 1317 1796 Parthos
1338 1759 1377 1796 eo

278 1821 372 1875 Tibulli
381 1822 484 1872 arnicas
495 1822 578 1881 Odt
592 1819 668 1880 33,.5
681 1819 802 1883 -ParioJ
839 1816 899 1880 ipso
921 1817 1070 1877 animosos,
1093 1816 1167 1878 quod
1187 1815 1281 1868 callida
1305 1819 1375 1883 iuga

279 1898 355 1949 Haud
372 1896 526 1958 infrequens
544 1893 716 1957 comparatio
751 1894 803 1942 Po-
840 1890 946 1940 hostem
963 1853 1073 1940 eludunl
1087 1890 1229 1954 denuoque
1241 1894 1377 1955 aggredi-

278 1971 400 2034 sidippus
425 1966 531 2018 anthol
558 1966 612 2018 Pal
640 1969 659 2016 Ι
685 1979 711 2031 p
740 1966 801 2016 ⁴39:
839 1965 953 2024 nutum
974 1966 1030 2014 tum
1042 1959 1120 2034 παρὰ
1131 1963 1377 2035 προσδοκίανηοο

273 2037 329 2094 Εκ
345 2036 480 2168 τριχὸς’
460 2058 529 2113 expe
546 2037 641 2092 ποδῶν
659 2036 736 2110 ἱερὸν
751 2037 804 2090 4944-
840 2038 1091 2101 eneruauerunt
1101 2038 1136 2088 ad
1147 2053 1191 2090 me
1203 2054 1375 2127 amoresque

278 2118 391 2182 λος,ο
374 2113 423 2168 οἷά
455 2132 486 2168 τε
520 2113 624 2184 λύγᾱου
657 2113 800 2182 Γλυπτὴν.
839 2126 930 2174 meos,
954 2114 1031 2176 quasi
1054 2115 1145 2164 cetera
1166 2116 1255 2165 omnia
1272 2129 1376 2168 merae

278 2194 352 2245 Ovid.
372 2194 441 2244 Fest.
460 2193 485 2254 4,
504 2191 565 2243 435ε
589 2192 674 2242 Aurea
688 2205 803 2242 murmo-
839 2188 1035 2250 sintnugaea-
1046 2187 1181 2252 Scyriae«
1169 2190 1243 2239 istri
1255 2191 1375 2242 accolae

276 2283 320 2319 rec
336 2267 485 2318 redimicula
501 2267 587 2318 soluite
602 2267 672 2318 544445.
696 2265 800 2316 Anthol.
840 2263 952 2325 apo'etis
964 2261 1008 2311 et
1000 2263 1132 2325 imprimis
1145 2261 1179 2311 eb
1188 2263 1297 2314 Horatio
1309 2268 1376 2315 tum

278 2344 334 2394 Lat.
363 2344 454 2392 Burm.
484 2342 508 2403 3,
539 2343 601 2392 tit:
638 2341 768 2392 0545444544
788 2367 803 2377 -
840 2337 956 2386 maxime
974 2338 1230 2397 commemorentur,
1249 2351 1315 2388 cum
1335 2339 1375 2390 de

279 2419 393 2482 55554544
407 2418 474 2480 sacre
488 2415 668 2466 minorationis
683 2415 804 2466 noviomi
840 2411 1003 2474 gravissimis
1026 2411 1053 2459 et
1073 2411 1295 2474 pertinacissimis
1312 2414 1374 2464 Ro-

277 2494 382 2543 Porium
397 2493 479 2540 nitens
494 2491 602 2540 55454545
618 2493 670 2540 cet.
685 2517 713 2526 -
726 2495 803 2554 prata
840 2483 982 2535 mad'orum
1003 2483 1126 2536 hostibus
1148 2485 1295 2536 dicendum
1312 2491 1372 2549 est,

275 2565 438 2628 protervitas]
475 2565 585 2614 «iocosa
618 2563 801 2628 petulentia»,
840 2561 876 2609 iia
893 2561 923 2608 ut
943 2560 1118 2622 Scytharum,
1141 2561 1371 2623 Massagetarum,

279 2653 349 2702 quae
371 2641 476 2690 tantum
498 2637 588 2698 abest,
618 2640 647 2687 ut
669 2637 801 2699 offendat,
840 2631 1011 2694 selonorum,
1029 2633 1164 2684 Thracum
1175 2636 1372 2699 Dacorumque

278 2717 309 2764 ut
325 2713 423 2764 alliciat
438 2714 595 2762 amatorem.
624 2713 671 2762 Est
689 2715 804 2762 Graeco-
840 2709 948 2758 nomina
975 2708 1076 2771 pariter
1104 2710 1184 2771 atque
1213 2709 1371 2771 Medorum,

278 2803 339 2839 rum
356 2773 490 2858 45545545.
520 2786 692 2850 Asclepiades
713 2788 800 2850 Epigr.
839 2784 983 2833 Persarum
1000 2783 1213 2847 Parthorumque
1231 2786 1303 2848 apud
1314 2786 1373 2836 Ho-

279 2864 323 2913 t'i:
344 2856 384 2913 ‘H
397 2857 512 2932 λαμυρή
529 2863 559 2927 μ’
580 2855 687 2932 ἔτρωσε
704 2858 802 2911 Φιλαί-
839 2859 938 2908 ratium
958 2871 1023 2908 vere
1044 2854 1144 2910 devinci
1175 2858 1270 2909 haberi
1296 2872 1372 2922 que-

279 2944 351 2979 vcov.
840 2933 893 2982 ant.
929 2932 967 2981 iia
990 2933 1016 2981 in
1037 2933 1090 2983 hoc
1114 2934 1232 2983 carmine
1255 2947 1310 2985 non
1330 2935 1370 2986 oh

312 3005 336 3055 8.
356 3005 380 3054 e.
406 3003 517 3054 lubricus
533 3002 636 3066 auspici]
656 2996 803 3072 σφαλερὸς
839 3005 973 3070 singulare
995 3005 1103 3070 aliquod
1129 3007 1230 3058 iactum
1251 3008 1371 3070 Scytha-

278 3080 447 3143 βλέπεσθαι.
481 3077 583 3129 Eadem
606 3080 705 3128 constr.
730 3077 800 3140 Virg.
838 3095 901 3132 rum
926 3081 995 3132 lacta
1016 3082 1117 3131 mentio
1137 3082 1195 3142 est,
1222 3081 1271 3130 sed
1292 3083 1369 3144 quod

278 3158 343 3206 Aen.
357 3157 381 3217 6,
394 3155 440 3205 tc:
454 3155 586 3218 maiorque
594 3153 683 3202 uideri.
701 3151 802 3202 evoluti
839 3157 896 3206 noti
914 3157 940 3206 et
963 3156 1005 3205 sat
1026 3153 1112 3205 odiosi
1134 3155 1226 3205 hostes
1246 3157 1369 3206 essent.»

279 3233 305 3280 in
330 3232 372 3279 viu
395 3229 498 3279 lubrica
515 3241 565 3292 pes
582 3226 694 3288 labitur,
718 3229 754 3278 ita
776 3229 803 3276 in
840 3233 949 3282 Fmrun.
968 3231 1007 3280 De
1026 3230 1132 3292 Scythis
1150 3230 1257 3293 copiose
1276 3231 1304 3279 et
1320 3243 1370 3280 sa-

280 3307 338 3354 cius
365 3302 437 3354 voliu
460 3306 571 3368 propter
594 3303 694 3352 rrimies
712 3302 804 3352 illece-
841 3307 941 3369 gaciter
966 3305 1091 3355 disseruit
1108 3305 1131 3353 J.
1151 3305 1252 3354 Grimm
1278 3305 1367 3355 Gerra

279 3378 343 3427 bras
369 3375 438 3428 oculi
463 3379 519 3426 tuto
545 3375 588 3438 figi
612 3377 654 3425 vix
674 3379 800 3440 possunt;
840 3381 885 3429 der
902 3381 926 3428 d.
945 3381 1003 3441 Spr.
1022 3381 1041 3428 Ι.
1060 3393 1087 3443 p.
1106 3379 1227 3443 tl8sqq.
1243 3407 1271 3415 -
1287 3382 1370 3430 uersis

280 3449 372 3502 sedin
396 3462 428 3499 eo
451 3449 606 3513 aspiciendo
623 3452 735 3514 propter
750 3451 802 3500 hoc
840 3481 854 3490 -
866 3454 944 3517 cquis]
960 3455 1031 3516 virg.
1051 3456 1146 3516 Georg.
1165 3454 1189 3514 3,
1209 3454 1254 3503 ai:
1273 3453 1368 3504 Fiden-

279 3527 368 3588 ipsum
394 3523 545 3587 periculum
567 3526 620 3586 est,
648 3537 682 3574 ue
704 3526 803 3576 amoris
840 3534 937 3590 45455444
956 3528 1022 3592 supa
1043 3529 1163 3578 4444444545
1184 3529 1310 3590 versisque
1325 3543 1369 3579 su-

279 3602 339 3662 igne
360 3599 488 3662 flagres.»
523 3600 574 3649 Pro
597 3595 686 3668 ὑγρῷ,
713 3597 801 3660 molli,
839 3603 916 3666 944444,
954 3602 1034 3652 Verris
1052 3603 1122 3664 equis
1138 3602 1245 3652 omnino
1263 3601 1368 3664 signifi-

278 3672 396 3733 lascivo,
426 3671 520 3723 haberi
550 3675 643 3736 nequit
671 3671 714 3722 vel
739 3685 804 3736 pro·
840 3679 885 3728 cat
907 3675 962 3726 aab
985 3677 1063 3727 hoste
1086 3678 1208 3726 aversisn
1232 3675 1314 3740 (Ouid.
1334 3679 1365 3728 Α.

278 3751 339 3813 pter
356 3748 476 3799 additum
494 3761 518 3800 v.
538 3749 647 3812 54445444,
671 3748 805 3811 quodmi-
841 3753 870 3804 A.
890 3750 920 3811 3,
949 3751 1010 3801 ’4864
1043 3752 1073 3801 444
1093 3751 1158 3801 celer
1181 3751 1275 3800 44554444
1296 3755 1368 3803 utere

281 3823 804 3887 nimeotiosnmest.-rueas]Eu-
839 3825 1154 3888 pubesceremus
1182 3825 1366 3877 «adhostem

279 3899 329 3962 rip.
349 3897 462 3986 Hippoi.
472 3897 532 3949 ti3:
560 3894 670 3984 Κύζρις
691 3893 746 3968 γὰρ
768 3889 802 3948 οὐ
841 3902 1005 3954 conversis.»
1035 3914 1152 3962 —quue
1172 3901 1235 3950 444544
1250 3902 1366 3967 4444454444]

278 3969 423 4042 φορητόν,
442 3965 479 4037 ἢν
496 3967 620 4038 πολλὴ’
605 3969 669 4043 pap.
842 3977 884 4027 Sic
905 3974 1028 4025 absolute
1049 3975 1130 4025 etiam
1156 3977 1212 4026 Scr.
1240 3974 1274 4024 ed
1301 3976 1364 4026 Her.

313 4050 374 4098 444-
380 4049 417 4098 45.
429 4046 586 4098 4454445544
594 4049 633 4097 to
641 4047 738 4111 Bergk
750 4043 805 4098 Κύ-
842 4053 870 4110 4,
884 4051 912 4111 4,
926 4052 954 4100 i:
974 4063 1006 4100 ea
1020 4049 1215 4112 coequroeunt
1228 4051 1368 4112 qudeeilril

281 4136 358 4208 ,τρον
367 4117 489 4210 ἱμερτὰν
506 4120 685 4173 λιποϊσακαὶ
696 4117 803 4184 Πάφον
841 4089 986 4176 5444544554

281 4191 509 4268 περιῤῥύτανμ-
537 4201 653 4248 «Amore
674 4198 802 4262 abreptus
875 4199 913 4250 43.
932 4201 1034 4250 44454454-
1039 4198 1180 4263 caespitem]
1193 4200 1328 4250 virentem
1339 4205 1367 4250 et
