2992 4978
668 495 671 500 .
689 444 816 496 HOlithl
835 443 1004 496 chaumati

689 1011 926 1076 cm
955 1012 1007 1072 V·

466 1211 563 1279 Caelo
583 1221 746 1278 tonantem
767 1209 965 1277 credidimus
988 1211 1096 1277 lovem

467 1337 630 1422 Regnare:
655 1353 811 1420 praesens
833 1333 928 1398 divus
951 1332 1124 1399 habebitur

364 1570 395 1620 V.
414 1573 496 1621 inser.
514 1570 583 1635 vulg.
619 1572 648 1620 ln
663 1571 763 1620 4444444444
780 1570 894 1620 Caesaris
910 1569 1023 1633 dumeti.
1053 1597 1080 1604 -
1110 1569 1147 1620 Ad
1164 1570 1247 1620 divum
1262 1571 1342 1633 lupi-

330 1649 396 1696 4444444
412 1645 476 1695 Ebc.
498 1673 525 1681 -
543 1646 572 1694 444
589 1645 707 1695 lauaem
723 1644 828 1708 depasti
845 1643 890 1692 ST.

330 1861 360 1910 V.
381 1859 537 1918 «Phraates
559 1871 621 1908 com
639 1871 662 1907 a.
680 1871 706 1907 u.
726 1871 749 1908 c.
764 1857 821 1906 734.
861 1871 893 1907 ac
910 1856 1084 1921 probabiliter
1101 1857 1135 1908 ad
1153 1872 1176 1908 a.
1196 1859 1252 1910 728.
1270 1856 1310 1908 vel
1321 1857 1371 1907 tta

297 1933 380 1984 lilium
398 1935 497 1983 Romae
515 1932 653 1982 detentum
670 1945 702 1980 ea
717 1930 775 1994 lege
788 1931 822 1980 ab
861 1931 1033 1982 referendum
1050 1945 1111 1983 esse
1129 1935 1284 1984 statuerunt.

296 2009 415 2071 Augusto
432 2009 593 2070 recepisset,
615 2007 645 2056 ut
662 2007 781 2070 captivos
797 2008 823 2072 ei
894 2006 917 2055 4.
948 2007 1030 2071 Coelo]
1056 2008 1139 2070 lungo
1168 2007 1236 2057 caelo
1260 2020 1372 2071 repham,

297 2085 371 2146 signa
400 2081 522 2132 militaria
548 2083 636 2132 Crassi
667 2084 694 2132 et
717 2083 823 2132 Antonii
860 2083 890 2130 ut
907 2081 1046 2142 Lucan.3,
1066 2080 1126 2131 348:
1145 2083 1266 2144 sortisque
1281 2082 1374 2131 deomm

297 2156 418 2208 cladibus
441 2157 539 2207 amissa
565 2157 732 2216 restitueret,
760 2155 822 2205 huic
859 2157 981 2220 lpnarum
997 2156 1103 2206 mortale
1119 2170 1198 2219 pentes
1210 2171 1258 2219 per
1277 2156 1373 2220 sulaha

297 2235 387 2284 44444444
405 2233 435 2282 ut
451 2231 631 2292 satisfaceret,
659 2230 732 2282 haud
748 2232 823 2296 prius
860 2235 958 2280 tantum
986 2231 1067 2280 Sciret
1093 2231 1175 2280 adhoc
1205 2232 1273 2282 eaelo
1305 2231 1374 2280 44444444

299 2305 399 2371 impelli
425 2308 523 2371 potuit,
550 2319 632 2370 quarn
656 2320 687 2356 ea
711 2305 746 2356 ab
767 2307 823 2356 hu·
859 2319 967 2369 4444444
980 2307 1122 2356 Tonantem.
1141 2305 1189 2356 Alii
1202 2307 1372 2357 miuusrecte:

297 2385 389 2446 gusto,
417 2395 499 2444 quem
524 2384 550 2432 io
572 2384 662 2433 Asiam
686 2383 822 2432 traiecisse
861 2381 892 2443 (ei
916 2381 984 2430 caelo
1009 2386 1143 2432 4444444444.
1173 2401 1200 2417 ⁴-
1227 2381 1373 2442 444444ἰά44444]

298 2459 326 2506 44
344 2455 378 2506 ad
390 2457 494 2519 Syriam
510 2469 596 2519 usque
608 2458 765 2521 pervenisse
778 2470 823 2507 sa·
861 2468 998 2519 asemper,
1023 2457 1104 2518 atque
1123 2456 1277 2506 etiamnunc
1297 2455 1375 2505 credi-

297 2532 331 2580 tis
356 2529 508 2592 constabat,
535 2530 606 2581 bello
629 2533 773 2595 repetitum
791 2532 823 2581 iri
861 2542 947 2579 mus.»
967 2530 1041 2592 (el'ro
1054 2531 1128 2580 cerlo
1146 2529 1278 2582 habemus
1296 2531 1374 2580 lovem

299 2605 368 2656 lama
386 2605 595 2669 percrebuisset.
620 2605 682 2656 Erat
698 2607 823 2666 isandus
860 2604 926 2654 caeli
955 2617 1016 2655 esse
1045 2617 1152 2667 regem,
1189 2606 1250 2668 quia
1279 2607 1373 2655 tonat·

298 2692 324 2729 u.
344 2693 367 2729 c.
387 2679 444 2730 734.
468 2681 541 2740 Quae
559 2693 603 2730 res
622 2682 671 2731 etsi
689 2695 720 2730 44
738 2683 822 2745 pactis
861 2681 948 2728 Gross.
968 2680 1035 2740 4444.)

297 2767 361 2805 com
386 2755 489 2805 Parthis
516 2756 550 2804 ita
577 2757 650 2805 esset
675 2759 820 2817 transacta,
892 2753 947 2804 4-4.
970 2754 1098 2818 praesen]
1116 2749 1269 2818 ἐπιφανής.
1300 2755 1338 2804 Sic
1353 2753 1374 2800 in

296 2832 445 2892 Augustum
463 2832 566 2890 44444444,
585 2830 726 2893 quodsolo
739 2833 824 2882 nomi·
860 2829 977 2878 nummis
1003 2830 1029 2878 di
1049 2835 1191 2890 praesentes
1216 2833 1244 2880 et
1262 2841 1374 2892 4444444444-

298 2905 338 2954 nis
367 2904 407 2954 sui
433 2905 535 2954 terrore
563 2905 705 2968 Phraaten,
736 2909 765 2956 ut
791 2920 821 2956 ea
859 2903 953 2952 tissimi.
991 2905 1167 2968 spanhemius
1193 2906 1212 2954 1.
1240 2917 1299 2969 pag.
1325 2902 1373 2954 446-

298 2981 392 3040 staret,
412 2979 555 3042 adegisset,
574 2981 609 3030 ita
623 2992 684 3031 sese
696 2980 821 3032 extulisse
859 2980 957 3027 huson.
978 2979 1054 3028 Caes.
1074 2981 1102 3028 t:
1130 2981 1278 3042 Augustum
1301 2981 1373 3028 lioun

298 3055 414 3116 constat,
441 3056 472 3104 ut
488 3055 620 3105 maximae
639 3056 721 3106 instar
736 3057 823 3106 victo·
859 3052 888 3100 ln
904 3054 979 3102 444444
991 3054 1102 3115 positam
1113 3054 1219 3103 4444444444
1235 3067 1286 3104 esse
1302 3055 1372 3102 dcco.

298 3129 354 3178 riae
372 3129 567 3180 restitutionem
589 3129 667 3180 istam
684 3130 820 3190 habuerit,
860 3125 913 3176 Cir·
933 3127 980 3176 Od-
1001 3128 1029 3188 4,
1049 3128 1091 3188 42,
1110 3129 1150 3177 54-
1181 3127 1209 3188 4,
1230 3128 1273 3188 44,
1294 3128 1332 3178 43-
1351 3151 1372 3160 -

298 3203 586 3266 orationequeetarcu
599 3203 763 3268 triumphali,
778 3205 824 3254 de-
859 3201 997 3266 4444444444]
1018 3201 1114 3252 Strabo
1136 3201 1160 3252 4.
1179 3216 1206 3266 p.
1226 3203 1290 3253 200:
1314 3199 1373 3252 li'orl

299 3277 380 3340 nique
398 3278 515 3328 nummis
532 3291 601 3342 quae
625 3279 822 3340 celebraretur,
859 3277 959 3341 μέντοι
985 3274 1042 3326 τῶν
1067 3274 1217 3327 δυναστῶν
1236 3293 1309 3340 τινες
1327 3270 1374 3326 seir

299 3350 406 3414 dignam
423 3351 536 3401 duxerit.
572 3353 625 3402 Clr
648 3355 760 3404 Dionem
777 3354 821 3414 iti,
860 3345 966 3401 αὐτόθι
983 3350 1176 3422 πρεσβεύσεσι
1194 3355 1244 3403 καὶ
1255 3351 1375 3441 depasei-

298 3425 339 3474 8.
359 3426 552 3476 hirrscusrurcu.
573 3428 824 3490 (Nummorumillo-
860 3442 906 3488 αις
927 3423 1217 3492 κατασκευασάμενοι
1238 3424 1291 3493 τὴν
1314 3421 1374 3496 πρὸς
1470 3479 1471 3503 ¹

299 3514 359 3551 rum
387 3504 451 3554 salis
479 3502 658 3566 haurientium
686 3505 823 3569 inscriptio
860 3501 996 3588 Καίσαρα
1023 3497 1075 3551 τὸν
1099 3498 1251 3562 Σεβαστὸν
1275 3501 1373 3564 φιλίαν,

299 3573 341 3623 vel
360 3574 515 3641 simpliciter
527 3583 623 3630 sionis.
642 3581 768 3631 liscams
780 3578 822 3629 vel
860 3571 1037 3642 αναθηματα
1046 3591 1076 3626 ee
1085 3571 1256 3644 ανεθηκαν
1242 3593 1272 3628 εν
1281 3591 1319 3644 τω
1307 3573 1374 3624 'lic-

299 3649 396 3701 Srours.
437 3651 577 3703 4444444444.
621 3655 746 3705 liscsrrrs
780 3651 822 3703 vel
861 3650 1044 3717 πιτωλίῳκσ)
1057 3653 1168 3703 ornatae
1179 3649 1285 3712 σχεδον
1296 3667 1322 3702 u
1332 3663 1373 3698 4444

300 3725 378 3774 ciris.
405 3727 450 3775 Er.
475 3727 546 3778 Sicu.
576 3729 663 3778 Mrcrr.
692 3729 721 3779 A.
748 3732 820 3780 Pmr.
860 3725 1040 3798 ρεσκεύασαν
1064 3733 1125 3790 τοῖς
1141 3721 1294 3792 Ῥωμαλοις
1313 3717 1373 3788 ὅλην

299 3801 390 3849 444444.
410 3799 502 3851 hliiller
526 3803 630 3852 4444444444,
658 3804 688 3852 V.
714 3807 744 3854 N.
763 3803 820 3854 354.
860 3799 913 3867 τὴν
930 3801 1030 3866 νῆσον.
1050 3805 1117 3854 Satis
1134 3802 1373 3867 hyperbolicepm·

300 3874 446 3925 EchhelD.
460 3877 490 3925 N.
509 3875 551 3925 Vl
567 3890 594 3940 p.
610 3879 665 3927 404.
680 3878 734 3928 Clr.
748 3879 822 3928 44444-
860 3881 920 3943 pter
937 3881 1004 3928 haec
1021 3880 1207 3928 Britannorum
1225 3878 1372 3936 offidaerp

299 3949 426 3999 cherldo
443 3951 522 3999 Vario
539 3964 598 4014 pag.
619 3950 736 4014 373.—)
759 3952 822 4003 Vol·
861 3956 1008 4016 Augustum
1026 3956 1053 4003 et
1070 3953 1291 4016 expeditionem
1285 3953 1374 4002 444444·-
1469 3961 1470 3970 ’

299 4025 369 4088 garis
394 4027 453 4074 erat
478 4025 545 4074 haec
570 4023 633 4076 olim
659 4028 754 4091 opinio
790 4029 824 4078 ht
862 4029 921 4078 thos
938 4029 1125 4091 praeparatam
1142 4029 1286 4090 utramque
1300 4023 1372 4076 naha·

299 4101 408 4164 propter
441 4100 611 4163 gravissimas
648 4103 763 4151 rationes
797 4105 823 4152 et
862 4115 923 4152 nem
942 4103 966 4151 in
985 4101 1118 4152 dicionem
1140 4103 1287 4152 Romanam
1305 4095 1372 4150 redt-

300 4175 444 4224 44444444.
464 4175 527 4226 Hor
548 4189 573 4238 p.
593 4175 649 4224 489.
669 4179 696 4226 44
719 4176 824 4226 liibircr
861 4179 932 4228 ctam
950 4189 1012 4226 csse
1030 4177 1094 4227 drcrt
1105 4175 1146 4226 vel
1160 4177 1247 4239 potrus
1259 4173 1370 4224 valterus

299 4249 350 4299 hoc
376 4262 484 4300 carmen
512 4251 600 4313 potius
626 4253 687 4301 anto
712 4253 777 4300 cives
801 4257 824 4302 et
862 4255 917 4311 tur,
946 4265 1008 4302 mox
1028 4251 1097 4310 lore,
1125 4252 1154 4300 ut
1171 4253 1198 4300 et
1215 4250 1256 4301 illa
1275 4247 1371 4300 elnac

298 4325 370 4387 sipha
387 4325 510 4374 4444444444
520 4337 537 4374 a
548 4326 645 4376 Parthis
662 4331 821 4390 recuperato,
861 4327 1025 4376 domaretur.
1037 4353 1062 4362 -
1073 4327 1168 4376 Graves
1177 4329 1268 4377 aulem
1278 4328 1369 4376 Persic
