3002 4974
665 355 793 405 HOHATH
812 353 980 406 caumata

595 809 1016 874 (immm-

531 983 601 1046 Nou
623 981 705 1048 ebur
726 1001 833 1068 neque
855 1000 988 1046 aureum

575 1103 645 1170 Mea
666 1101 792 1170 renidet
813 1102 845 1166 in
867 1101 964 1168 domo
986 1100 1133 1178 lacunar,

532 1227 601 1292 Non
625 1225 732 1291 trabes
755 1224 935 1314 Hymettiae

344 1398 431 1449 XVIII.
450 1400 533 1450 Inacr.
551 1395 620 1460 vulg.
643 1363 806 1447 ae'avamn
823 1394 905 1444 etsie
922 1394 967 1443 ST.
990 1421 1017 1429 -
1036 1394 1074 1444 Ad
1089 1407 1184 1444 aueum
1200 1394 1229 1444 B.
1250 1421 1277 1430 -
1294 1394 1328 1443 Ie

310 1487 404 1523 cortun
414 1472 441 1522 h.
463 1500 491 1509 -
509 1474 548 1522 De
563 1472 715 1522 continentia
732 1484 783 1533 quo
795 1474 972 1532 paupertatem
988 1482 1061 1519 uum
1076 1469 1170 1518 divitiis
1183 1469 1294 1532 praefert
1304 1483 1327 1518 c.

315 1575 340 1584 -
360 1547 385 1598 3.
403 1549 542 1610 Hyrnettiaa
555 1547 705 1596 --recisae
726 1546 773 1596 Th.
793 1543 868 1604 Gale,
893 1557 946 1594 non
968 1542 1181 1608 improbantibus
1203 1541 1286 1594 Bentl.
1304 1545 1329 1594 et

312 1621 442 1686 Cuningh.

312 1762 400 1812 XVIII.
425 1763 495 1826 «Ego
513 1762 642 1813 mediocri
657 1773 718 1812 mea
734 1761 805 1811 sorte
842 1773 892 1812 seu
908 1758 1009 1822 llbyco
1024 1758 1097 1822 (Epp.
1113 1759 1138 1819 t,
1153 1759 1195 1820 to,
1215 1757 1276 1821 ta),
1293 1755 1359 1822 quod

283 1837 424 1887 contentus
449 1836 568 1900 despicio
593 1849 706 1897 avaros,
737 1847 806 1899 quos
842 1831 1094 1898 volgoappellemus
1105 1833 1287 1896 ριάὶὶοανιιίοο.
1305 1833 1358 1882 Im.

282 1923 368 1972 aeque
390 1923 422 1960 ac
442 1923 576 1974 pauperes
597 1923 671 1960 mors
688 1911 805 1960 menet.»
843 1908 938 1960 Strabo
963 1909 987 1957 9.
1014 1920 1042 1972 p.
1069 1907 1134 1958 ote:
1160 1903 1317 1978 μαρμάρου
1337 1903 1358 1955 δ’

283 1985 416 2048 Scriptum
440 1985 547 2034 videtur
570 1998 679 2035 carmen
702 1986 808 2035 circiter
843 1983 905 2036 ἐστὶ
913 1975 1221 2048 τῆςτεὙμηττίαςκσὶ
1232 1980 1359 2048 τῆςΠεν-

282 2073 306 2108 a.
325 2073 352 2108 u.
372 2073 396 2109 o.
416 2058 473 2108 726.
493 2059 546 2109 Cir.
565 2059 613 2110 od.
633 2059 716 2121 Ml.
736 2060 809 2110 simi·
844 2058 956 2125 τελικῆς
979 2053 1120 2108 κάλλιστα
1145 2056 1274 2124 μέταλλα
1295 2056 1360 2123 πλη-

280 2132 313 2184 lis
330 2132 408 2197 plane
426 2135 583 2198 argumenti.
598 2162 626 2171 -
645 2136 706 2199 Ipsa
717 2137 807 2185 autem
844 2136 910 2186 otoo
934 2129 988 2198 τῆς
1009 2129 1127 2195 πόλεως.
1162 2132 1296 2184 Amabant
1317 2146 1361 2183 au-

282 2208 375 2269 metrI,
395 2210 425 2258 ut
440 2209 476 2258 ita
493 2209 594 2270 dmum,
613 2208 764 2260 volubilitas
782 2210 809 2258 et
845 2213 900 2260 tem
922 2209 1023 2272 antiqui
1043 2209 1113 2258 hanc
1136 2220 1302 2258 marmorum
1318 2221 1362 2257 va·

284 2281 407 2334 celeritas
433 2283 543 2334 mirifice
569 2284 673 2335 confert
694 2285 730 2334 ad
746 2284 810 2334 alle-
844 2285 981 2344 rietatem,
1000 2285 1030 2332 ut
1045 2283 1071 2333 In
1084 2282 1194 2346 Hippiae
1205 2281 1302 2332 balneo
1313 2283 1363 2346 μη·-

284 2358 357 2408 ctum
374 2359 455 2408 animi
472 2371 519 2409 aua
532 2361 604 2410 sorte
617 2373 728 2423 prorsus
743 2371 809 2409 con·
845 2371 921 2410 mum
938 2359 996 2409 erat
1012 2359 1189 2417 Laconicum,
1208 2360 1266 2408 tum
1284 2357 1363 2419 Phry·

283 2431 349 2481 tenti
366 2434 446 2495 atque
464 2434 567 2494 omnin,
592 2445 662 2496 quae
679 2447 809 2497 superva-
846 2435 930 2498 mum,
957 2433 1073 2496 denique
1090 2429 1193 2497 Νομὰς
1210 2430 1310 2495 λίθος,
1338 2433 1364 2480 ut

283 2517 367 2555 canen
384 2508 457 2568 sunt,
482 2520 545 2557 cum
561 2508 673 2559 honesta
691 2509 808 2572 quadarn
845 2509 897 2559 hle.
915 2508 981 2558 Vide
991 2507 1097 2558 Lucien.
1109 2507 1187 2571 Hipp,
1197 2509 1222 2557 3.
1232 2508 1296 2558 Stat.
1306 2503 1362 2556 silv.

283 2571 392 2629 laetitia
413 2583 565 2645 spernentis
594 2583 806 2647 exprimendum.
846 2584 874 2644 4,
902 2583 933 2643 3,
960 2581 1008 2632 et:
1042 2583 1183 2633 aarum
1207 2583 1305 2642 trabea,
1333 2593 1364 2630 aa

285 2655 420 2717 (Ceterum
443 2656 567 2708 Horatius
590 2659 633 2708 hic
656 2660 758 2709 tautum
776 2672 809 2708 eo
845 2660 951 2710 Mauros
973 2656 1084 2718 anetem
1103 2661 1199 2719 postet,
1224 2657 1264 2706 An
1284 2658 1365 2719 pictat-

283 2741 349 2780 usus
364 2731 424 2794 est.)
844 2739 905 2783 rato
921 2731 1029 2782 tucettta
1043 2744 1177 2780 motatore
1191 2745 1257 2782 oeta
1271 2727 1365 2782 Mirer?

317 2804 341 2854 t.
360 2806 384 2855 2.
403 2805 472 2871 etto]
491 2821 553 2869 apro
569 2809 707 2860 ἀεήυαιίυο
723 2808 809 2859 ebur·
845 2811 874 2859 ln
899 2805 996 2858 balneo
1029 2803 1131 2856 Claudii
1162 2806 1266 2856 Etmsci
1298 2803 1364 2870 apud

285 2893 395 2930 neum.»
405 2879 808 2946 Gloss.CndlcisT.Bacohylidia
846 2885 910 2934 Stat.
924 2880 986 2933 SilV.
999 2884 1028 2942 4,
1042 2883 1072 2942 3,
1090 2881 1136 2930 36:
1155 2881 1217 2930 Sota
1226 2881 1365 2946 ettotam&

286 2957 326 3006 Fr.
337 2956 378 3006 27.
386 2957 484 3020 Bergk:
498 2955 596 3028 χρυσῷ
605 2955 628 3007 δ’
638 2958 810 3021 eumentes
845 2957 989 3009 Nomadum
1009 2956 1093 3006 dacae
1112 2955 1219 3006 meuttte
1242 2957 1363 3019 metra

284 3032 494 3103 μαρμαίροισιν
513 3027 599 3084 οἶκοι.
623 3061 650 3072 -
672 3048 779 3085 aorem
795 3061 810 3072 -
846 3033 967 3097 Propert.
986 3031 1016 3093 3,
1034 3032 1066 3092 2,
1085 3031 1115 3080 9:
1147 3032 1218 3094 Quod
1240 3045 1291 3082 ooo
1309 3031 1365 3081 Iue-

285 3107 404 3172 tacautcr]
425 3107 566 3160 «eburneis
584 3113 612 3160 at
627 3111 716 3162 aureis
732 3108 811 3160 lami·
846 3109 928 3160 uetita
944 3109 1031 3158 mmet
1046 3112 1082 3157 eet
1097 3107 1159 3156 milti
1174 3107 1242 3172 sotto
1252 3107 1366 3158 cutm

287 3182 328 3232 nie
345 3185 468 3234 ornatum
485 3182 595 3235 lacunar
609 3197 631 3235 s.
643 3183 754 3249 laquear
768 3183 811 3234 vel
846 3186 898 3234 Nee
922 3196 1025 3234 coetera
1050 3187 1158 3232 curmae
1184 3183 1251 3232 tuter
1278 3182 1367 3232 mmo

286 3256 426 3320 laqueare,
446 3256 637 3322 laquearium.»
665 3259 811 3310 Deformis
846 3259 978 3310 trutm—
992 3257 1024 3308 At
1039 3259 1128 3308 Motae
1143 3256 1251 3307 amnica.
1270 3257 1367 3307 Seneca

287 3331 366 3383 huius
382 3346 442 3383 voe.
462 3333 509 3382 cIr.
528 3331 665 3384 Markland
683 3333 717 3384 ad
737 3333 811 3384 Statii
847 3331 1034 3396 Thyestem:
1053 3333 1165 3381 Immune
1180 3336 1285 3394 tecm,
1303 3331 1369 3381 catut

287 3404 348 3455 Silv.
362 3405 391 3468 l,
405 3407 434 3468 2,
447 3407 489 3456 et.
508 3404 594 3458 llanil.
607 3408 632 3468 e,
645 3407 707 3458 292:
731 3408 813 3458 tm'cti-
847 3412 955 3458 aurotaa
979 3405 1062 3456 trote
1080 3405 1163 3455 Variis
1178 3405 1311 3456 cottam
1325 3417 1369 3455 tto-

288 3481 335 3529 nio
345 3481 441 3542 tentalis
452 3481 613 3542 Camertem,
632 3482 736 3544 tectique
746 3495 812 3532 wo
848 3483 907 3532 bttet
929 3481 1035 3532 menate
1058 3481 1151 3544 [meat.
1198 3479 1252 3530 Cir.
1272 3481 1369 3532 Becker

290 3555 556 3606 tomeesctrnurauro.
574 3558 686 3606 Pausen.
698 3557 723 3618 t,
736 3556 809 3618 tea:
849 3557 936 3608 Guttae
951 3556 971 3605 1.
990 3554 1034 3605 ed.
1053 3553 1097 3605 alt.
1116 3567 1142 3618 p.
1162 3553 1194 3604 33
1211 3566 1253 3617 sq.

289 3625 437 3694 οἰκήματα
448 3659 463 3669 -
475 3657 491 3668 -
502 3624 603 3702 ὀρόφῳ
620 3644 651 3680 re
665 3629 811 3702 ἐπιχρύσῳ
881 3634 906 3682 e.
924 3643 1004 3692 neque
1019 3629 1111 3693 Anuli]
1130 3629 1238 3691 «Neque
1249 3641 1329 3691 uem,
1345 3629 1370 3676 ut

288 3703 339 3754 aot
355 3697 530 3776 ἀλαβάστρῳ
547 3703 627 3771 itte.
654 3732 682 3742 -
708 3706 811 3771 renidet]
849 3703 990 3770 aliquando
1022 3704 1054 3766 (a.
1075 3717 1101 3754 u.
1123 3716 1147 3753 c.
1169 3703 1237 3765 62⁴.)
1264 3703 1371 3754 Romani

289 3779 342 3830 Cir.
353 3779 401 3829 oe.
414 3779 439 3842 2,
452 3781 477 3842 5,
492 3781 531 3830 te.
549 3782 653 3831 Lueret.
667 3782 692 3843 ἱ,
704 3781 748 3831 at:
761 3781 813 3830 Nec
847 3780 929 3832 veluti
953 3793 986 3830 ex
1010 3780 1146 3843 insperato
1170 3777 1289 3830 heredes
1314 3777 1370 3830 lacti

289 3855 577 3921 communetotum
587 3857 811 3918 meoquerettaet.
849 3859 912 3908 sunt
926 3853 1004 3906 Attali
1020 3855 1063 3905 111.
1084 3851 1282 3916 Philometoris,
1305 3853 1371 3918 regis

322 3929 346 3979 3.
371 3929 461 3980 Italae
475 3931 615 3993 qumtttee
631 3931 694 3981 sunt
711 3931 813 3996 episty-
848 3929 1016 3994 Pergameni
1031 3930 1143 3993 eiusque
1155 3929 1258 3992 regiam
1269 3928 1373 3979 thesau-

287 4001 320 4054 lia
329 4003 527 4070 (orclttrooilex
535 4018 671 4056 marmore
680 4003 811 4058 albicante
849 4019 948 4070 rosque
966 4005 1143 4070 occuparunt,
1162 4015 1215 4067 qua
1232 4004 1371 4054 occasione

290 4079 387 4130 montis
404 4079 521 4142 Hymetti
536 4093 620 4144 prope
638 4080 766 4141 athenam
786 4083 813 4132 et
850 4079 932 4133 multa
961 4080 1070 4145 impune
1102 4079 1225 4129 everwre
1252 4077 1372 4142 poterant

288 4155 418 4206 columnae
440 4156 535 4206 rectem
559 4169 593 4206 eu
615 4156 705 4206 ultima
725 4156 813 4220 Attice
848 4155 927 4219 legati
945 4154 979 4205 ad
994 4166 1124 4205 camrem
1137 4150 1371 4204 administrandam

287 4231 351 4281 suut
359 4228 663 4282 columnaeemarmore
672 4230 811 4284 Numidico
849 4231 938 4292 miset,
966 4230 1001 4280 ita
1027 4241 1076 4292 ego
1103 4227 1262 4292 necopinato
1287 4225 1372 4290 alique
