3078 4978
573 429 673 478 444444.
711 429 807 479 elau.
829 430 859 478 u.
1040 469 1048 482 .
1211 425 1266 490 44444

353 587 467 670 Neque
491 584 647 652 excitatur
669 583 805 650 classico
828 583 919 650 miles
943 584 1042 660 truci,
1078 621 1087 642 .
1252 586 1271 646 ὅ

395 707 507 792 Neque
531 705 639 771 horret
663 705 777 771 iratum
799 726 908 780 mare,

353 830 535 915 Forumque
558 827 634 892 vitat
656 836 688 892 et
709 825 852 914 superba
875 827 993 893 civium

351 935 354 940 ’
396 949 616 1016 Potentiorum
639 947 761 1014 limina.-

353 1070 436 1158 Ergo
459 1080 514 1136 aut
534 1068 642 1136 adulta
664 1069 776 1135 vitium
798 1070 976 1157 propagine

393 1190 479 1258 Altus
502 1191 628 1257 maritat
650 1190 804 1278 populos,

351 1315 412 1378 444
436 1314 465 1378 in
490 1312 624 1378 reducta
647 1311 730 1378 valle
754 1313 963 1400 mugientium

247 1513 270 1560 t.
290 1511 340 1560 Nec
357 1513 375 1560 t,
397 1538 422 1546 -
443 1511 467 1560 6.
486 1511 536 1560 Nec
553 1509 630 1570 bod,t
648 1513 675 1560 et
693 1509 835 1561 Bentleius.
853 1538 880 1546 —
900 1511 923 1561 9.
944 1511 1046 1562 4444444444
1062 1525 1085 1559 o.
1101 1513 1239 1576 propagini

216 1586 308 1636 Bothe.
338 1611 366 1621 -
396 1586 443 1634 Vv.
464 1585 510 1645 444,
531 1584 578 1641 43,
599 1584 638 1635 44.
669 1585 712 1644 44Ι
733 1586 778 1646 44,
799 1585 829 1635 tlt
851 1586 901 1634 cet.
944 1587 972 1633 G.
992 1584 1129 1636 Fabricius
1147 1586 1235 1645 4544,

216 1661 246 1710 Η.
267 1659 416 1724 Stephanus
434 1659 523 1720 4544,
543 1657 608 1710 Cod.
636 1657 726 1710 Alteri.
747 1660 786 1725 (4),
804 1658 998 1722 44444444444444,
1026 1663 1149 1725 Deeriug.
1186 1660 1238 1712 Sed

214 1732 343 1784 librarum
360 1733 482 1784 ordinem
499 1735 615 1785 restituit
630 1733 719 1798 Roget.

186 1924 242 1960 cere
260 1911 339 1960 44444444
355 1910 399 1960 aad
416 1923 524 1960 44444444.
546 1935 575 1946 -
598 1909 708 1974 84444444]
744 1909 823 1975 pulus
850 1913 923 1976 nigra
954 1907 1054 1963 minus'
1073 1913 1157 1964 deuse
1191 1910 1268 1972 44444,

183 1984 707 2048 uquinequedataequeeccipitienori.»
744 1983 845 2050 palmiti
870 1985 991 2051 pluribus
1026 1985 1149 2037 indurato
1175 1987 1268 2046 annis,

215 2060 287 2110 5-8.
309 2060 402 2124 Neque]
422 2061 529 2122 «Neque
547 2058 641 2109 militat
657 2071 708 2109 nec
745 2073 827 2124 quem
844 2063 979 2110 draconem
996 2059 1142 2120 vocabant,
1162 2061 1271 2110 marita-

185 2135 366 2184 mercaturem
378 2135 486 2183 exercet
503 2147 553 2184 nec
571 2135 707 2196 tamquam
744 2134 834 2185 batur.
853 2132 917 2185 Pliu.
931 2135 961 2184 44.
975 2136 1006 2185 N.
1021 2136 1050 2184 tr
1060 2173 1066 2195 ‚
1078 2133 1126 2194 23,
1139 2133 1179 2185 ³5.
1203 2136 1270 2184 «Ρο-

181 2209 297 2272 peiitor,
315 2221 393 2268 reus,
412 2207 572 2270 advocatus,
595 2220 709 2258 accusa-
744 2208 823 2274 pulus
838 2210 892 2258 otta
906 2209 1007 2273 pariter
1025 2208 1121 2259 dicitur
1137 2222 1152 2257 a
1168 2206 1270 2258 Tibullo

181 2284 223 2332 tor
234 2282 347 2332 forensia
358 2281 440 2332 habet
451 2281 569 2344 negotiu,
583 2293 707 2331 naccum
745 2284 756 2332 4
770 2321 775 2345 ,
788 2282 818 2344 4,
832 2282 887 2343 344,
906 2283 998 2333 celsae
1010 2283 1131 2333 Phaedro
1143 2283 1168 2343 3,
1179 2283 1219 2342 44,
1232 2281 1268 2342 4.,

182 2355 278 2406 nullius
295 2357 330 2406 sit
346 2355 440 2416 aliene,
468 2368 547 2405 mane
564 2358 707 2418 patronum
740 2358 919 2420 procerissima
929 2359 982 2409 Cle.
994 2357 1113 2420 deLegg.
1125 2359 1197 2418 t‚tt.r
1208 2358 1268 2406 444.

183 2430 331 2494 superbum
343 2429 458 2480 salutare
471 2442 583 2480 neeesse
599 2429 706 2480 habet.»
746 2430 890 2483 Columella
909 2435 937 2494 5,
957 2433 985 2494 a,
1001 2432 1033 2483 i:
1062 2434 1138 2482 Vitem
1155 2431 1270 2481 4444444444

183 2531 212 2542 -·
226 2504 360 2568 4444444444]
380 2519 411 2556 «e
426 2517 522 2555 somno
534 2503 566 2554 ad
579 2517 705 2568 pugnem,
741 2507 850 2568 papatus
865 2508 964 2557 videtur
980 2508 1061 2569 44444,
1080 2507 1167 2557 deinde
1177 2507 1268 2556 44444444.

180 2579 262 2629 tubae
299 2579 405 2628 terribili
436 2579 544 2628 sonito.»
581 2579 706 2642 (Ennius.)
779 2582 805 2631 44
821 2580 889 2631 -44,
914 2583 977 2633 Post
996 2582 1145 2632 Fabricium
1166 2582 1193 2630 et
1210 2581 1271 2630 Ste-

182 2652 275 2704 leuii.
295 2656 322 2714 4,
342 2655 370 2715 4,
390 2653 420 2704 44
439 2655 538 2704 Martio
553 2654 594 2702 cci
611 2665 709 2703 smnaos
743 2656 863 2720 phanum
880 2655 954 2706 multi
968 2656 1051 2716 Edd.‚
1071 2657 1151 2706 etiam
1163 2655 1266 2706 Mitsch.

183 2729 289 2778 classica
303 2729 379 2789 44444444
394 2728 489 2792 tepent.
511 2755 538 2764 -
565 2728 605 2778 ad
623 2729 707 2777 totum
746 2731 773 2779 et
784 2730 913 2791 Doering‚
934 2741 1062 2780 versuum
1074 2729 1196 2779 ordinem
1208 2742 1272 2779 con-

182 2801 270 2853 locum
282 2802 330 2853 444.
341 2803 410 2866 Virg.
422 2805 516 2865 Georg.
535 2804 569 2862 2,
587 2801 635 2852 493
645 2813 705 2864 sqq.
746 2806 785 2852 444
803 2803 888 2854 Codd.
912 2804 949 2852 444
970 2805 1152 2863 inverterunt,
1180 2806 1209 2853 ut
1230 2805 1271 2853 est

183 2875 328 2927 Columella
345 2877 429 2927 Praei.
450 2877 474 2940 S.
493 2877 518 2926 4.
745 2877 771 2926 44
789 2877 865 2926 Varr.
884 2878 972 2937 Laut,
998 2890 1051 2940 quo
1072 2877 1166 2926 vitium
1188 2879 1271 2926 mari·

212 2952 236 3001 9.
264 2952 305 3001 40.
331 2951 414 3015 44494]
441 2951 550 3014 «igitur,
582 2961 644 2999 eum
672 2947 707 2998 eh
746 2950 873 3000 tutionem
896 2951 1021 3001 continuo
1047 2952 1183 3015 exciperet
1204 2951 1271 3000 insi·

182 3025 312 3076 eiusmodi
339 3026 410 3076 tricis
435 3024 575 3085 tibersa,
600 3023 709 3074 maritet
746 3024 823 3074 tionis
841 3023 926 3074 simile
949 3037 1025 3088 opus.
1062 3025 1112 3074 Sed
1136 3037 1189 3073 non
1212 3025 1269 3074 sine

185 3099 432 3160 aduersantibus»
450 3099 523 3164 quod
535 3097 649 3149 verbum
661 3111 708 3147 ru·
745 3101 802 3148 arte
820 3099 936 3162 primum
955 3101 1087 3149 memorat
1106 3099 1200 3148 vitium
1217 3097 1271 3149 cul-

183 3174 459 3239 stieorumproprium
473 3175 522 3223 est.
553 3172 591 3223 Ci.
603 3171 706 3222 Colum.
745 3176 848 3234 turam,
870 3173 967 3223 deinde
986 3174 1069 3223 otium
1087 3172 1187 3222 domini
1204 3185 1270 3223 suos

181 3250 226 3310 44,
248 3251 278 3310 4,
300 3249 341 3298 49.
367 3274 396 3284 -
433 3248 520 3297 Vitam
546 3248 708 3297 rusticorum
746 3261 840 3310 greges
872 3260 922 3311 per
953 3249 1090 3298 sinuosum
1121 3245 1270 3297 convallem

183 3322 309 3374 Italorum
339 3324 444 3386 egregie
476 3321 604 3372 describit
632 3321 706 3371 ovid.
745 3334 853 3386 sparsos
876 3334 939 3372 cum
967 3321 1064 3372 44444444
1086 3319 1270 3384 contemplan-

181 3399 248 3448 l'ast.
265 3397 295 3457 4,
310 3398 353 3448 694
367 3410 427 3462 sqq.
444 3421 470 3432 -
482 3395 631 3460 prosapiae]
647 3396 708 3446 vitis
746 3398 795 3456 tis,
820 3398 878 3446 tum
895 3409 988 3448 rursus
1005 3399 1110 3460 gratum
1127 3396 1270 3460 putationis

181 3471 339 3523 ramusculis
365 3473 392 3522 in
419 3474 519 3522 terram
542 3471 659 3521 curvatis
676 3483 709 3521 ae
746 3475 773 3522 et
789 3471 918 3521 insitionis
937 3484 1018 3536 opus,
1038 3469 1110 3535 quod
1123 3469 1270 3532 quidemiu

180 3546 293 3606 44444444,
312 3545 383 3597 unde
405 3559 467 3597 cum
490 3543 626 3596 radicibus
643 3545 708 3596 actis
746 3558 869 3596 mensem
891 3546 1013 3596 Martium
1035 3543 1184 3606 incidebat,
1207 3555 1270 3594 cum

183 3619 393 3678 convaluissent.
420 3621 499 3670 tertio
522 3633 591 3669 euno
616 3619 709 3670 44444444
745 3619 878 3669 maritatio
892 3619 1072 3670 deretmense
1085 3617 1206 3676 Octobri;
1231 3619 1270 3669 sic

181 3695 293 3748 arbores
318 3696 520 3748 maritehantur.
549 3721 576 3732 ·-
612 3695 709 3745 ditos·
745 3697 868 3744 naturam
887 3693 971 3758 ipsam
989 3697 1098 3745 4444444
1111 3697 1270 3758 perpetuam

178 3772 294 3833 papatus]
310 3773 394 3820 Varro
411 3773 461 3822 liii.
477 3771 548 3832 t‚s:
573 3769 617 3819 uti
634 3795 648 3806 -
659 3783 709 3818 444-
745 3782 777 3820 44
802 3771 913 3832 propter
937 3769 989 3818 hoc
1014 3769 1104 3831 ipsum
1126 3769 1270 3819 iucundam

180 3851 241 3895 tara
258 3847 375 3906 4444444444,
399 3845 432 3896 ici
449 3845 526 3896 attius
541 3845 599 3893 citis
617 3843 706 3894 444444-
744 3845 815 3894 vitae
844 3843 958 3892 rusticae
993 3844 1149 3894 varietatem
1178 3843 1268 3906 pingit.

181 3922 230 3980 dc,
250 3923 316 3982 qaod
329 3920 708 3983 inportuetaiimoniooieum
746 3920 789 3970 444
815 3917 906 3968 verbis
932 3919 1023 3968 444444
1049 3917 1097 3967 dat
1118 3918 1145 3966 444
1167 3918 1272 3966 redacte

179 4008 230 4043 44444
246 3999 274 4044 ist
291 3997 317 4045 444
335 3995 413 4045 colice
429 3995 529 4055 quaerit
540 4007 648 4056 aquom,
667 3996 709 4043 scd
746 3992 809 4044 nihil
827 3993 919 4043 diutini
935 3993 1024 4056 operis
1041 3995 1094 4050 est,
1114 3990 1163 4040 sed
1180 3989 1270 4040 brevis

178 4069 707 4134 44444444444444444441444444444444444
746 4068 848 4117 tunium
879 4067 1040 4118 intermissio
1072 4068 1098 4114 et
1130 4061 1268 4127 voluptas,

180 4143 273 4194 dedit:
312 4146 394 4206 (4444444
425 4143 576 4192 citissimam
608 4143 708 4192 uincam
745 4144 906 4206 prospectus
944 4141 1126 4191 armentorum
1155 4150 1270 4200 pascen-

179 4219 265 4281 [acite.
284 4217 376 4278 44444,
396 4217 469 4282 quod
481 4216 538 4267 aliis
550 4215 651 4281 placet,
665 4216 708 4266 vel
745 4217 825 4276 tium,
845 4216 890 4280 qui
910 4227 961 4264 noa
980 4214 1061 4264 modo
1080 4214 1148 4262 inter
1165 4213 1271 4262 marita-

179 4296 321 4358 propiereu
346 4291 535 4351 4444444444444,
564 4292 635 4356 quod
658 4300 707 4356 po-
745 4292 844 4342 tionem
872 4292 898 4340 et
924 4289 1090 4348 insitionem,
1121 4287 1269 4338 sedetiam
