3012 4978
286 411 347 474 579
659 409 987 487 ,4404444444444444444

329 569 462 656 Frigora
484 568 654 633 mitescunt
676 565 847 654 Zephyris,
871 586 930 632 ver
951 565 1087 653 proterit
1110 575 1215 632 aestas

460 689 643 765 interitura,
668 687 762 754 simul
1332 686 1366 750 to

329 810 468 878 Pomiler
488 812 686 877 Auotumnus
708 807 816 896 fruges
839 808 1004 881 effuderit.
1033 819 1065 876 et
1086 830 1161 876 mox

456 935 575 998 Bruma
597 931 735 997 recurrit
757 931 851 998 iners.

329 1092 451 1156 Damna
474 1074 581 1156 tamen
602 1086 727 1155 celeres
750 1098 901 1176 reparant
923 1088 1075 1156 caelestia
1097 1087 1208 1156 lunae:
1299 1179 1303 1186 ι

457 1210 537 1284 Nos,
561 1209 617 1276 uhi
639 1208 839 1287 decidimuS,

354 1438 394 1488 to.
413 1436 610 1499 lmpeituraT,
628 1449 682 1500 qao
693 1435 835 1487 manifesto
853 1449 944 1487 errore
961 1435 1039 1486 valde
1057 1435 1168 1487 dubium
1185 1435 1227 1501 fit,
1251 1439 1339 1487 utrum

321 1512 478 1575 impermista
494 1511 541 1560 Od.
561 1510 590 1572 3,
610 1511 638 1573 6,
662 1511 703 1561 il.
723 1512 838 1574 genuina
855 1512 889 1562 sit
913 1510 991 1563 lectio
1010 1523 1104 1563 necne.
1125 1538 1154 1548 -
1172 1512 1213 1562 49.
1232 1517 1342 1562 meaa-ret

320 1589 348 1638 L.
370 1586 462 1650 (Codd.
484 1587 538 1637 mei
554 1586 682 1647 44444444.)

289 1821 387 1883 Theog.
401 1820 457 1870 904.
477 1821 531 1870 tres
549 1820 617 1870 lovis
634 1822 662 1870 et
678 1817 812 1869 Themidis
849 1830 897 1879 que
914 1819 1040 1868 damnosis
1055 1818 1194 1869 incitantem
1208 1818 1301 1883 44444444
1316 1820 1369 1870 orie.

289 1894 372 1956 filiae,
399 1887 531 1959 Εὐνομίη
556 1907 587 1942 ee
612 1892 684 1958 Δίκη
706 1907 738 1942 va
763 1892 812 1943 nal
850 1893 925 1943 Idem
943 1893 972 1955 3,
991 1894 1056 1944 2864
1078 1894 1145 1944 llaec
1161 1898 1220 1943 444444
1236 1895 1272 1944 od
1287 1893 1373 1944 liora

288 1965 399 2040 Εἰρήνη
431 1967 596 2032 τεθαλυῖα.)
631 1995 658 2006 -
690 1967 812 2031 proterit]
849 1969 918 2017 4444444
938 1967 1095 2031 mraerdibm
1111 1967 1373 2026 444441444444444,

290 2042 395 2109 «pellit,
426 2043 517 2106 lugat»
553 2041 660 2106 (drdoqt
690 2042 811 2104 44444444).
846 2043 909 2105 peri
920 2047 1043 2092 monento
1054 2044 1150 2092 demna
1160 2042 1307 2093 4444444444.
1325 2045 1374 2092 La-

289 2119 464 2182 Aptisslmum
489 2131 553 2168 sane
580 2119 621 2168 est
641 2116 756 2167 verbum
779 2116 813 2166 de
852 2115 1017 2178 oea.8,l67:
1035 2116 1373 2181 noctiqaerependittlibral

289 2193 382 2256 rapido
404 2193 476 2243 veris
501 2194 527 2242 in
550 2193 681 2243 aestatem
702 2191 814 2241 transitu
850 2192 909 2241 Lae:
933 2191 1017 2240 44444444·
1040 2191 1158 2242 leenae
1186 2192 1258 2240 vermi
1289 2191 1376 2242 mietio

289 2267 414 2318 initalia.
450 2267 573 2320 Martialis
590 2269 619 2329 l,
638 2267 682 2327 46,
701 2268 733 2316 2:
753 2267 815 2317 Com
850 2265 945 2316 dmoni.
975 2263 1084 2316 Rutilius
1102 2267 1128 2326 4,
1150 2265 1207 2316 lli.
1237 2264 1272 2315 ad
1283 2265 1377 2316 urbem

289 2341 361 2392 breve
377 2343 496 2392 Sicaniae
510 2356 556 2393 aer
568 2341 725 2405 populantur
745 2352 823 2410 epea-¹
852 2342 980 2391 Romam:
999 2340 1122 2400 ammio
1133 2340 1196 2390 caeti
1208 2340 1273 2390 ditio
1284 2342 1377 2392 (4444444

292 2443 320 2452 ·-
332 2417 441 2479 Pomifer
456 2417 618 2477 Aoetmnoas]
639 2415 678 2466 Cl.
693 2414 775 2479 Epod.
788 2415 814 2474 9,
851 2415 926 2464 aude.
946 2412 1063 2476 dulgent.
1076 2411 1184 2476 Mythol.
1198 2415 1226 2475 9,
1241 2414 1286 2464 49;
1306 2417 1378 2465 (44444-

291 2490 373 2553 t'lsq.
389 2517 416 2528 -
434 2490 527 2553 [444944]
541 2491 575 2540 de
587 2489 715 2540 arborum
727 2489 817 2538 tracti·
851 2494 936 2540 mente
952 2488 1027 2538 terme
1043 2493 1067 2538 et
1082 2493 1226 2552 4494444444.
1246 2489 1300 2540 Cir.
1315 2493 1378 2540 Gro-

290 2562 350 2614 bus.
376 2563 429 2614 Cir.
445 2563 602 2614 Cornificius
613 2562 685 2626 apud
696 2564 770 2612 Serv.
781 2562 816 2612 ad
853 2578 913 2615 nov.
938 2563 972 2613 ad
995 2561 1059 2612 Gell.
1082 2563 1129 2622 40,
1151 2563 1175 2614 8.
1206 2564 1378 2628 opponuntur

290 2639 379 2698 Get,
399 2639 448 2688 55:
471 2638 595 2701 44444444,
620 2637 817 2700 qaeesroyitoa
852 2637 959 2688 tonario
974 2637 1212 2701 ioererneetaapud
1224 2639 1326 2688 Lucan.
1339 2639 1376 2697 49,

290 2712 403 2761 arboreis
430 2713 539 2775 4494444444
570 2712 717 2775 atrociter.
756 2711 817 2762 Cal·
853 2714 912 2762 445.
932 2713 1103 2762 Dumautem
1116 2712 1254 2772 Horatiae,
1273 2715 1377 2777 44444οὸ-

289 2787 401 2854 parolus
418 2785 472 2836 Ecl.
485 2786 516 2847 8,
530 2787 579 2836 ot:
598 2787 714 2849 omnique
730 2800 817 2837 44444-
853 2790 909 2838 tam
935 2785 1066 2846 decebat,
1097 2785 1131 2836 de
1156 2784 1219 2836 luna
1242 2785 1379 2837 dumtaxat

290 2861 349 2912 dore
366 2863 459 2926 [meet.
479 2887 509 2898 -
528 2862 650 2924 4444444444]
663 2875 678 2911 e
690 2863 750 2912 sinu
767 2875 816 2912 suo
852 2861 926 2925 loqui
945 2861 1063 2921 videtur,
1082 2863 1166 2911 totam
1185 2860 1280 2911 mundi
1299 2863 1378 2912 vitam

290 2935 332 2986 vel
351 2951 384 2986 ex
401 2934 557 2988 Amaltheae
575 2949 668 2986 coma.
689 2965 717 2973 -
740 2937 815 2998 iners]
852 2951 886 2987 ao
903 2937 1017 2986 formam
1034 2934 1180 2985 identidem
1197 2938 1323 2986 renovari
1344 2938 1379 2986 si-

291 3009 370 3062 «nihil
379 3010 559 3076 producenda
572 3010 621 3061 Od.
633 3012 658 3071 9,
672 3011 696 3070 9,
710 3012 740 3060 5:
759 3012 818 3075 qlo-
854 3013 975 3076 gnificat:
1003 3024 1067 3062 «nos
1084 3023 1148 3060 vero
1165 3009 1293 3061 mortales
1311 3013 1378 3062 vitae

290 3087 340 3136 4444
355 3087 432 3136 iners.
450 3086 521 3149 Virg,
540 3087 586 3136 Ge.
604 3086 632 3146 4,
650 3086 716 3136 4994
742 3087 818 3137 item
853 3102 907 3139 noa
918 3087 1110 3138 restituimur.»
1137 3083 1262 3135 Similiter
1276 3085 1378 3137 desole

290 3161 387 3226 lenaeo
397 3160 492 3210 colono.
507 3160 566 3224 (Eia
577 3160 668 3223 eoieer
676 3161 819 3211 4444444444-
854 3159 947 3212 Catull.
960 3163 989 3220 a,
1009 3159 1040 3212 l:
1065 3159 1133 3210 Solea
1148 3159 1260 3209 cecidere
1276 3165 1301 3210 et
1317 3161 1381 3210 redi·

290 3249 345 3286 mer
358 3236 462 3286 Winter.
479 3237 592 3285 Goaraa.
605 3235 634 3283 B.
645 3235 718 3285 lllll.
729 3237 755 3286 S.
765 3235 817 3296 ao.)
852 3249 881 3286 re
894 3239 1012 3298 porram:
1027 3233 1117 3294 Nobis,
1132 3245 1190 3282 444444
1203 3233 1278 3283 seriei
1292 3235 1380 3284 occidit

325 3309 364 3360 43.
392 3309 433 3361 44.
459 3309 575 3369 Damno]
604 3310 692 3359 «Luna
708 3322 817 3374 quoque
853 3311 934 3361 brevia
955 3311 1018 3371 4444,
1044 3311 1104 3359 Nae
1124 3313 1159 3358 444
1178 3313 1305 3370 perpetua
1328 3321 1379 3358 44444

292 3383 476 3436 decrescendo
500 3385 577 3447 quasi
599 3385 695 3434 demae
711 3385 815 3448 accipit,
853 3386 1008 3436 dormiendo.
1030 3411 1057 3421 -
1084 3383 1227 3444 decidtmaa]
1254 3381 1379 3433 Similiter

292 3471 362 3522 quae
387 3463 470 3509 44444444
495 3471 605 3523 semper
632 3461 816 3523 reparantur.»
853 3461 919 3525 Epp.
933 3461 962 3522 4,
975 3461 986 3509 4
1000 3496 1006 3520 ,
1019 3457 1067 3508 36:
1091 3457 1208 3519 Scriptor
1223 3457 1317 3507 aolino
1333 3473 1380 3507 4444-

292 3533 342 3592 Qut
366 3533 505 3598 proposuit
536 3533 613 3584 etiam
636 3547 686 3598 pro
715 3537 816 3595 mmm,
852 3548 898 3585 ner
918 3538 1016 3584 emtam
1037 3533 1081 3596 qai
1097 3533 1202 3582 (44444444.-
1224 3531 1302 3582 Ovid.
1319 3533 1377 3584 liet

291 3608 484 3658 sententiarum
496 3621 595 3658 nexum
607 3621 661 3658 non
673 3609 737 3659 satis
754 3621 818 3672 per·
854 3610 901 3670 to,
920 3610 970 3659 ll:
999 3608 1110 3670 Opoaiti
1126 3607 1170 3656 4444
1187 3613 1258 3658 terre
1274 3609 1378 3658 4444444444

292 3680 816 3744 sperit-Lunaeeumdernoetribult,
853 3685 958 3744 maedi,
984 3684 1014 3733 Io
1038 3695 1112 3744 qoem
1129 3683 1277 3744 (4444444444,
1306 3683 1378 3744 qaid·

291 3754 399 3818 proprie
417 3752 522 3806 locutus
540 3758 582 3806 est
598 3755 632 3806 de
650 3755 706 3817 illa,
736 3761 766 3807 ut
782 3758 819 3807 ait
854 3759 915 3821 quid
930 3758 1036 3808 mortale
1053 3769 1178 3808 4444444444.
1214 3756 1378 3820 Frustraigi-

294 3828 358 3880 Plia.
369 3829 401 3880 H.
412 3830 443 3878 N.
453 3830 479 3890 9,
489 3830 513 3889 9,
525 3831 565 3892 6.,
578 3836 714 3882 remacetto
723 3845 820 3894 emmer
855 3835 898 3883 tur
914 3833 966 3882 ΗΡ.
985 3832 1100 3882 oonleelt
1114 3832 1257 3881 recidimus.

293 3909 338 3954 ortt
354 3909 484 3954 4444444444.
510 3903 699 3964 4444444.9,94;
716 3905 819 3956 Adde·
888 3908 928 3956 ⁴5.
957 3906 996 3956 46.
1024 3907 1169 3968 Quopater
1184 3904 1292 3967 44444444]
1315 3903 1379 3956 Soll-

292 3991 342 4029 oee
365 3983 460 4029 4444444444
483 3980 588 4029 emieat
612 3979 737 4028 4444444444
764 3994 820 4031 eer-
856 3985 913 4032 tum
951 3977 1085 4031 4444944044
1118 3977 1291 4042 virgilianum
1325 3980 1379 4042 pier

290 4067 351 4116 ρ444,
369 4054 402 4103 lit
417 4059 464 4104 tato
477 4055 584 4114 demea,
603 4058 660 4102 taes
674 4053 817 4118 imitanter,
855 4055 944 4106 multia
953 4054 1068 4106 librariis
1076 4055 1162 4118 magle
1170 4052 1279 4118 placuit,
1290 4065 1379 4117 qaam

292 4128 375 4189 Delio,
393 4129 466 4178 vices.
485 4127 537 4178 Sed
549 4127 628 4178 laoob
646 4139 709 4177 eum
726 4126 815 4180 libris:
855 4142 937 4194 quam
954 4130 1034 4180 etiarn
1051 4132 1117 4180 Aen.
1137 4131 1164 4189 4,
1183 4127 1240 4178 699.
1264 4141 1298 4178 ae
1321 4139 1377 4178 sae·

293 4205 399 4254 Etcum
416 4205 512 4254 demea
528 4209 584 4254 toas
601 4203 747 4266 imitamur,
765 4207 819 4254 De-
855 4207 916 4270 pius
943 4207 985 4256 est
1002 4209 1079 4268 pater
1099 4203 1204 4254 Amas.
1240 4205 1375 4254 Praeterea

293 4279 345 4340 lia,
362 4281 436 4330 eires.
455 4293 480 4328 v.
497 4279 560 4329 9⁴5:
581 4278 724 4343 (Phoeben)
742 4280 820 4330 Fete-
855 4293 898 4329 vv.
915 4280 974 4342 444444
995 4281 1022 4330 et
1039 4280 1106 4330 dicer
1123 4279 1214 4330 nescio
1233 4289 1316 4342 qaam
1333 4287 1376 4339 ap·
