2986 4974
449 453 506 503 ita
529 454 544 502 Ι.
583 455 610 500 a.
631 449 726 500 XXXV.

253 615 370 677 Servos
393 609 512 673 iturum
535 609 706 674 Caesarem
732 605 762 669 in
785 604 912 669 ultimos

251 732 349 798 Orbis
371 731 539 796 Britannos
562 741 594 796 et
616 729 768 794 iuvenum
791 746 904 792 recens

297 855 436 917 Examen
460 852 534 916 Eois
557 848 734 915 timendum

338 973 485 1039 Partibus
508 973 707 1058 Oceanoque
731 971 837 1034 rubro.

196 1215 200 1225 ¹
254 1132 343 1198 Eheu
366 1111 607 1199 cicatricumet
629 1127 761 1195 sceleris
784 1128 886 1216 pudet

254 1259 474 1341 Fratrumque.
529 1251 614 1330 Quid
636 1271 695 1316 nos
717 1250 797 1316 dura
820 1248 995 1336 refugimus
1071 1265 1077 1275 ·

297 1377 416 1442 Aetas?
438 1375 517 1462 quid
541 1375 692 1439 intactum
715 1372 827 1438 nefasti
1129 1371 1169 1434 33

150 1521 189 1570 39.
217 1520 329 1578 adium,
357 1519 420 1578 Oro,
447 1518 583 1566 Britannos
600 1514 716 1566 malebat
733 1513 830 1572 Bentl,
859 1513 939 1562 ultimi
957 1513 1086 1575 Cuningh.
1110 1541 1135 1547 --

120 1597 157 1645 33,
174 1596 230 1645 Heu
246 1595 293 1644 lau
309 1593 400 1652 sset.
422 1620 449 1628 —
468 1591 508 1642 34.
528 1593 594 1640 dura
612 1603 665 1640 om.
684 1589 711 1638 T.

90 1719 120 1766 tes
137 1723 158 1766 et
174 1717 324 1776 ultimosque
340 1714 483 1764 Britannos.
514 1711 552 1762 ld.
566 1712 607 1773 29,
679 1710 720 1760 33.
733 1708 773 1759 di.
791 1707 1114 1770 dcmrimnesratmmque]
1127 1709 1172 1756 So-

91 1789 381 1841 ltuttimaBritaonie.
417 1789 487 1850 virg.
507 1785 560 1836 Eoi.
584 1787 608 1846 Ι,
646 1781 1173 1844 litaurte,ut0d.l‚l5‚timoremque

91 1867 295 1930 anteponitis
311 1870 361 1915 toto
379 1865 470 1913 dioism
486 1863 544 1912 orbe
555 1861 611 1911 Bri·
647 1858 796 1919 alsatiam,
816 1857 980 1907 abstractum
999 1857 1070 1920 quod
1083 1856 1174 1906 dicunt

91 1945 192 2003 anuos,
211 1942 258 1992 ubi
271 1939 353 1991 multa
366 1939 517 1990 huiusmodi
529 1936 610 1987 colle·
648 1945 710 1982 oum
722 1933 848 1981 concreto
860 1931 993 1982 artissime
1006 1932 1094 1993 iungit.
1110 1933 1174 1979 «Pu-

91 2019 122 2078 gu
138 2019 263 2081 Wagner.
283 2017 343 2066 Tac.
368 2015 455 2078 agric.
480 2014 525 2063 30:
552 2013 611 2062 Bri·
648 2007 695 2056 det
719 2019 767 2056 nos
794 2009 821 2055 et
844 2004 1000 2066 volnerum,
1030 2018 1099 2068 quae
1126 2017 1174 2068 per

92 2095 177 2144 annos
199 2099 331 2144 terram
347 2104 378 2140 ae
394 2090 515 2140 libertatis
530 2092 613 2137 extre-
648 2081 778 2132 scelerata
803 2079 845 2130 ille
868 2079 938 2129 bella
962 2079 1084 2129 intestina
1107 2079 1174 2126 invi-

91 2181 146 2216 mos.
180 2169 237 2218 Cic.
257 2167 291 2216 ad
313 2163 402 2215 Famil.
424 2164 454 2224 9,
479 2164 522 2213 lt:
550 2162 612 2211 liliii
649 2168 710 2204 cem
727 2154 805 2204 nobis
826 2155 981 2213 infliximus,
1010 2154 1173 2215 etsrutrorn,

94 2243 147 2290 cito
171 2243 225 2292 tam
243 2255 260 2290 a
282 2241 382 2304 reptare
403 2239 497 2287 ultimis
519 2238 613 2286 attritas
649 2230 747 2278 civium
769 2229 929 2278 occisorum.
974 2227 1042 2286 Quid
1065 2225 1174 2276 sceleris

91 2318 256 2367 coelitteras.
278 2343 305 2352 -
325 2313 470 2365 Consilium
488 2314 539 2362 hoc
554 2312 611 2362 Bri·
650 2318 702 2354 non
726 2303 945 2353 commisimus‘tn
975 2301 1045 2363 Virg.
1071 2303 1116 2349 Ge.
1143 2301 1171 2360 t,

93 2393 179 2442 tannes
197 2389 351 2442 debellandi
372 2389 511 2452 aliquoties
529 2387 613 2449 agita-
648 2380 709 2429 tto:
736 2379 846 2442 paadent
858 2377 956 2439 perfrui
977 2377 1099 2439 scapulae
1115 2376 1172 2436 tra-

91 2468 127 2513 rat
143 2467 290 2529 Augustus,
309 2466 365 2515 sive
383 2475 478 2513 verum
490 2461 553 2511 illud
565 2460 612 2510 tuit
648 2459 730 2514 tram,
749 2451 841 2502 itidem
858 2451 892 2501 de
910 2450 1021 2501 civibus.

92 2539 141 2588 siue
158 2540 265 2596 lictum,
285 2553 338 2603 quo
357 2541 538 2589 Romanarum
555 2535 612 2583 eni-

92 2626 144 2664 mos
161 2627 176 2663 a
194 2613 278 2664 rebus
296 2613 450 2664 domesticis
468 2611 609 2660 averteret.
682 2603 722 2652 35.
741 2601 782 2652 36.
801 2601 899 2663 nefasti]
919 2599 945 2650 h.
962 2598 979 2649 l.
993 2611 1042 2664 pro
1059 2597 1173 2659 nefandi,

92 2689 203 2738 Primum
222 2701 287 2738 au.
301 2703 325 2738 c.
339 2689 395 2737 720.
415 2685 611 2736 Pannoniorum
650 2677 755 2738 notarii,
775 2677 833 2726 din&
858 2677 900 2724 Sic
913 2674 976 2725 Plin.
990 2675 1021 2724 ΙΙ.
1035 2675 1065 2724 Ν.
1080 2673 1109 2734 Ι,
1129 2675 1174 2732 ΙΙ,

95 2762 233 2813 rebellione
246 2763 390 2826 impeditus
403 2763 451 2812 est.
474 2761 523 2811 Dio
536 2760 609 2809 Cass.
650 2753 690 2802 48.
720 2752 844 2815 nefastum
861 2751 955 2800 crimen
973 2748 1077 2812 (scelus)
1097 2761 1176 2798 usur-

94 2835 135 2897 l9,
159 2838 200 2888 38.
239 2839 333 2886 Postea
358 2851 382 2886 a.
401 2850 427 2885 u.
447 2849 470 2884 c.
490 2834 547 2883 727.
572 2831 610 2880 ld.
650 2825 729 2890 'pavit
754 2825 876 2889 Proprie:
904 2825 947 2873 Illo
971 2823 1044 2886 (dies)
1067 2823 1177 2884 nefastos

92 2911 133 2970 53,
151 2914 197 2962 it:
220 2907 371 2982 ἐξώρμησε
387 2909 442 2974 μὲν
459 2901 499 2970 ὥς
516 2907 566 2956 καὶ
583 2905 613 2968 ἐς
650 2901 709 2960 erit,
733 2913 781 2961 per
801 2913 873 2960 quem
893 2899 946 2946 tria
965 2897 1043 2946 veroa
1063 2897 1173 2945 silentur.

93 2981 139 3049 τὴν
161 2987 335 3057 Βρεττανίαν
360 2980 558 3056 nepaesinae,
583 2980 613 3042 ἐς
650 2973 724 3024 Ovid.
744 2975 812 3023 last.
833 2974 862 3033 l,
881 2971 922 3022 ll.
947 2971 991 3034 qui
1010 2971 1067 3020 dies
1086 2971 1111 3020 in
1128 2971 1177 3018 lla-

92 3057 224 3127 δὲόὴνὰς
233 3055 476 3123 Γαλατίσςέλθών
487 3054 613 3109 ἐνταῦθα
650 3048 775 3098 lendariis
793 3046 907 3109 antiquis
927 3044 1012 3095 littera
1030 3045 1062 3094 N.
1081 3046 1177 3094 notan-

93 3130 239 3207 διέτριψεν,
268 3135 376 3186 ἐκεῖνοι
393 3149 423 3185 τε
440 3129 495 3204 γὰρ
512 3132 613 3196 gam.
651 3126 701 3173 tur.
717 3149 744 3158 -
758 3122 798 3170 Ad
809 3133 868 3170 rem
880 3121 965 3178 ipsam
978 3118 1025 3168 cir.
1039 3119 1176 3167 Lucanum

93 3207 286 3277 ρνκεύσασθαι
310 3211 341 3260 οἱ
360 3205 483 3261 &axona
504 3207 554 3256 καὶ
577 3201 613 3255 τὰ
651 3199 681 3256 2,
710 3195 765 3246 tls.
788 3196 815 3245 in
838 3192 908 3243 bello
932 3191 1014 3242 civili:
1042 3192 1177 3255 Infandum

94 3280 196 3334 τούτων
207 3279 396 3335 &sardoma
414 3276 456 3334 ἔτι
468 3309 482 3320 -
497 3273 542 3346 ἦν.
561 3283 613 3330 Ρο-
652 3271 745 3321 danici
757 3283 806 3332 per
821 3270 919 3318 uiscera
928 3267 1025 3330 semum
1034 3265 1127 3328 liaepit
1136 3265 1177 3328 fa-

94 3359 188 3410 stremo
210 3374 234 3410 e.
258 3374 284 3409 u.
309 3373 333 3409 c.
357 3359 416 3408 ris.
435 3358 473 3408 ld.
492 3357 539 3417 33,
564 3357 610 3404 ss:
651 3347 748 3404 malm·
774 3345 828 3393 nati
850 3343 970 3392 maduere
982 3345 1091 3403 paterno
1108 3341 1176 3388 San-

95 3428 139 3482 τὸν
148 3427 316 3500 Αὔγουστον
328 3432 357 3496 ἐς
368 3429 420 3498 τὴν
429 3431 612 3503 Βρεττανίαν,
651 3422 741 3485 puina·
759 3423 936 3478 eatatmaest,
955 3416 1178 3466 miconiceoesa

95 3505 185 3574 ἐπειδὴ
201 3505 245 3575 μὴ
258 3503 407 3574 ἠθέλησαν
419 3501 612 3572 ὁμολογήσω,
648 3495 762 3558 parentii
779 3495 892 3550 cedam
910 3493 937 3540 ΙΙΙ
952 3491 1065 3555 fratrum
1082 3489 1177 3539 cecide·

95 3585 327 3652 στρατευσεὶοντα
343 3583 489 3642 κατέσχον
506 3581 538 3630 οἱ
555 3580 613 3628 Σα-
649 3577 710 3620 runt
722 3570 840 3632 praemia
855 3568 957 3631 fratres.
977 3565 1040 3628 (liv.
1054 3565 1120 3627 Epit.
1134 3562 1175 3611 79:

96 3653 201 3720 Ιασσοί,
215 3656 457 3723 populusiilpinus.
472 3657 613 3718 Nunquam
650 3649 679 3696 la
702 3659 750 3707 qua
773 3645 833 3692 bello
856 3643 905 3691 deo
927 3642 1032 3704 fratres,
1058 3640 1123 3688 alter
1144 3651 1177 3687 ae

95 3733 179 3782 aulem
196 3747 228 3784 eo
246 3733 377 3797 pervenit.
650 3720 758 3782 Pompeii
781 3718 907 3776 saerata,
935 3716 999 3764 alter
1021 3728 1055 3764 ea
1072 3713 1174 3772 Cinnae,

126 3805 209 3858 30-32.
236 3821 322 3857 recens
345 3804 469 3868 Examen]
496 3813 614 3852 anorum
650 3789 1177 3861 ignoranteseoocurrerunaetcamoictar

97 3877 201 3931 militum
213 3881 380 3941 delectump»
399 3880 444 3942 qui
456 3878 525 3926 duce
541 3875 614 3926 Aelio
650 3871 769 3932 spoliaret
786 3868 906 3926 accarim,
925 3865 1011 3928 apoto
1026 3865 1120 3926 fratrc,
1138 3863 1177 3910 in·-

97 3951 162 4002 Gallo
180 3955 379 4019 expeditionem
398 3954 424 4002 in
443 3951 567 4001 Arabiam
580 3949 616 3999 le·
651 3944 718 4009 pasti
735 3942 911 3992 meridiane
928 3941 1007 3999 edita,
1025 3951 1087 4001 repo
1098 3941 1121 3986 ei
1132 3949 1177 3985 ea-

97 4023 169 4076 licem
185 4030 333 4093 suscepturi
349 4030 425 4078 erant
439 4041 462 4074 a.
477 4039 502 4074 u.
517 4039 541 4074 c.
556 4024 612 4073 730.
650 4025 756 4080 straete,
783 4019 835 4080 ipse
851 4029 930 4078 supra
946 4027 1036 4077 rapam
1053 4025 1078 4061 se
1095 4016 1177 4060 trans-

100 4125 123 4132 —
141 4101 332 4167 Eois-partibus]
347 4099 537 4152 «orientalibus
549 4100 612 4158 oris,
650 4094 722 4156 fodit,
741 4098 764 4142 et
780 4093 864 4142 eodan
880 4091 933 4154 ipat
950 4092 1109 4148 consumptus
1120 4083 1175 4146 est.)
1192 4087 1195 4098 ¹

99 4175 192 4224 terrisn
212 4207 239 4214 -
259 4177 472 4228 Oceaacsaulem
487 4173 563 4222 rubor
575 4175 615 4222 est
654 4197 680 4204 —-
699 4167 811 4230 utacum]
831 4165 951 4214 «rrectius
963 4175 1075 4220 osanam,
1094 4171 1175 4222 quam

100 4247 265 4310 Erythraeum
294 4253 350 4304 sir'e
379 4249 491 4299 rubrum
524 4259 613 4303 mare,
650 4246 679 4292 ut
688 4243 857 4293 invenustum
867 4235 1111 4290 homoeoteleutum
1121 4232 1174 4292 liat,

100 4323 167 4372 sinus
183 4326 308 4376 Arabicus
326 4329 353 4375 et
370 4325 500 4374 Persicus.
651 4332 741 4368 manus
757 4319 894 4366 iuuentus»
914 4313 1004 4362 Boura.

180 4419 266 4464 llousr.
286 4429 339 4462 rou.
360 4418 373 4461 Ι,
407 4428 436 4461 nn
453 4425 529 4460 aaron
546 4413 579 4456 ΙΙΙ,
981 4403 1004 4444 13
