2998 4980
703 480 829 530 itonam
849 479 1016 530 ChllhllNUll

657 638 745 702 Luna
768 637 920 702 minores

532 795 641 861 Gentis
664 794 823 860 humanae
844 805 937 881 pater
959 802 1056 882 atque
1078 803 1187 860 custos

533 917 611 982 Orte
634 915 786 992 Saturno,
810 915 866 982 tibi
889 935 967 981 eura
989 915 1095 1003 magni

532 1037 679 1104 Caesaris
701 1037 772 1103 latis
795 1036 882 1104 data:
907 1045 939 1101 tu
964 1035 1108 1103 seeundo

660 1159 800 1226 Caesare
824 1179 950 1247 regnes.

532 1307 602 1384 llle,
627 1329 685 1373 seu
707 1308 842 1374 Parthos
865 1307 954 1374 Latio
977 1307 1178 1373 imminentes

529 1430 636 1516 Egerit
657 1429 741 1494 iusto
764 1429 902 1495 domitos
925 1428 1102 1516 triumpho,

351 1747 391 1794 51.
412 1746 448 1792 «Α
466 1741 524 1791 latis
542 1738 721 1810 (εἱμαρμένῃ)
739 1738 786 1788 tibi
798 1751 844 1788 eu-
880 1739 987 1789 omnino
1005 1750 1057 1788 non
1073 1739 1300 1802 persentiscamus
1319 1753 1410 1804 neque

320 1818 405 1870 stodia
429 1814 550 1865 Caesaris
574 1813 718 1863 commissa
735 1815 789 1862 est:
814 1815 843 1862 tu
880 1813 915 1862 ab
933 1825 964 1862 ea
982 1811 1184 1864 abhorreamus.
1204 1815 1249 1864 llis
1260 1827 1293 1864 ae
1311 1815 1411 1866 talibus

318 1895 354 1942 ita
378 1902 455 1952 regas
478 1887 622 1945 mundum,
650 1889 788 1950 optamus,
815 1887 845 1935 ιι1
880 1889 969 1938 tamen
987 1886 1067 1938 veluti
1085 1887 1212 1951 praelusit
1222 1887 1349 1941 Plinianis
1361 1888 1410 1939 illis

320 1969 380 2031 post
397 1969 423 2014 te
441 1961 483 2012 illa
501 1961 635 2012 secundus
652 1963 686 2011 sit
702 1961 775 2011 orbis
792 1963 845 2009 ter-
881 1964 977 2024 Paneg.
996 1961 1024 2012 1;
1054 1963 1134 2023 Saepe
1154 1976 1199 2026 epo
1214 1976 1313 2014 meeum
1334 1965 1362 2014 P.
1383 1965 1409 2013 C.

319 2053 410 2091 rarum
427 2041 541 2088 rector.»
559 2037 632 2086 Orid.
647 2038 707 2086 Met.
723 2037 763 2096 15,
776 2035 842 2086 858:
880 2037 971 2086 tat-itae
986 2037 1100 2100 opitaoi,
1119 2037 1218 2098 quaten
1235 2044 1411 2100 munemne

320 2116 431 2177 Iuppiter
447 2126 518 2162 orcae
536 2113 664 2173 Temperat
679 2112 806 2160 aethereae
822 2115 845 2160 at
880 2124 931 2160 esse
945 2117 1081 2173 oporteret,
1099 2113 1170 2161 euim
1186 2113 1281 2162 dietam
1296 2119 1412 2175 natm

318 2190 406 2241 mendi
430 2201 510 2250 regna
536 2187 671 2249 triformis:
699 2187 777 2236 Terra
800 2185 844 2234 aab
880 2185 966 2234 morio
982 2190 1077 2247 wirae,
1095 2200 1153 2247 pne
1169 2185 1233 2237 hetta
1248 2193 1410 2250 reparemur,

320 2265 443 2328 Aupaeto:
458 2267 533 2323 pater
549 2266 584 2311 est
600 2267 623 2311 et
639 2267 721 2310 rector
731 2265 842 2321 uterque¹
881 2273 938 2308 mem
948 2260 1044 2309 intereo
1052 2262 1155 2323 menti
1166 2261 1338 2324 renuntiem
1348 2261 1409 2311 mihi

319 2336 465 2389 Archelaus
482 2329 509 2386 in
525 2335 603 2386 Anth.
623 2334 675 2385 Pal.
693 2337 725 2384 11.
743 2347 771 2398 ρ.
785 2335 843 2383 661.
877 2335 1026 2396 principer,
1045 2349 1117 2396 quen
1133 2336 1291 2397 aequatadie
1302 2337 1410 2386 hornar-

320 2411 469 2462 alexandro
491 2411 524 2460 11.
548 2411 615 2459 haee
635 2407 718 2458 verba
736 2408 843 2457 tribuit:
881 2409 1409 2472 totihtrapoteetasdeeeret,nunquamooto

321 2485 379 2536 Γᾶν
403 2481 450 2537 err
474 2484 540 2550 ἐμοὶ
561 2485 690 2550 reaper,
713 2481 783 2545 Ζεῦ,
807 2479 844 2533 σι)
882 2485 969 2534 saltem
995 2485 1123 2546 concipere
1150 2487 1275 2535 munit
1301 2487 1409 2537 similem

320 2559 343 2611 δ’
355 2555 507 2624 Ὄλυμπον
524 2552 583 2618 ἔχε.
881 2560 947 2620 hoie,
966 2573 1038 2620 quem
1053 2560 1171 2608 videntes.
1193 2587 1221 2596 -
1233 2561 1326 2625 utum]
1347 2573 1410 2610 «va-

354 2634 395 2686 et.
426 2633 622 2696 «Triumphans
643 2635 703 2682 ante
721 2645 751 2682 se
769 2633 847 2695 operit
882 2636 979 2694 stum»,
992 2635 1166 2691 immensum
1180 2635 1267 2698 aptius
1279 2634 1306 2684 b.
1320 2635 1339 2686 1.
1352 2633 1411 2685 ἐπὶ·

321 2711 466 2774 captivos.»
495 2709 576 2757 leatus
596 2709 687 2756 autem
707 2707 847 2768 trimnphats
884 2707 969 2757 θετον
995 2721 1076 2771 quam
1098 2708 1203 2770 loetum,
1230 2709 1302 2772 quod
1325 2708 1411 2774 expli-

321 2781 674 2834 axformularumsermone
688 2780 845 2844 «legitimus,
883 2785 956 2833 eant:
985 2795 1037 2832 reo
1061 2783 1120 2847 ipso
1145 2781 1258 2844 laetum,
1283 2786 1360 2847 quod
1384 2785 1411 2832 tu

321 2859 464 2909 meritus.»
500 2857 553 2908 Cir.
573 2855 706 2907 Markland
730 2856 845 2906 adstat.
884 2870 946 2908 aum
963 2856 1410 2922 regisaegubernas.a-naqnats]

322 2931 383 2982 silv.
403 2933 426 2992 1,
445 2931 470 2992 1,
489 2931 530 2982 81.
566 2932 652 2991 Quare
674 2930 725 2982 hoe
746 2927 847 2998 κύριον
884 2935 942 2982 Νοιι
966 2933 1022 2982 mm
1048 2933 1228 2996 «propitius»,
1258 2932 1289 2981 ut
1313 2933 1412 2982 dicitur

321 3021 346 3056 v.
360 3005 441 3057 nolim
454 3004 599 3069 explicare:
620 3018 692 3068 «quo
709 3005 848 3056 vindicen-
883 3009 939 3056 leue
963 3019 1060 3068 aeqtto,
1090 3019 1172 3069 quam
1198 3007 1303 3058 «iustus
1329 3003 1408 3059 simul

321 3085 364 3132 tur
376 3082 485 3132 iniuriae
503 3079 537 3130 ab
557 3081 587 3130 iis
605 3081 717 3145 imperio
730 3081 847 3130 nomano
884 3085 964 3144 atque
981 3080 1127 3132 clemens.»

323 3155 440 3206 illatae.»
917 3156 958 3206 58.
988 3157 1075 3220 prorae
1096 3169 1188 3206 curm
1208 3158 1251 3208 est
1265 3156 1343 3218 lovis,
1364 3154 1409 3206 ubi

354 3232 395 3280 55.
414 3231 455 3280 56.
486 3229 556 3293 orae]
575 3229 617 3278 Sic
635 3230 732 3287 nostri,
754 3241 848 3280 omnes
886 3230 1005 3282 fulminat
1022 3233 1049 3282 et
1065 3231 1146 3280 tonat.
1177 3232 1275 3282 Contra
1295 3245 1346 3296 per
1363 3245 1409 3283 su-

324 3303 432 3366 Cruquii
451 3305 477 3351 et
494 3301 612 3362 Bentleii,
637 3305 684 3366 qui
705 3303 740 3353 ob
758 3319 849 3354 κακο-
886 3305 962 3356 dum:
989 3306 1101 3368 luppiter
1119 3306 1171 3366 ipse
1192 3307 1240 3356 leui
1259 3312 1343 3356 vectae
1364 3319 1410 3370 per

324 3379 436 3438 φωνὶαν
454 3375 627 3440 reprehendit
643 3375 766 3428 Aldinum
785 3377 850 3428 illud
884 3380 975 3429 inania
990 3393 1078 3430 eum.
1102 3378 1194 3432 Tibull.
1213 3380 1239 3440 1,
1258 3381 1281 3430 1.
1301 3381 1358 3431 1311.

325 3453 377 3502 oria
403 3453 519 3500 incertae
548 3452 722 3514 auctoritatis,
756 3453 850 3504 collato
919 3454 960 3503 119.
983 3454 1086 3518 parum]
1113 3467 1162 3518 pro
1185 3457 1324 3518 negatione
1347 3469 1410 3519 gra·

328 3525 376 3576 0d.
397 3523 513 3586 1,16.1.
529 3551 557 3560 -
570 3525 653 3589 Serae]
671 3527 850 3589 subiacentes,
887 3531 960 3578 viere
984 3528 1010 3577 b.
1035 3527 1052 3578 1.
1077 3528 1159 3579 habet
1180 3529 1255 3580 lland
1272 3531 1347 3581 Tum.
1367 3529 1407 3580 IV.

329 3599 478 3650 habitantes
490 3598 641 3651 adultimas
653 3602 765 3654 Orientis
777 3615 851 3661 oras,
887 3617 915 3668 p.
934 3602 992 3654 11111.
1013 3631 1040 3639 -
1061 3605 1144 3668 caeos]
1171 3603 1303 3668 religionis
1327 3617 1409 3655 voea-

329 3672 481 3725 inoolabant
504 3677 595 3724 autem
620 3676 778 3728 Bucheriam
805 3677 855 3727 mi-
887 3676 993 3728 bulum:
1020 3683 1117 3728 eastum
1139 3679 1235 3729 Cereris
1252 3693 1302 3741 pro
1326 3689 1406 3730 edere.

327 3761 430 3799 norem.
460 3749 511 3800 Vid
528 3749 571 3800 ad.
590 3750 639 3801 0d.
657 3752 682 3814 3,
701 3753 742 3813 29,
760 3753 801 3802 27.
823 3779 850 3789 —
889 3754 981 3804 Festus
999 3751 1025 3802 in
1042 3765 1067 3801 v.
1085 3753 1218 3804 Minuitur.
1241 3755 1409 3816 upapam

325 3823 406 3889 indos]
425 3823 475 3873 Vid
492 3824 536 3875 ad.
556 3825 604 3876 Od.
624 3825 648 3889 1,
668 3826 708 3888 11,
727 3826 768 3878 ta.
888 3828 951 3878 costi
966 3829 1028 3878 sunt
1044 3827 1079 3876 ab
1096 3828 1183 3891 impiis
1193 3827 1330 3891 pollutiao
1346 3841 1409 3893 pro-

359 3898 400 3948 111.
422 3899 552 3964 leminor]
572 3913 852 3965 «semperagnoscens
889 3903 968 3953 lanati
986 3901 1088 3952 incestu
1105 3903 1132 3952 at
1148 3902 1306 3953 homicidiis.
1333 3903 1409 3952 Teste

327 3985 357 4023 sa
383 3971 431 4022 tibi
454 3973 607 4026 interiorem
635 3989 695 4026 esse
724 3977 851 4038 tuamque
888 3979 992 4028 Acrone
1026 3989 1060 4026 ex
1087 3974 1216 4026 librorum
1247 3975 1408 4039 auguralium

328 4044 438 4098 tutelam
465 4048 516 4098 sibi
544 4051 756 4100 necessariam.»
802 4049 850 4101 Od.
889 4051 1007 4101 doctrine
1035 4049 1088 4100 luoi
1116 4051 1219 4101 nonnisi
1251 4049 1344 4114 polluti
1377 4047 1408 4098 de

328 4121 352 4182 3,
379 4120 404 4181 6,
431 4123 461 4171 5:
488 4124 612 4184 tronione,
636 4124 674 4172 die
692 4128 716 4173 te
731 4124 853 4174 ntinorm
889 4123 963 4176 eaelo
991 4123 1176 4188 tangebantur.
1220 4123 1296 4176 Tales
1321 4127 1409 4175 nutem

328 4195 395 4258 quod
418 4197 497 4260 perte,
524 4197 641 4258 ίηψοναι.
670 4225 698 4234 -
722 4199 783 4262 lpse
805 4197 852 4248 ἐν·
889 4199 940 4250 luci
959 4199 1133 4263 expiabantur
1148 4213 1164 4248 a
1181 4199 1315 4250 Fratribus
1332 4203 1409 4250 Arra·

328 4266 750 4336 eooomopdgpoettouseffion,
769 4273 851 4324 inme
889 4272 967 4326 libus.
998 4273 1051 4324 Cir.
1070 4275 1162 4326 Marini
1178 4275 1229 4326 Atti
1247 4276 1305 4325 rw.
1324 4273 1365 4326 13.
1384 4285 1407 4336 p-

330 4342 436 4406 saltem,
473 4349 502 4394 ut
530 4343 708 4398 adulationem
736 4348 778 4398 vix
807 4351 853 4398 aut
890 4349 1010 4400 CLllVll:
1042 4349 1113 4411 Quod
1132 4349 1158 4398 oi
1186 4349 1335 4413 tmtpeatatia
1361 4350 1410 4398 ieta
