2986 4974
313 455 374 522 2180
705 413 832 500 nonani
850 445 1018 497 etiamnum

485 613 644 676 Decantes
667 607 794 693 elegos,
820 626 879 672 eur
901 604 956 670 tibi
980 604 1085 669 iunior

570 733 672 796 Laesa
694 729 874 816 praeniteat
897 726 971 792 fide.

482 890 644 976 Insignem
667 887 754 954 tenui
778 885 880 952 fronte
902 884 1064 974 Lycorida

483 1011 559 1100 Cpri
582 1020 682 1076 torret
704 1030 808 1084 amor,
834 1008 939 1095 Cyrus
962 1007 994 1070 in
1016 1026 1167 1093 asperam

483 1132 628 1199 Declinat
650 1129 809 1208 Phelo'en3
833 1128 892 1195 sed
914 1128 1005 1215 prius
1029 1126 1139 1214 Apulis

568 1258 743 1342 iungentur
765 1271 904 1339 capreae
926 1249 1027 1338 lupis,

377 1459 400 1506 i.
421 1457 530 1506 Declinet
546 1467 586 1517 pr.
605 1455 634 1514 Τ,
654 1450 704 1503 sed
721 1450 755 1500 ab
774 1450 833 1500 ead.
853 1462 933 1498 manu
956 1461 1025 1498 corr.
1044 1449 1071 1496 in
1087 1447 1211 1496 Declinat.
1234 1475 1261 1482 -
1280 1446 1368 1508 Apulis

345 1529 383 1581 Td
400 1533 427 1579 et
443 1527 618 1594 probabiliter
635 1528 715 1577 etiam
733 1523 828 1586 reliqui
846 1525 909 1584 mei,
928 1537 995 1587 quos
1013 1535 1106 1573 rursus
1126 1523 1280 1572 examinare
1299 1534 1368 1571 nunc

344 1617 397 1656 non
415 1606 500 1670 potui:
520 1603 624 1666 Appulia
641 1599 726 1664 volgo.

343 1765 372 1834 νζ
387 1784 411 1833 a.
429 1779 702 1842 maerores-capos]
719 1777 833 1837 uvae,
872 1777 915 1838 gn.
956 1776 1119 1838 comparant
1145 1774 1245 1824 msam
1272 1772 1348 1836 myu.
1374 1771 1395 1831 a,

310 1859 338 1908 3:
356 1853 761 1914 miserabilitcrrcriptcelittcroc.
782 1851 835 1900 llos
874 1841 989 1920 ⁴:²npa
1007 1845 1073 1898 Πὰν
1087 1843 1175 1911 Ἀχῶς
1192 1847 1243 1912 τᾶς
1261 1851 1396 1916 γείτονος,

310 1943 447 1994 nunquam
471 1930 571 1988 editos,
596 1927 644 1976 sed
663 1939 725 1976 eum
742 1926 835 1974 amieis
872 1917 964 1994 ἤρατο
981 1921 1004 1972 δ’
1020 1918 1091 1983 ‘nze
1109 1922 1253 1994 Σκιρτητᾶ
1270 1921 1396 1995 Sacripor,

310 2007 411 2058 mnium
429 2002 651 2061 communicatos,
671 2003 767 2064 postea
780 2000 834 2049 ier·
872 1996 1002 2070 Σάτυρος
1019 1997 1042 2048 d'
1059 1997 1230 2062 ἐπεμαίνετο
1241 1997 1362 2068 Addaia.
1374 2013 1396 2048 τ.

310 2084 379 2130 tasse
392 2078 426 2128 ab
438 2079 496 2142 ipso
508 2074 618 2136 Tibullo,
632 2075 705 2139 quod
714 2076 737 2124 ei
748 2073 836 2138 displi-
873 2073 897 2124 lt.
917 2074 1070 2124 Callimaeh.
1095 2075 1183 2138 Epigr.
1209 2075 1257 2136 32,
1284 2078 1317 2125 5:
1346 2069 1397 2124 Orl-

310 2156 416 2216 cerent,
441 2151 543 2202 deletos
569 2164 629 2200 esse
656 2151 832 2214 suspicantur.
871 2145 928 2214 μός
946 2143 1018 2218 ἔρως
1035 2143 1164 2207 τοιόσδε,
1190 2144 1227 2198 τὰ
1249 2149 1306 2214 μέν
1330 2147 1398 2212 φεύ-

310 2229 392 2291 Quid,
411 2230 433 2279 si
444 2239 581 2291 nunquam
598 2227 689 2290 scripti
707 2227 785 2276 eunti
805 2228 835 2275 ut
872 2239 960 2290 γοντα
991 2219 1105 2274 διώκειν
1134 2219 1216 2284 otte,
1251 2220 1288 2274 τὰ
1319 2223 1343 2275 δ’
1371 2223 1398 2274 ἐν

308 2305 380 2355 dicat
395 2302 531 2354 Horatius:
556 2303 685 2364 «propter
702 2299 834 2364 perfidam
871 2301 972 2365 μέσσῳ
989 2301 1108 2363 κείμενα
1124 2299 1308 2369 apparerem.
1326 2305 1397 2348 -tr-

308 2379 401 2429 illamn
425 2378 532 2440 (uquam
552 2377 598 2424 aut
617 2388 646 2424 re
667 2387 729 2424 uera
748 2388 832 2434 amas,
872 2375 916 2422 arui
935 2374 1026 2437 fronte]
1050 2375 1116 2438 Epp.
1137 2374 1164 2432 l,
1186 2375 1216 2434 i,
1242 2375 1287 2422 26:
1318 2376 1399 2438 rripros

308 2455 355 2504 aut
374 2465 456 2515 quam
480 2465 494 2500 a
519 2453 545 2500 te
569 2451 653 2500 amari
675 2463 724 2514 per
745 2451 834 2498 iocum
872 2454 980 2512 ανον-τεο
995 2449 1079 2511 [ronta
1095 2449 1208 2510 capillos.
1244 2448 1357 2500 Martini.
1374 2447 1396 2506 l,

308 2527 413 2590 fingopi
431 2527 483 2576 hoc
501 2526 572 2575 enim
590 2539 639 2576 nos
657 2526 809 2587 ignoramus
818 2524 832 2586 ε)
872 2523 917 2584 li,
931 2523 959 2572 a:
978 2525 1059 2573 Frena
1072 2524 1152 2573 brevis
1162 2530 1238 2585 atqie
1248 2526 1340 2574 morire
1350 2524 1399 2574 lirc-

310 2600 377 2652 anoli
399 2599 517 2660 ssebrles,
542 2598 725 2662 queribundos
745 2598 834 2660 elegos
870 2600 935 2648 viter
959 2600 990 2648 sit
1011 2598 1117 2648 uambae
1138 2600 1217 2648 unda.
1261 2599 1398 2650 Petronius

310 2677 528 2741 componere‚ut
540 2674 624 2724 iecisti
636 2675 663 2724 in
675 2673 764 2724 Deliae
776 2674 836 2736 (lor-
872 2675 901 2724 C.
934 2674 990 2723 tae.
1031 2673 1158 2724 laminam
1191 2672 1398 2737 pulcherrimam

310 2754 380 2802 tasse
399 2751 478 2800 etiam
495 2750 624 2811 Nemesis)
644 2761 751 2808 amore,
771 2761 835 2813 pro·
872 2747 1042 2799 describens:
1069 2749 1150 2798 &aar
1170 2749 1277 2798 minima
1297 2755 1399 2811 atquae

308 2827 402 2890 pterea
419 2823 491 2888 quod
511 2824 598 2873 iunior
614 2823 662 2872 tibi
680 2822 767 2874 rivalis
786 2836 836 2872 an·
871 2823 955 2884 apices
992 2822 1142 2884 capillorum
1179 2827 1249 2872 retro
1282 2825 1397 2888 meret.

310 2901 460 2965 teponatur.
477 2926 503 2934 -
517 2897 647 2962 Dcccntcs}
666 2899 696 2949 Ut
713 2901 835 2948 nostrum
873 2895 1030 2947 Winckelm.
1052 2897 1121 2948 Mon.
1140 2898 1205 2946 inco.
1225 2897 1253 2946 T.
1272 2899 1346 2947 Ltll:
1365 2896 1398 2946 tc

309 2975 487 3037 iteratam,
510 2972 544 3022 de
563 2972 692 3022 cantilena
705 2972 834 3022 debiliore
872 2973 991 3022 bassanu
1012 2971 1078 3022 della
1098 2973 1181 3034 [rente
1196 2973 1253 3022 uim
1275 2985 1399 3022 caruncu-

310 3051 337 3099 et
354 3049 427 3099 vocis
444 3047 572 3097 varietate
591 3050 708 3098 carente.
733 3075 759 3084 -
779 3048 833 3112 cur]
873 3048 935 3097 date
951 3048 986 3096 da
1002 3047 1109 3106 Oresio,
1136 3049 1237 3109 quando
1259 3047 1318 3097 toda
1337 3047 1399 3098 lusi-

309 3126 348 3174 De
370 3124 422 3174 hoe
439 3136 464 3171 v.
483 3135 530 3171 cur
551 3135 601 3172 usu
621 3137 670 3187 pro
692 3125 759 3186 quod
774 3125 836 3187 post
873 3121 1160 3184 gnem--Lycorida,
1187 3121 1336 3172 diruitur
1357 3135 1398 3172 ca·

308 3211 351 3247 w.
365 3197 479 3248 maxime
493 3198 643 3258 αοονςαηόὶ,
660 3199 771 3259 coenat,
784 3199 837 3246 ira-
869 3199 962 3260 pirano
979 3197 998 3246 il
1013 3210 1073 3246 vcro
1087 3209 1158 3246 senso
1168 3198 1204 3261 pli
1216 3197 1311 3246 amicti
1322 3199 1399 3246 inter·

307 3273 390 3322 acardi
404 3273 477 3336 (Epp.
492 3273 502 3320 l
515 3310 520 3333 ,
534 3272 563 3332 8,
577 3273 605 3320 9:
628 3273 728 3322 irascar
739 3274 835 3334 amieis,
869 3272 946 3334 preti,
965 3273 975 3320 i
992 3272 1061 3333 quali
1078 3272 1102 3320 lo
1118 3273 1253 3335 rpiepano:
1274 3275 1398 3336 «angusta

309 3348 361 3397 Cur
380 3350 515 3407 properent
537 3346 613 3407 cet),
632 3347 758 3406 mirandi,
787 3347 834 3396 cir.
874 3351 993 3412 etparva
1011 3348 1105 3408 trente,
1124 3348 1197 3412 quod
1209 3362 1241 3397 ex
1256 3346 1399 3412 pulchritu-

310 3418 387 3470 Hand
408 3421 483 3469 Turs.
506 3420 536 3468 ll.
560 3433 586 3483 p.
607 3421 663 3470 lii.
683 3423 710 3470 et
731 3421 837 3472 Ldbker
874 3421 943 3472 dinis
975 3422 1060 3473 torma
1090 3422 1274 3474 commendari
1302 3421 1397 3474 solet·

310 3493 384 3544 adh.
397 3492 413 3542 l.
439 3493 501 3544 Mihi
513 3493 623 3555 quidem
635 3494 740 3545 videtur
751 3510 837 3546 enon·
877 3523 904 3530 -
936 3497 1075 3561 Lycorida]
1104 3498 1159 3547 lloc
1186 3498 1294 3548 nemine
1323 3499 1398 3548 antea

310 3569 404 3618 tiatum
440 3569 548 3632 proprie
587 3583 619 3618 cx
655 3570 697 3620 his
731 3570 837 3621 duobus
874 3569 1012 3621 Cornelius
1035 3570 1122 3622 Gallus
1144 3585 1208 3622 suos
1227 3583 1337 3622 amores
1356 3583 1398 3621 ce-

311 3643 491 3693 contractum:
520 3641 543 3704 t)
570 3657 604 3694 ne
630 3643 723 3696 dolens
749 3645 835 3696 dicas:
875 3646 984 3694 cinerat.

312 3717 383 3767 «Cur
398 3717 464 3766 mihi
489 3718 576 3767 iunior
598 3720 785 3782 praeferturin
812 3721 835 3784 i)
907 3721 931 3770 6.
951 3719 1019 3783 Cyri]
1039 3719 1086 3769 Od.
1107 3720 1130 3781 l,
1150 3721 1191 3780 ii,
1209 3721 1250 3770 at.
1270 3721 1399 3770 esthuius

312 3789 365 3841 noli
382 3790 486 3853 dolere,
505 3793 578 3856 quod
594 3793 641 3842 tihi
655 3794 740 3845 iunior
757 3787 838 3858 prae·
875 3795 989 3844 nominis
1001 3793 1130 3856 Tyndaris
1142 3796 1253 3844 amator.
1273 3821 1301 3830 —
1315 3791 1397 3854 torret]

312 3865 421 3917 teratur.
876 3869 977 3920 Eadem
994 3869 1151 3932 metaphora
1164 3869 1270 3933 Sappho
1287 3870 1329 3920 Fr.
1343 3869 1395 3919 itti.

345 3939 369 3992 l.
385 3941 537 4005 praeniteat]
550 3954 601 4005 pr.:
622 3941 766 4005 «Glycerae
782 3945 841 3994 niti-
875 3944 980 4006 Bergk:
992 3937 1109 4006 Ὄπταις
1125 3937 1214 4008 ἄμμε.

313 4014 372 4066 dior
389 4028 421 4064 ae
438 4013 579 4066 formosior
595 4016 742 4067 videatur.»
908 4020 932 4068 7.
960 4018 1084 4083 Dectiaat]
1110 4022 1148 4068 «Α
1171 4019 1301 4082 Lycoride
1324 4029 1397 4069 arer-

345 4091 370 4138 a.
388 4089 595 4143 inconstantiam
617 4103 740 4141 amorum
757 4095 838 4156 atque
875 4106 921 4145 sue
949 4093 1100 4158 propendet
1131 4095 1157 4144 in
1186 4093 1303 4144 Pholoen
1331 4092 1397 4144 illam

313 4163 422 4216 dissidia
435 4165 514 4215 certis
526 4164 687 4229 quibusdam
699 4167 837 4231 exemplis,
876 4167 1010 4219 dillieilem
1027 4182 1059 4219 ac
1078 4170 1267 4220 renitentem.»
1293 4195 1322 4204 -
1338 4168 1397 4219 Pto·

314 4253 381 4300 ase,
400 4240 542 4304 utopinor,
562 4241 639 4303 lictis,
658 4253 721 4292 eum
733 4241 839 4294 delectu
875 4243 940 4307 ἰοᾶη]
958 4244 1006 4294 ed.
1025 4246 1054 4304 Ξ,
1079 4247 1109 4304 a,
1136 4245 1179 4294 tt:
1202 4245 1297 4296 Ptolo&
1308 4245 1394 4308 super.

314 4315 451 4364 nominum
474 4318 547 4377 grate
570 4318 721 4368 sonantium
744 4317 840 4382 depin-
876 4318 924 4368 Od.
943 4318 972 4378 3,
992 4320 1036 4380 to,
1054 4319 1079 4368 i.
1114 4319 1224 4370 Marathi
1245 4321 1273 4370 et
1289 4317 1396 4370 Pholoes
