3080 4980
658 411 795 462 HOllrlTli
806 411 974 462 callithias}

426 559 530 635 'Miles
555 577 585 634 te
608 567 692 633 duce
714 567 868 654 gesserit:

356 730 429 804 Noe,
454 729 602 816 Agrippa,
626 745 734 813 neqrxe
756 725 837 792 haec
860 725 979 800 dicere,
1003 745 1064 791 nec
1088 743 1218 812 gravem
1342 728 1361 788 ὅ

356 849 488 917 Pelidae
511 847 712 915 stomachum
734 847 853 914 cedere
876 847 994 920 nescii,

357 975 422 1040 Nec
444 993 560 1057 cursus
583 969 720 1057 duplicis
744 990 803 1056 per
825 989 914 1034 mare
938 967 1055 1044 Ulixei,

440 1095 506 1160 Nec
529 1112 659 1158 saevam
680 1090 810 1178 Pelopis
833 1091 965 1156 domum

358 1254 520 1320 Conamur
543 1262 657 1317 tenues
679 1249 826 1338 grandia,
851 1248 928 1315 dum
956 1249 1062 1336 pudor

357 1373 565 1462 imbellisque
586 1345 679 1462 lyrae
702 1373 793 1439 Musa
814 1381 930 1458 potens
953 1381 1039 1437 vetat

338 1587 362 1634 7.
381 1575 489 1651 duplices
505 1585 522 1634 S
541 1585 567 1633 et
584 1595 624 1648 pr.
644 1581 675 1644 b,
694 1583 792 1633 reducis
809 1579 926 1631 malebat
942 1577 1025 1660 Bentl.
1048 1607 1074 1614 -
1097 1578 1188 1640 Ulpssei
1205 1579 1285 1630 LCtF.

273 1776 355 1828 quam
372 1763 422 1812 hac
440 1761 656 1824 interpretatione
669 1758 800 1822 aliquate-
839 1761 893 1808 tem
907 1758 990 1822 (iram)
1001 1758 1117 1817 Graecia,
1130 1758 1318 1820 perniciosam.
1333 1787 1360 1797 -

273 1851 323 1888 nus
341 1836 450 1900 quidem
469 1833 624 1898 explanatur
635 1833 738 1883 insolita
750 1846 800 1883 no·
837 1835 922 1882 cedere
932 1833 1016 1897 nescii]
1030 1833 1072 1883 Sic
1084 1833 1154 1895 Virg.
1168 1835 1233 1884 Aen.
1249 1835 1288 1894 la,
1302 1836 1359 1884 eat:

272 1911 315 1961 bis
333 1909 472 1960 Germanis
490 1908 624 1968 attractio,
647 1907 719 1957 haud
736 1907 799 1957 satis
836 1908 921 1956 oescia
936 1909 1003 1957 eieci
1019 1909 1131 1958 Pectora.

273 1986 356 2050 ipsius
373 1984 505 2047 agrippae
523 1995 637 2045 persona
649 1982 797 2045 respicitur.
870 1983 894 2032 7.
914 1983 1026 2046 duplicis]
1046 1996 1079 2032 ex
1089 1985 1191 2032 Graeco
1203 1996 1262 2034 usu.
1282 1983 1360 2036 libes.

272 2061 319 2111 Est
330 2059 420 2122 igitur:
436 2057 656 2108 «praedicaberis
666 2059 693 2106 et
701 2061 730 2107 tu
741 2057 798 2121 ipse
837 2056 898 2106 393:
918 2049 953 2108 ori
971 2051 1090 2120 διπλοῦς
1107 2058 1212 2118 πέφυκ’
1233 2051 1316 2126 ἀνήρ.
1332 2085 1360 2094 -

273 2135 300 2184 et
316 2131 471 2198 praeclarae
489 2145 533 2183 res
550 2134 612 2182 tuae
630 2134 702 2182 terra
720 2132 800 2181 mari-
836 2133 922 2194 Atque
941 2132 1029 2196 Eurip.
1049 2132 1144 2182 Troad.
1158 2133 1215 2182 286.
1235 2133 1259 2182 ei
1272 2131 1363 2182 tribuit

273 2221 325 2272 que
344 2210 434 2270 gestae
453 2220 504 2271 ope
517 2207 683 2256 exercituum
702 2205 799 2270 quihus
836 2203 975 2265 δίπτυχον
1003 2202 1147 2273 γλῶσσαν.
1194 2206 1269 2257 Dion.
1303 2205 1361 2256 ilai.

272 2283 435 2348 praefuisti.»
472 2284 539 2332 Cum
561 2280 638 2332 miles
660 2282 694 2332 sit
714 2282 797 2344 soca,
837 2281 913 2330 Rhet.
944 2282 984 2340 ll,
1014 2283 1046 2330 5:
1077 2273 1185 2346 Ἕλλην
1219 2277 1364 2343 Θετταλὸς

274 2357 360 2418 tortis,
388 2356 545 2418 bellicosus,
573 2356 725 2419 habeatque
748 2356 799 2406 du·
836 2352 955 2418 διπλοῦς
988 2357 1037 2406 καὶ
1066 2354 1206 2418 ποικίλος.
1253 2355 1362 2408 Glossae

274 2446 335 2484 cem
361 2433 505 2496 Agrippam
529 2432 661 2492 victorae,
689 2431 798 2480 minime
836 2429 941 2481 isidori:
971 2430 1099 2494 Artificem
1125 2432 1265 2493 duplicare,
1292 2431 1363 2480 dolo-

275 2507 426 2557 rerendum
445 2508 514 2566 erat,
534 2520 567 2556 ne
585 2507 683 2556 Horatii
702 2519 801 2569 aequa-
836 2518 899 2554 seeo.
936 2504 988 2554 Cir.
1007 2505 1110 2556 Ruhuk.
1129 2506 1163 2556 ed
1181 2505 1280 2556 Timaei
1298 2507 1360 2554 Lex.

273 2583 312 2634 les
329 2595 355 2630 u.
375 2594 548 2644 quemcunque
564 2581 662 2631 eodem
674 2581 754 2632 modo
767 2596 799 2631 ac
837 2592 863 2642 p.
883 2580 924 2629 87.
948 2579 995 2630 Est
1011 2580 1090 2642 igitur
1106 2594 1155 2645 pro
1172 2582 1255 2641 cumo,
1270 2583 1303 2628 ut
1315 2577 1363 2630 Uli-

273 2656 408 2708 Bentleius
428 2657 594 2719 acciperent,
622 2657 697 2707 «sive
721 2670 799 2719 egre·
837 2667 899 2702 xem
923 2657 1002 2703 vocat
1023 2655 1119 2706 Statius
1140 2653 1231 2706 Achill.
1251 2657 1276 2715 λ,
1293 2655 1361 2714 lia,

273 2735 344 2796 giam
369 2732 425 2782 sivo
452 2731 617 2781 mediocrem
639 2732 695 2782 sive
719 2733 799 2782 etiam
837 2727 959 2790 subdolo,
977 2731 1095 2780 versuto.
1130 2731 1253 2780 Proxime
1274 2729 1307 2779 ad
1325 2730 1363 2780 si-

274 2804 344 2857 male
362 2805 581 2870 procedentem.»
616 2804 735 2858 Ubileot.
749 2819 800 2868 que
837 2803 1032 2866 gnificationem
1053 2817 1079 2852 v.
1103 2805 1196 2866 duplae
1217 2805 1279 2855 huic
1303 2802 1362 2854 loco

274 2895 289 2931 e
308 2881 456 2944 scripturae
474 2879 633 2944 compendio
651 2883 737 2930 ortam
754 2893 800 2930 re·
837 2879 914 2928 unice
933 2881 1024 2942 aptam
1042 2879 1147 2930 accedit
1158 2879 1241 2930 Plaut.
1255 2877 1360 2930 trucul.

274 2956 391 3020 ceperis,
418 2968 528 3019 prorsus
548 2957 663 3006 otiosum
681 2955 710 3004 lit
725 2956 801 3004 πουλ-
838 2951 862 3013 l,
876 2953 900 3013 3,
915 2955 942 3002 i:
962 2955 999 3004 Ne
1010 2955 1119 3016 duplices
1129 2954 1241 3004 itabeotis
1252 2955 1360 3017 liapuos,

273 3031 318 3080 bus
342 3035 388 3080 cet
413 3031 489 3092 cquis.
526 3029 605 3094 (Mori
632 3029 667 3080 ad
691 3031 800 3094 Liparas
837 3041 868 3077 oe
889 3041 933 3092 epo
955 3029 1076 3093 biliupues
1095 3043 1139 3079 cos
1158 3042 1250 3080 urceo.
1286 3028 1360 3078 Ouid.

273 3106 371 3157 devicit.
388 3107 448 3155 Sex.
462 3105 619 3169 Pompeium
638 3105 685 3154 Cn.
700 3105 737 3164 F.,
750 3119 799 3168 pro
837 3105 896 3153 Am.
917 3105 940 3164 l,
961 3105 1001 3166 lt,
1021 3105 1061 3154 27.
1081 3103 1115 3154 de
1135 3103 1269 3168 diptychis
1287 3115 1363 3154 ama-

273 3181 382 3230 rietoria
401 3179 435 3228 ah
447 3181 564 3242 Augusto
577 3192 675 3230 corona
687 3182 799 3230 rostrata
838 3179 919 3238 tortis,
939 3178 1036 3241 quihus
1053 3178 1184 3249 deceptus
1203 3181 1274 3229 erat:
1293 3179 1362 3241 Erpo

275 3255 403 3314 donatus;
439 3256 496 3305 lum
525 3256 631 3317 egregia
665 3253 713 3304 luit
743 3257 800 3306 eius
837 3267 882 3316 epo
902 3267 946 3302 vos
966 3253 1038 3302 rebus
1059 3254 1168 3315 duplices
1189 3266 1239 3316 pro
1263 3255 1363 3302 nomiae

276 3342 357 3392 opera
375 3329 508 3392 inpugna
526 3329 644 3388 Actiaca,
668 3333 738 3378 terre
755 3341 801 3379 se·
836 3329 908 3378 serui.
944 3327 1000 3378 Noli
1019 3331 1110 3378 rooba
1130 3329 1240 3391 iungere
1257 3329 1363 3390 dipticis

274 3403 378 3452 cundus
388 3404 570 3452 Romanorum
581 3403 705 3453 Rhenum
716 3406 801 3454 trans·
837 3403 967 3468 (duplices)
984 3418 1081 3466 curae,
1094 3417 1209 3456 errores.
1228 3404 1362 3456 Bentleius

274 3491 382 3540 gressus
400 3479 449 3527 est.
485 3477 551 3527 ilinc
568 3479 594 3526 in
613 3490 724 3526 nummo
736 3479 800 3528 Cor-
837 3481 909 3528 recte
928 3479 1036 3541 quidem
1054 3482 1115 3543 post
1130 3479 1196 3532 alios
1214 3479 1360 3544 explicavit,

275 3551 335 3603 nelli
362 3551 436 3602 Cossi
464 3549 565 3614 llldller
590 3551 695 3601 natm.
723 3552 742 3600 l.
766 3551 797 3600 N.
837 3567 931 3603 verum
948 3567 1009 3604 mox
1028 3555 1143 3605 novandi
1154 3555 1241 3606 studio
1253 3556 1360 3614 ductus,

274 3626 341 3689 3l3.)
364 3628 406 3676 est
422 3626 553 3690 Agrippae
571 3629 651 3689 eaput
672 3638 734 3675 cum
753 3638 799 3674 co-
837 3627 929 3678 maluit
945 3631 1051 3690 reducis,
1071 3643 1124 3693 quo
1142 3631 1176 3680 ad
1193 3643 1285 3680 meum
1302 3644 1363 3680 sen·

274 3715 338 3753 rona
357 3705 384 3750 et
401 3700 486 3750 navali
505 3704 532 3751 et
548 3699 662 3762 murali.)
837 3716 898 3753 sum
916 3703 977 3754 nihil
995 3707 1162 3768 potestesse
1180 3705 1306 3769 trigidius.
1332 3733 1360 3742 -·

839 3779 927 3842 [iliad]
957 3792 972 3829 a
1002 3780 1086 3830 forma
1118 3781 1226 3844 antiqua
1262 3781 1363 3830 liliam

306 3853 330 3902 li.
346 3851 369 3899 6.
382 3850 543 3914 detructum]
554 3847 652 3916 μῆνιν,
668 3850 735 3900 iram
748 3850 799 3900 im·
838 3855 989 3916 (Dorienses
1000 3854 1209 3920 pronuntiabant
1221 3847 1360 3920 Οὗλὶξης).

274 3924 440 3990 placabilem.
459 3927 582 3974 Penrtcee
591 3922 797 3989 Achillesiipod.
837 3929 930 3978 Cicero
948 3943 1056 3994 semper
1069 3931 1166 3980 ‘Uiiues
1195 3929 1232 3992 (ln
1243 3943 1308 3980 vase
1319 3930 1362 3980 vei

274 4001 315 4060 li,
330 3999 374 4058 ll;
392 4001 538 4060 iracundus,
555 3999 727 4061 irreserabilis,
741 4013 800 4049 ece
837 4002 923 4052 Siculo
945 4003 987 4054 vei
1010 4018 1043 4053 ex
1065 4006 1157 4066 Magna
1180 4004 1290 4055 Graecia
1312 4005 1362 4054 ad-

275 4075 346 4126 idem
363 4077 417 4124 alrl.
438 4076 509 4123 Poet.
535 4076 590 4124 lbi.
626 4075 730 4124 Nemini
752 4087 799 4124 ce·
836 4077 1360 4143 recto(Aoe.dett’1art.1v.p.3ii.)

274 4147 796 4214 ‹laosapoiliniquoquearinttaturlliad.
837 4152 904 4203 haec
927 4155 968 4203 est
986 4153 1084 4203 torma:
1118 4153 1281 4204 ott'ssxt's
1303 4153 1358 4216 (cir.

274 4239 301 4284 χ,
321 4226 366 4276 it:
395 4215 414 4289 ἢ
431 4227 458 4276 e'
476 4217 514 4274 ἂν
534 4225 686 4290 τισαίμην,
705 4223 734 4275 εἴ
746 4239 796 4290 μοι
836 4227 940 4278 Ahrens
953 4226 1012 4277 dial.
1027 4227 1085 4278 dor.
1099 4241 1124 4292 p.
1139 4227 1200 4290 85.),
1220 4230 1246 4277 et
1261 4229 1285 4277 in
1306 4241 1362 4277 mo-

274 4296 394 4363 ὁύναμίς
411 4314 442 4365 γε
454 4301 565 4369 παρείη.
584 4327 610 4338 -
629 4315 733 4364 prooem
750 4316 799 4351 au·
817 4319 820 4352 r
837 4305 963 4352 numento
986 4302 1072 4354 Siculo
1099 4302 1161 4352 ibid.
1188 4301 1358 4362 ueniter,
