3002 4974
535 483 592 534 ΗΒ.
613 485 643 534 ll.
680 485 708 532 C.
728 483 791 534 iiix.

248 1046 409 1112 Bacchum
432 1047 463 1110 in
487 1047 617 1113 remotis
639 1045 782 1112 carmina
805 1046 939 1132 rupibus

252 1167 321 1232 Vidi
343 1165 514 1234 docentem
536 1165 723 1234 -credite
745 1167 866 1256 posteri
888 1207 931 1218 -

290 1286 521 1377 Nymphasque
543 1287 706 1354 discentes
729 1300 761 1354 et
783 1308 880 1355 aures

334 1409 552 1496 capripedum
574 1411 766 1499 Satyrorum
787 1419 909 1478 acutas.

183 1582 252 1632 XIX.
270 1582 352 1630 inscr.
371 1578 439 1642 volg.
457 1580 570 1639 Hyrnnus
585 1579 613 1628 io
629 1580 763 1630 Bocchum.
778 1608 805 1615 -
817 1581 856 1630 Ati
867 1579 983 1630 nemin
995 1587 1096 1642 patrem
1106 1583 1172 1634 BST.

152 1685 181 1692 -
201 1655 288 1706 Liberi
301 1655 385 1718 putris
400 1655 486 1704 laudes
503 1667 526 1704 c.
545 1654 613 1716 (Om.
632 1653 669 1718 b.)
689 1681 718 1690 —
736 1655 760 1706 3.
779 1657 850 1706 emh
866 1655 894 1706 T.

146 1807 215 1856 XIX.
245 1803 355 1854 Videtur
378 1817 410 1852 ex
433 1805 535 1852 Graeco
557 1801 645 1866 aliquo
682 1797 886 1874 ροφὰςόρέων,
899 1801 1110 1870 γοονοῦμαύσε.
1124 1807 1205 1870 Soph.

113 1877 266 1943 exemplari
293 1890 436 1942 expressus
462 1877 504 1927 hio
529 1879 556 1926 in
577 1880 645 1928 Βοα·
682 1877 747 1928 Oed.
773 1876 828 1928 Col.
853 1879 914 1928 678:
942 1877 976 1926 ἵν’
1001 1873 1018 1926 ὁ
1040 1877 1208 1942 βακχτώτας

113 1956 200 2006 chum
218 1954 338 2015 hymnus
354 1951 484 2016 propead
500 1951 647 2016 dithyram-
681 1943 728 2002 ἀεὶ
760 1947 904 2014 Διόνυσος
937 1949 1091 2017 ἐμβατεύει
1125 1953 1208 2017 θοαῖς

113 2030 217 2080 horum
242 2039 325 2090 genus
348 2026 491 2076 accedens.
533 2025 645 2077 Pulchre
681 2021 857 2091 ἀμφιπολῶν
887 2025 1028 2091 τιδήναις.
1074 2029 1208 2080 Himerius

112 2108 209 2154 autem
233 2105 261 2151 et
284 2101 414 2165 gradatim
431 2114 446 2150 a
463 2101 560 2151 Bacchi
582 2099 646 2152 lusi·
681 2103 753 2152 Orat.
773 2105 799 2162 4,
819 2103 864 2152 20:
883 2100 1015 2167 Νυμφῶν
1032 2101 1140 2173 χορούς
1157 2107 1207 2154 καὶ

113 2179 165 2229 hus
185 2189 275 2238 usque
294 2175 328 2225 ad
345 2189 390 2226 res
407 2174 441 2225 ah
455 2189 487 2225 eo
499 2175 568 2226 inter
579 2175 645 2226 deos
682 2171 817 2246 Aporidos
832 2169 894 2240 ἠχώ
907 2177 957 2226 καὶ
967 2173 1116 2246 Σατύρους
1127 2193 1208 2250 σκιρ-

112 2258 199 2316 atque
223 2253 283 2315 ipso
305 2251 331 2300 in
348 2253 416 2301 Orco
438 2250 539 2300 domito
556 2253 645 2314 gestas
681 2249 790 2312 τῶντοις
809 2252 860 2301 καὶ
879 2249 965 2300 Πᾶνα
985 2255 1138 2322 σοφίζονται
1158 2255 1207 2302 καὶ

113 2325 297 2392 progreditur,
310 2327 336 2374 in
346 2339 398 2389 qua
407 2323 521 2376 mirabili
531 2325 644 2388 imagine
682 2321 777 2376 πάντα
785 2321 836 2376 τὸν
844 2322 987 2376 Διονύσου
996 2326 1113 2376 ύύααον.
1130 2328 1205 2378 Coni.

113 2402 216 2454 desinit
251 2413 368 2450 carmen.
415 2398 518 2450 Similes
551 2400 644 2462 hymni
682 2399 730 2451 Oti.
750 2401 778 2460 4,
798 2401 825 2460 4,
848 2400 894 2450 34;
923 2401 1098 2463 Nympharum
1114 2428 1129 2438 -
1146 2401 1209 2452 leues

114 2478 178 2528 sunt
192 2474 323 2537 Propertii
334 2474 363 2534 3,
377 2475 428 2534 li„
441 2474 525 2524 Ovidii
537 2475 643 2525 liciam.
681 2489 739 2524 cum
755 2475 856 2536 Saturis
872 2475 950 2525 chori.

113 2550 138 2602 4.
152 2550 225 2609 init,
245 2548 321 2598 Trist.
335 2550 363 2606 5,
387 2547 411 2598 3.
439 2547 645 2612 compositionis
715 2549 739 2602 4.
759 2549 934 2616 Cupripedwn]
955 2546 1118 2620 τραγόποον
1135 2554 1207 2602 Pana

114 2629 226 2689 tempus
246 2635 294 2672 nos
311 2621 384 2672 latet.
682 2627 761 2674 uocat
772 2626 824 2674 iam
837 2624 986 2676 Simonides
995 2639 1021 2688 p.
1032 2626 1088 2675 489.
1100 2627 1209 2676 Schnei-

146 2702 172 2750 i.
204 2697 316 2760 remotis]
345 2697 387 2746 Sic
415 2694 537 2746 absolute
566 2697 646 2748 eiiam
683 2699 750 2749 deri.
769 2699 919 2762 errripedes
935 2703 1025 2750 aulem
1042 2701 1149 2762 Satyros
1159 2702 1208 2752 hos

114 2775 169 2826 Cic.
192 2771 231 2822 ad
254 2773 325 2822 Fam.
349 2772 380 2832 i,
406 2772 453 2833 20,
480 2773 510 2821 2:
537 2777 646 2834 ranam,
684 2787 746 2824 cum
770 2776 887 2824 Paniscis
913 2774 1107 2826 contundentes
1133 2777 1209 2826 dinc·

112 2849 227 2909 solutori,
255 2859 359 2896 αατοοαο
380 2846 442 2896 ioco.
469 2873 495 2883 -
521 2847 645 2911 connino]
683 2851 745 2898 runt
761 2849 899 2900 Lucretius
916 2847 945 2908 l,
964 2850 1021 2899 582.
1036 2849 1100 2898 eth.
1113 2849 1130 2898 1.
1159 2851 1210 2900 Ηο-

116 2926 255 2988 «hymnos
263 2923 391 2984 mysticos
398 2921 432 2972 ad
440 2922 536 2972 Bacchi
546 2921 647 2972 cultum
683 2923 774 2972 ratius.
793 2925 879 2986 Atque
897 2922 970 2972 haud
986 2936 1048 2972 raro
1064 2924 1103 2974 sic
1121 2928 1210 2986 poste-

114 2999 314 3063 pertinentes.»
339 3023 367 3033 -
390 2995 502 3059 ruptim]
525 2997 647 3046 Bacchus
683 2998 777 3048 riores.
812 2997 890 3046 nuth.
913 2995 967 3046 Pal.
992 2999 1022 3047 ll.
1047 3011 1073 3060 p.
1097 2999 1154 3048 705.
1175 2999 1208 3048 de

116 3067 232 3143 ὄρειος,
259 3067 426 3140 ὀρειφοίτης
453 3070 584 3132 (Phanuel.
604 3071 645 3120 Fr.
684 3069 818 3120 Praxitelis
840 3071 949 3132 Satyro:
983 3066 1011 3118 Ὁ
1031 3070 1206 3140 τραγύττοος,

116 3147 161 3210 3.),
176 3157 305 3196 recessus
317 3157 419 3194 amans.
442 3143 646 3207 Euncycml:
684 3161 701 3194 ο
718 3159 770 3194 τον
786 3159 880 3194 αοκον
896 3148 1066 3214 επηρμδνος.
1094 3147 1160 3196 ibid.
1180 3159 1206 3210 p.

115 3211 139 3270 ni
174 3218 246 3282 φίλα
268 3214 392 3280 Brinta,
427 3223 480 3269 ποῖ
502 3216 648 3280 οἰοττολεῖς
684 3220 745 3270 629:
772 3215 941 3288 Σύντροφος
958 3213 1108 3282 εύάσταις,
1126 3223 1208 3286 αἰγο-

114 3291 230 3360 ξανθὰν
246 3295 351 3354 χαίταν
366 3295 466 3352 orium
487 3293 567 3356 Soph.
581 3293 645 3344 Oed.
684 3291 775 3360 πόδης
792 3291 931 3365 Σάτυρος.
960 3295 1019 3345 Duo
1038 3294 1103 3345 iales
1121 3295 1208 3357 Satyri

114 3371 179 3434 Tyr.
194 3370 274 3419 tint:
294 3366 313 3418 ό
325 3368 467 3430 Βακχεῖος
478 3363 547 3430 θεὸς
558 3369 647 3418 ναίων
684 3371 855 3420 nominantur
891 3369 1020 3430 ΣΙΜΟΣ,
1060 3369 1207 3432 milton,

116 3445 160 3496 ἐπ’
181 3437 282 3515 ἄκρων
299 3437 399 3514 ὀρέων.
684 3445 807 3508 Nympha
817 3442 962 3506 ΧΑΙΡΑΣ,
976 3443 1038 3494 alibi
1050 3443 1118 3494 duae
1128 3446 1210 3507 Nym·

147 3520 175 3569 3.
202 3518 387 3582 Nnnpiurqua]
411 3519 518 3580 Longus
540 3517 570 3578 3,
597 3517 644 3568 23:
685 3520 754 3583 phae
767 3519 929 3580 Bacchicae,
948 3517 1101 3570 ΓΑΛΗΝΗ
1116 3519 1207 3582 altera,

114 3594 146 3643 ai
162 3588 289 3657 Νύμφαι
307 3590 399 3643 πᾶσαν
415 3593 566 3657 μουσικοί.
584 3594 647 3642 Pra-
684 3594 767 3646 altera
775 3591 880 3642 nrm
892 3596 998 3658 tempus
1010 3607 1146 3658 serenum,
1156 3609 1208 3646 non

115 3668 187 3718 tinas
204 3669 231 3718 in
243 3668 455 3731 hyporohemute
467 3667 538 3730 apud
549 3668 645 3718 Athen.
683 3666 790 3719 ETOIA
807 3667 841 3718 nh
860 3669 946 3728 Evoe,
966 3671 995 3718 ul
1013 3671 1127 3720 coniecit
1143 3673 1208 3720 Ger·

116 3743 162 3804 tl,
184 3742 208 3792 8.
222 3741 308 3804 Bergk
319 3753 345 3804 p.
359 3741 422 3794 tir:
441 3735 647 3812 ΒρόμιονἘμὲ
683 3743 751 3794 hard
769 3748 823 3792 ant.
840 3743 931 3794 liildw.
950 3757 976 3807 p.
996 3747 1052 3794 222.
1081 3746 1207 3795 Ceterum

115 3813 161 3866 δεῖ
188 3813 334 3876 κελαδεῖν,
364 3813 415 3880 ἐμὲ
443 3812 488 3865 δεῖ
509 3821 647 3882 παταγεῖν
684 3817 717 3866 de
732 3817 832 3868 Horatii
848 3816 908 3868 loco
925 3818 986 3868 vide
997 3819 1082 3880 zoega
1099 3819 1209 3868 Basani-

114 3885 166 3940 'Au'
180 3905 252 3960 epea
269 3885 398 3954 σύμενον
413 3885 488 3954 μετὰ
500 3887 644 3940 Ναὶαίδων.
682 3893 739 3942 limi
750 3892 828 3942 hit.
839 3894 897 3942 Not.
913 3891 952 3942 44.
967 3893 1045 3942 Lanzi
1058 3893 1094 3941 δα
1105 3895 1161 3941 vasi
1173 3892 1210 3940 di·

116 3965 234 4014 Fuerant
255 3966 346 4016 autem
363 3965 461 4016 Bacchi
483 3963 546 4015 olim
563 3961 647 4030 τιύῆ-
679 3965 860 4030 percipiet.
881 3965 1000 4015 Gerhard
1016 3968 1055 4016 dei
1069 3967 1111 4015 dio
1121 3967 1209 4016 Fauno

117 4053 181 4098 ναι,
214 4039 341 4090 nutrices.
377 4040 517 4088 Anacreon
547 4041 588 4090 Fr.
620 4041 644 4090 2.
682 4054 710 4105 p.
729 4040 769 4090 35.
797 4038 914 4091 macrob.
934 4043 1031 4098 Sati,
1051 4042 1090 4091 48.
1104 4055 1130 4104 p.
1146 4041 1206 4090 tet:

118 4113 227 4176 Bergk:
248 4103 351 4176 Ὦνονξ,
370 4102 393 4178 ᾦ
412 4109 545 4178 δαμάλης
555 4107 646 4186 Ἔρως
682 4115 711 4164 in
727 4117 840 4165 Parnaso
857 4115 1010 4176 Satyrorum
1025 4115 1210 4178 [repuerascer-

117 4185 175 4238 Καὶ
202 4183 326 4250 Νύμφαι
356 4185 535 4250 κυανώπιδες
567 4187 646 4259 Πορ-
682 4189 752 4239 nitio
768 4194 851 4240 coetus
866 4193 890 4238 et
902 4189 1051 4251 planetaque
1066 4201 1209 4250 οοοοτρτο-

117 4263 211 4332 φνρέη
238 4259 263 4310 δ’
285 4255 437 4332 Ἀφροδύτη
460 4263 646 4326 Σύμνταὶζον-
679 4263 754 4325 pisae
770 4276 857 4314 eonon
868 4263 1047 4314 exaudiuntur.
1069 4261 1209 4324 Eleganter

118 4350 178 4386 σαν·
197 4350 383 4406 sumpserat
404 4331 576 4401 δ’δ’ψηλῶν
593 4351 645 4386 κο-
682 4337 708 4388 in
725 4337 776 4386 hac
794 4337 979 4401 Nympharum
997 4339 1208 4398 satyrorumque
