2998 4980
318 478 359 542 84
699 478 828 529 HOllA'l'll
845 478 1013 530 cautilrtult
1060 519 1063 524 .

319 641 398 698 Cato,
420 637 518 698 Varro,
542 637 651 696 Cicero,
673 637 795 687 Horatius
813 634 860 686 od.
879 635 904 697 l,
924 636 964 696 to,
983 635 1024 686 29.
1045 633 1099 698 (ubi
1116 633 1189 686 locos
1205 636 1278 700 ipsos
1294 647 1404 684 memo-

317 720 453 783 ravimus),
472 719 655 770 huiusoemodi
672 718 752 770 luisse
770 722 980 770 consentaneum
992 721 1041 768 est.
1071 717 1145 768 Nullo
1158 719 1235 782 igitur
1246 716 1328 768 modo
1340 731 1404 768 oum

317 804 366 856 iilis
389 803 538 868 comparari
561 805 651 866 potest
672 803 723 852 hoc
741 815 866 863 cumen,
891 803 918 852 in
935 815 997 866 quo,
1017 801 1156 852 exordium
1172 816 1237 854 sano
1255 815 1270 850 a
1287 801 1406 852 Pindaro

318 889 461 948 mutuatus,
474 899 537 936 mox
549 900 612 936 vero
625 887 762 950 proprium
775 886 904 951 impetum
917 889 1035 946 secutus,
1049 899 1117 936 nova
1128 897 1238 950 prorsus
1249 885 1406 936 inventione

317 971 442 1022 Romanis
460 969 650 1020 commendare
668 971 811 1020 Caesarem
824 967 948 1032 clareque
961 969 1059 1020 docere
1071 971 1161 1020 studet
1178 983 1271 1019 eorum
1288 967 1405 1019 salutem

318 1067 349 1104 ac
375 1053 476 1104 bonum
502 1052 638 1118 publicum
661 1055 739 1104 unice
763 1055 790 1104 in
813 1052 856 1103 illo
879 1054 939 1115 niti,
963 1054 1052 1118 potius
1075 1066 1171 1116 qaam,
1195 1055 1225 1103 ut
1241 1051 1283 1102 olii
1299 1051 1406 1112 volunt,

317 1139 420 1188 rectam
437 1137 591 1188 dominandi
605 1138 677 1188 mam
695 1138 745 1201 ipsi
761 1136 959 1197 demonstrare;
981 1137 1085 1186 tantum
1105 1137 1178 1186 enim
1195 1137 1241 1199 qui
1258 1135 1308 1186 sihi
1327 1147 1408 1184 arro-

318 1223 423 1284 gassett
455 1223 596 1283 Panopen
617 1221 696 1283 igitur
718 1233 781 1270 cum
804 1221 844 1270 dis
868 1219 1074 1281 immortalibus,
1098 1233 1161 1270 oum
1177 1218 1320 1280 heroibus,
1341 1231 1407 1269 cum

318 1307 498 1356 Romanorum
523 1303 675 1355 clarissimis
701 1303 852 1368 quibusque
878 1305 1031 1365 consociat,
1061 1305 1089 1353 et
1114 1304 1218 1366 egregia
1249 1305 1305 1352 arte
1339 1314 1408 1352 usus

318 1389 399 1438 otiam
416 1387 520 1438 feroces
538 1387 645 1438 Catonis
663 1400 756 1438 manes
774 1388 799 1436 ei
816 1387 891 1451 quasi
908 1385 1014 1451 placare
1033 1389 1152 1437 conatur.

383 1473 452 1521 Scite
473 1473 547 1522 notat
567 1470 673 1521 Ltihlaer
694 1483 744 1535 per
760 1473 850 1520 ternas
867 1483 976 1535 semper
992 1471 1115 1534 strophas
1134 1467 1259 1533 aequales
1277 1469 1408 1519 carminis

316 1553 458 1619 particulos
475 1554 608 1606 constitui.
643 1555 743 1618 Dignus
761 1556 841 1606 etiam
861 1555 965 1618 estqui
983 1554 1016 1605 de
1034 1553 1085 1604 hoo
1103 1569 1127 1604 o.
1145 1553 1248 1618 legatur
1263 1555 1408 1604 Buttman-

317 1652 368 1688 nus
385 1637 493 1702 ttythol.
513 1641 537 1689 t.
556 1653 582 1704 p.
601 1639 642 1690 26.
664 1667 691 1675 -
710 1640 785 1689 Anno
804 1641 894 1690 autem
912 1639 1018 1689 circiter
1028 1652 1055 1688 u.
1069 1652 1093 1688 o.
1107 1637 1163 1688 tto.
1182 1636 1310 1700 vel‘130.‚
1331 1641 1407 1688 certe

318 1725 378 1772 aute
396 1721 511 1773 Marcelli
528 1721 719 1774 adolescentuli
735 1725 852 1774 mortem
870 1722 901 1787 (a.
916 1722 996 1787 ast),
1017 1723 1194 1787 compositum
1212 1733 1271 1772 osse
1289 1721 1408 1772 arbitror

318 1819 381 1856 oum
402 1806 520 1856 Frankio.

384 1889 482 1938 Curtzii
505 1887 681 1938 Corbaoensis
705 1889 843 1953 opiniones
866 1888 900 1939 de
917 1889 969 1940 hoo
986 1890 1105 1940 carmine
1123 1888 1325 1953 interpretando
1344 1889 1407 1938 nou·

319 1971 516 2034 quadamtenus
540 1985 573 2020 ex
594 1971 708 2022 tuhlert
734 1972 930 2038 supplementis
956 1987 983 2036 p.
1008 1971 1065 2023 540.
1091 1973 1117 2023 et
1142 1972 1224 2022 lalanii
1248 1975 1280 2023 N.
1307 1971 1405 2024 annal.

318 2055 428 2106 XXXIV.
454 2055 477 2104 t.
502 2067 529 2118 p.
554 2055 609 2115 97„
634 2055 683 2105 sed
707 2068 782 2107 meas
805 2059 948 2121 propterea
973 2059 1076 2106 mutare
1100 2069 1211 2108 necesso
1235 2069 1288 2106 non
1310 2055 1405 2106 habui.

318 2140 384 2188 Sunt
400 2136 459 2188 illae
477 2140 567 2188 tamen
584 2138 688 2202 dignae,
708 2154 777 2203 quae
795 2140 883 2190 denuo
902 2141 1095 2191 examinentur.
1117 2169 1144 2177 -
1163 2141 1191 2190 ln
1210 2139 1337 2191 omnibus
1361 2153 1408 2190 au-

318 2227 374 2272 tem
390 2220 548 2274 lectionibus
566 2225 757 2285 controversis,
776 2227 806 2275 ut
822 2224 901 2275 video
919 2239 952 2274 ea
969 2224 1072 2286 lahnio,
1091 2237 1199 2275 mecum
1212 2223 1281 2283 lacit,
1300 2222 1408 2287 praele-

318 2319 381 2357 rens
403 2308 459 2372 ipse
478 2319 597 2370 quoque:
620 2308 696 2356 nanta
716 2309 822 2371 recinet,
842 2309 968 2372 parentis,
990 2313 1084 2370 mos,
1108 2308 1249 2370 occupauit,
1268 2309 1348 2360 Stella
1364 2321 1407 2360 ro·

318 2391 399 2454 stant,
419 2391 485 2452 quod
501 2391 536 2440 sto
551 2392 663 2453 voluero,
682 2399 757 2456 rapot.
