3002 4974
527 418 586 468 LlB.
609 419 639 468 ll.
676 419 704 467 C.
722 417 775 469 xx.

258 573 395 660 Sanguis
416 583 601 660 parentum,
626 593 689 638 non
712 595 793 661 ego,
818 596 916 662 quem
939 595 1051 650 vocas,

297 693 418 761 Dileote
441 695 630 770 Maecenas,
655 694 753 762 obibo

338 817 404 882 Nec
426 817 537 904 Stygia
559 814 736 883 cohibebor
757 817 854 884 unda.

256 977 321 1041 lam
344 976 407 1042 iam
429 974 576 1042 residunt
597 974 746 1042 cruribus
768 997 905 1064 asperae

256 1095 376 1172 Pelles,
401 1107 434 1164 ef
455 1095 564 1164 album
586 1108 693 1164 mutor
715 1097 746 1163 in
769 1097 875 1165 alitem
1173 1102 1213 1168 40

156 1373 181 1422 6.
210 1373 234 1420 7.
264 1383 336 1432 quem
352 1384 442 1432 vocae,
468 1371 563 1422 Dilecto
578 1373 652 1422 lfao-
688 1369 921 1424 eslnonnullorum
929 1374 1124 1440 interpretatio:
1139 1379 1212 1428 «Non

122 1445 212 1510 emes]
240 1459 313 1506 quem
338 1445 469 1508 (quamvis
494 1445 649 1510 pauperem)
688 1459 737 1509 ego
755 1448 787 1495 ul
803 1444 884 1496 homo
902 1447 1028 1511 volgaris,
1059 1449 1167 1512 qualem
1185 1455 1212 1502 lu

120 1534 199 1572 cocae
223 1517 386 1570 simillimum
411 1518 479 1570 illius
502 1523 555 1570 est:
583 1534 652 1583 ραυ-
687 1533 731 1570 me
750 1535 821 1571 nunc
838 1521 969 1586 appellas,
997 1522 1093 1574 dilecte
1111 1526 1214 1576 Maeee-

119 1607 258 1659 peremqoe
282 1595 349 1644 dives
371 1607 412 1644 nie
440 1596 504 1658 polit
537 1594 593 1659 4Οά.
619 1597 649 1657 2,
688 1609 750 1657 nes,
781 1599 808 1646 el
833 1596 918 1660 qualis
944 1597 991 1648 libi
1017 1612 1077 1650 esse
1103 1599 1210 1660 videor,

123 1671 171 1730 48,
192 1671 241 1731 llll.
270 1671 414 1733 Utrumque
433 1671 504 1720 enim
522 1669 652 1732 siguificat
687 1673 765 1721 morti
778 1685 824 1722 ero
837 1671 999 1733 obnoxius»;
1018 1675 1136 1738 itemque
1146 1675 1210 1725 alia:

121 1744 239 1795 liberum
251 1743 302 1795 sibl
313 1745 348 1794 ed
356 1746 538 1796 Maecenatem
550 1745 651 1794 aditum
688 1758 785 1809 «quem
815 1749 843 1798 lu
871 1748 930 1797 ioco
964 1747 1060 1800 sellem
1097 1748 1211 1800 libertini

121 1823 233 1884 palere,
264 1832 348 1882 seque
374 1819 409 1870 ab
434 1833 468 1870 eo
492 1821 549 1869 veri
572 1819 650 1869 amici
687 1819 770 1870 filium
781 1834 879 1872 vocare
891 1821 987 1874 eolesio
1006 1823 1140 1874 Violenter
1152 1837 1212 1873 rur-

120 1893 184 1944 loeo
201 1893 298 1945 heberi
315 1896 343 1944 el
359 1895 464 1945 sincere
482 1893 568 1958 diligi;
587 1907 651 1944 neu·
686 1908 732 1946 sus
750 1897 777 1946 et
794 1899 885 1947 contra
897 1898 980 1962 ipsius
992 1901 1070 1949 metri
1081 1900 1211 1950 rationem

122 1970 228 2033 liquam
238 1981 303 2018 vero
314 1969 365 2019 hoc
378 1971 493 2030 mnium,
513 1982 542 2019 se
560 1968 594 2019 ab
606 1967 650 2018 illo
686 1968 730 2019 alii
747 1983 810 2021 cum
827 1970 979 2023 Scholiasfis
996 1973 1148 2024 distrahunt
1163 1988 1210 2023 vv.

122 2042 223 2093 crebro
249 2042 284 2092 od
308 2055 407 2094 coenas
432 2044 552 2104 invitari,
580 2055 650 2106 quae
686 2044 743 2095 sic:
762 2059 835 2107 quen
849 2060 925 2096 vocas
940 2048 1048 2110 Dilecta,
1067 2051 1209 2110 lfoeeeoos,

122 2118 257 2169 sententia
275 2131 340 2168 sane
357 2119 474 2182 parasito
492 2131 572 2181 quem
583 2123 650 2182 poe-
687 2119 781 2180 idest,
799 2122 829 2170 ul
845 2120 1027 2172 contendunt:
1048 2136 1145 2186 «quem
1169 2125 1211 2183 fu,

121 2197 151 2244 la
169 2192 274 2256 dignior
299 2192 379 2250 forel3
406 2205 571 2256 quamquam
596 2207 651 2242 κα-
687 2195 841 2256 Maecenas,
860 2194 931 2246 soles
948 2194 1092 2259 appellare,
1111 2197 1211 2248 Dilecle

121 2265 183 2318 λεῑν
211 2269 239 2317 et
262 2280 353 2316 uocare
383 2268 434 2317 hac
459 2267 649 2330 significatione
686 2269 808 2329 Homtip·
826 2267 886 2318 vel:
912 2283 1010 2333 «quem
1027 2273 1055 2320 tu
1072 2284 1153 2321 vocas
1170 2271 1212 2320 dl-

121 2341 247 2394 elisolule
266 2340 400 2392 interdum
417 2345 573 2406 usurpatur,
592 2345 649 2392 ula
686 2341 815 2402 leolum
835 2342 870 2392 ad
887 2357 969 2408 quam
986 2347 1212 2397 constructionem

122 2416 278 2480 Theognide
304 2418 383 2468 ⁴203:
419 2411 478 2466 Οὐκ
504 2411 559 2482 ε4μ’
588 2410 649 2468 οὐδ’
687 2416 884 2468 defendendam
901 2418 962 2469 inde
980 2419 1014 2470 ah
1027 2421 1154 2471 Asceneio
1167 2420 1213 2470 ad-

123 2485 173 2542 ὑπ’
191 2487 265 2555 ἐμοῦ
282 2486 453 2557 κεκλήσεται
463 2518 474 2529 -
486 2519 496 2532 -
510 2487 650 2563 τύραννος
685 2495 782 2542 uocaui
799 2494 886 2544 Lucae
898 2495 922 2555 6,
936 2493 983 2545 lo:
1006 2495 1040 2545 Τί
1049 2509 1088 2559 με
1099 2493 1211 2546 καλεῖτε

121 2561 214 2638 ἀνήρ,
233 2569 260 2616 el
271 2581 286 2616 a
299 2568 353 2618 Cic.
367 2568 443 2618 Verr.
457 2569 553 2619 Aecus.
566 2568 596 2629 3,
615 2567 648 2619 l:
686 2563 784 2638 seipse,⁸
805 2571 948 2632 praeterea
964 2568 1038 2620 Ouid.
1057 2571 1116 2620 Am.
1135 2572 1164 2632 4,
1185 2572 1210 2632 7,

121 2643 162 2692 file
179 2655 238 2692 cnm
250 2643 317 2692 oenlf
335 2642 369 2706 (in
386 2642 497 2693 domum
513 2641 648 2707 aliquam),
687 2642 732 2692 ⁴9:
753 2643 813 2704 Quis
827 2643 889 2692 mili
904 2657 956 2694 non
967 2645 1078 2706 densans,
1096 2646 1152 2707 ooo
1162 2659 1213 2696 non

121 2722 200 2768 cvera
216 2716 328 2766 ordimm
343 2722 462 2779 vocator,
488 2717 515 2768 id
536 2719 589 2779 esf,
608 2719 650 2768 ln·
685 2717 746 2767 mdo
763 2717 871 2768 boram
886 2717 974 2768 dieii?
989 2717 1038 2768 Alii
1050 2719 1210 2772 admiseras

121 2795 230 2843 vitatam.
258 2789 462 2854 (Dillenburger,
481 2793 527 2856 qui
545 2791 578 2842 de
595 2793 649 2842 loto
686 2793 854 2844 coniecturas
872 2793 1063 2856 confugerunt:
1082 2807 1212 2856 pomoe-

122 2869 177 2918 hoc
202 2865 262 2916 loco
287 2865 467 2917 consulendus
485 2869 538 2928 esf,
568 2867 650 2917 refert
686 2873 758 2930 eone,
784 2881 809 2929 q.
827 2873 929 2931 nolum,
956 2883 980 2931 q.
998 2869 1080 2932 foves,
1099 2884 1123 2932 q.
1142 2875 1213 2920 octos

123 2943 159 2994 ed
185 2943 240 2992 Sal,
269 2943 297 3002 4,
325 2941 355 3002 6,
382 2941 429 2991 64;
460 2941 521 3005 (me)
547 2955 651 2992 revocas
686 2941 743 2994 scil.
763 2942 847 2993 obire.

125 3031 193 3068 nono
215 3021 272 3079 posi
296 3029 378 3066 merrae
400 3015 516 3078 micaque
538 3017 599 3067 lisso
622 3018 650 3067 in
718 3017 742 3067 8.
777 3017 983 3083 smnio-onon]
1022 3031 1091 3082 quae
1119 3019 1212 3070 colidei
1289 3075 1299 3086 ,

122 3094 265 3143 micenae
280 3104 401 3150 nonium
424 3090 473 3142 sed
490 3088 533 3141 illo
551 3103 650 3142 secun·
686 3093 801 3152 animas,
828 3091 944 3142 reditum
966 3094 1069 3144 vetans.
1106 3095 1211 3144 Lucceil

123 3167 174 3218 doe
192 3166 362 3217 admissionis
379 3168 501 3231 tempore
519 3167 570 3218 hoc
592 3181 651 3218 can-
685 3166 806 3230 Epitaph.
818 3167 890 3216 Poel.
901 3167 965 3216 min.
975 3167 1100 3221 Wemsd.
1112 3168 1137 3230 3,
1147 3169 1209 3218 290:

124 3255 188 3292 men
211 3241 336 3305 componi
358 3253 410 3290 non
436 3243 540 3305 poluit.)
582 3243 649 3293 Dein
685 3243 742 3292 Non
764 3253 809 3305 epo
830 3241 966 3290 Tartareae
980 3242 1117 3303 penetrabo
1134 3244 1212 3293 trion

122 3331 165 3368 vv.
192 3315 288 3366 Dilecto
313 3317 447 3366 flammae
479 3330 589 3379 prorsus
620 3322 651 3370 ui
686 3317 956 3366 odandoe--olrle
973 3317 1031 3366 Non
1046 3317 1213 3369 mobolocls

123 3391 171 3442 Od.
192 3393 223 3450 4,
241 3391 288 3450 40,
308 3391 336 3439 5:
365 3390 591 3454 eurinome,
616 3406 649 3443 ec
685 3405 730 3443 nec
752 3391 880 3442 cohibebor
902 3392 983 3454 oque.
1019 3392 1094 3443 Conl.
1116 3393 1163 3444 Od.
1185 3394 1210 3455 3,

122 3463 246 3518 similiter
262 3463 345 3530 Epod.
365 3465 395 3526 3,
414 3466 460 3515 4οε
478 3467 560 3517 focose
575 3468 649 3518 lfao-
686 3467 717 3529 l,
739 3467 780 3517 80.

122 3555 206 3604 omae,
226 3539 309 3604 Epod.
332 3539 373 3601 44,
394 3542 423 3590 5:
449 3541 559 3592 &aeide
576 3543 649 3593 44444-
720 3542 744 3592 9.
770 3540 895 3605 residunt]
926 3541 1018 3592 apellis
1043 3555 1139 3606 aspera
1164 3545 1210 3604 444,

122 3629 210 3678 cenos,
237 3615 342 3679 (quibus
360 3616 484 3668 omnibus
501 3630 581 3668 nemo
599 3619 649 3670 nisi
687 3617 752 3668 dum
765 3618 836 3667 enim
848 3629 926 3666 crura
938 3618 1055 3668 humana
1069 3621 1213 3669 extenuan-

122 3690 191 3742 illius
210 3692 378 3741 necessarius
404 3690 587 3754 perfamiliaris
613 3695 650 3743 uli
688 3695 774 3744 iuret
795 3705 961 3754 cycneomm
984 3692 1097 3744 formem
1115 3693 1211 3744 exilem

121 3765 247 3831 poterell
261 3765 526 3816 mutuumnmiciflae
539 3779 649 3818 sensum
686 3768 812 3828 induunt,
842 3778 955 3817 necesse
981 3769 1036 3828 est,
1075 3770 1104 3817 uf
1129 3769 1210 3828 culis,

122 3845 151 3892 el
174 3854 240 3891 vere
267 3841 293 3890 ef
317 3839 473 3904 simpliciter
489 3842 649 3905 exprimunt.
687 3854 756 3904 quae
778 3841 902 3892 mollibus
924 3845 984 3892 nnle
1002 3855 1034 3892 ac
1051 3841 1212 3894 succulentis

121 3918 186 3967 Petis
212 3917 316 3976 aulem,
348 3917 378 3965 ul
398 3913 415 3964 l.
440 3914 475 3976 4.,
502 3916 545 3966 hic
571 3915 650 3966 nimis
686 3916 806 3980 partibus
832 3916 938 3968 inducia
963 3917 1062 3978 fueret,
1089 3919 1130 3968 his
1147 3929 1212 3968 eva-

123 3989 297 4040 amhitiosum
329 4003 362 4040 ac
393 4002 477 4054 prope
502 3989 651 4054 superbum
687 3991 859 4043 noscentibus
875 3992 1001 4054 eobddol,
1023 3991 1130 4043 ossibus
1148 4005 1212 4055 pro-

124 4065 231 4126 fuisset,
248 4077 332 4129 quare
343 4065 492 4116 modestius
504 4065 567 4116 dicii
576 4079 652 4116 uocas
687 4067 747 4131 pius
770 4066 960 4128 admoveatur,
987 4079 1110 4131 quaeque
1133 4067 1211 4116 antea

124 4142 154 4190 ul
170 4141 224 4189 Sal.
243 4139 272 4200 4,
291 4138 320 4198 3,
339 4139 403 4190 262:
427 4141 478 4190 Nec
494 4155 575 4202 nunc,
594 4153 651 4190 eom
686 4139 806 4205 pleniore
816 4155 929 4206 corpore
940 4144 1049 4192 extense
1060 4143 1126 4202 eral,
1140 4153 1212 4191 nunc

123 4227 162 4264 nie
177 4219 252 4264 oocof
267 4215 348 4276 offro,
366 4214 511 4264 Accedam?
537 4217 650 4266 Prorsus
688 4217 873 4276 contrahalur,
900 4215 1023 4280 adeoque
1049 4227 1158 4279 aspero,
1184 4215 1211 4264 id

125 4291 214 4339 numm
237 4289 343 4353 indigna
367 4287 409 4339 lali
427 4291 575 4340 amicorum
593 4291 650 4353 pari
688 4294 738 4352 esf,
752 4303 847 4355 rugoso
860 4291 982 4342 evadato
996 4293 1099 4344 llirscrr.
1120 4289 1212 4353 (Sciron
