3014 4978
695 435 824 490 nonnuli
841 434 1011 486 elabimur(

476 595 546 659 Non
568 599 756 677 sumptuosa
777 587 927 656 blandior
950 587 1055 655 hostia

519 712 650 779 ltlollivit
671 731 804 778 aversos
826 711 963 777 Penates

374 915 413 964 ts.
432 910 537 964 lloliibit
552 909 664 972 balet,
686 909 790 960 Molliril
812 905 942 970 Cuniugb.
962 919 977 955 e
996 905 1061 956 cod.
1081 907 1190 970 (iopam,
1209 907 1274 958 item
1291 921 1358 958 unus

342 993 422 1050 l'eae¹
452 989 518 1038 Pott.
537 986 565 1046 l,
584 985 608 1036 8.
636 985 754 1046 lutros,
774 983 820 1043 ST,
838 997 863 1044 ν,
881 995 923 1046 pr.
942 996 973 1040 κ,
995 981 1140 1045 Crumuaui
1157 983 1225 1042 tres,
1255 984 1356 1034 Bersm.

338 1077 423 1124 uuus,
443 1060 526 1112 Pulm.
547 1063 575 1110 et
591 1059 683 1110 Gitanii
699 1070 782 1116 unus,
801 1057 869 1106 Pott.
889 1055 991 1116 ceteri.)

307 1244 348 1304 τι,
374 1241 448 1292 velut
468 1241 557 1303 pimus
583 1239 643 1301 [Sat.
664 1237 692 1297 τ,
713 1235 744 1294 2,
768 1232 829 1296 lb),
868 1233 939 1294 ssa,
963 1238 992 1282 at
1007 1245 1090 1284 vocuo
1104 1245 1196 1284 mmm
1212 1247 1288 1286 oram
1304 1237 1388 1299 mipe-

307 1315 464 1381 mitratos.
479 1314 503 1374 l,
521 1313 562 1373 28,
580 1311 640 1374 48.),
660 1312 688 1360 et
702 1310 791 1373 ipsum
802 1321 828 1358 v.
866 1308 1076 1370 libaminum
1091 1307 1172 1357 bestia
1184 1309 1332 1372 (nominat.)
1342 1323 1388 1360 oon

307 1391 425 1442 immonis
452 1389 551 1440 omisso
581 1400 611 1435 aa
635 1384 773 1436 laboribus
798 1395 830 1432 ac
866 1382 971 1432 mollivit
986 1381 1214 1432 Penatesblomlior
1227 1383 1300 1445 sarrs
1313 1385 1388 1446 pm..

307 1464 512 1516 certaminibus»
525 1461 597 1527 apud
611 1463 671 1511 sen.
686 1459 764 1511 Herc.
777 1457 827 1508 fur.
867 1457 890 1520 3)
910 1457 952 1507 «Si
968 1469 1059 1506 monus
1077 1457 1195 1506 immonis
1210 1471 1226 1507 a
1243 1457 1389 1508 sceleribus

305 1541 367 1591 2⁴6:
393 1539 515 1602 sompnii
530 1537 648 1588 inmunis
662 1535 711 1598 sitit
725 1533 832 1597 Infantis
866 1532 945 1596 talipit
952 1545 1028 1582 ormo
1035 1537 1180 1594 simtptttoeo
1189 1533 1271 1582 bostis
1282 1531 1387 1596 (ablat).

306 1613 444 1678 (Herculis)
461 1610 563 1663 setosi:
591 1611 630 1660 sic
647 1609 699 1658 hoo
721 1620 829 1672 quoquo
867 1620 897 1656 oo
912 1619 1004 1658 mmm
1018 1620 1069 1656 non
1083 1605 1189 1656 mollivit
1199 1609 1389 1662 mortesm-

304 1689 364 1740 looo
381 1689 526 1753 genitivum
548 1684 591 1735 vel
610 1683 754 1734 ablativum
765 1681 832 1732 omi-
867 1684 902 1730 tes
928 1679 1043 1730 blandior
1066 1681 1111 1743 pio
1137 1681 1241 1744 farre.»
1285 1683 1388 1744 (Sauos.

305 1764 486 1822 sitlloratius,
509 1761 587 1812 nimis
599 1757 831 1810 certuslectorum
868 1755 958 1818 Cano.)
981 1756 1029 1816 Qui
1046 1756 1326 1820 mnptmm--msoa
1342 1771 1390 1806 no-

307 1839 443 1889 nomluem
455 1835 639 1886 dubitaturum
650 1834 684 1884 de
697 1831 831 1894 significa·
867 1830 1008 1881 miuativos
1028 1843 1089 1880 esse
1109 1831 1287 1892 contendunt,
1315 1829 1391 1894 sylla·

306 1913 392 1972 lione,
414 1924 483 1976 quae
501 1909 550 1962 alia
567 1921 628 1960 esse
646 1908 738 1971 nequit
748 1919 829 1970 quam
866 1905 918 1956 bae
949 1918 979 1956 m
1010 1904 1215 1969 productionem
1246 1905 1391 1958 detendunt

308 1987 465 2046 «innocens,
483 1986 600 2036 insons.»
618 1981 735 2047 (Puram,
753 1975 830 2044 quasi
867 1981 913 2030 aut
930 1980 978 2030 0d.
997 1979 1026 2040 3,
1045 1981 1073 2041 s,
1093 1979 1139 2030 tl:
1171 1981 1200 2030 Si
1224 1995 1277 2032 noo
1298 1981 1390 2044 periret

306 2073 351 2112 me
372 2060 549 2120 reinmarus.
576 2058 767 2122 interpretatus
789 2057 831 2108 est
866 2053 1063 2116 immiserabilis,
1089 2054 1139 2106 sed
1162 2055 1235 2119 apud
1254 2055 1390 2106 Horatium

305 2135 420 2187 Ltiblrer.
456 2135 508 2186 Sed
534 2134 599 2199 quid
624 2131 733 2184 tandem
758 2129 830 2184 aliud
867 2129 1019 2193 ubicunque
1046 2127 1149 2192 syllaba
1169 2142 1220 2194 per
1246 2142 1276 2180 so
1301 2129 1390 2181 brevis

305 2210 455 2272 volebam‘i)
467 2211 525 2260 Non
538 2210 609 2260 enim
618 2208 742 2260 Horatius
753 2219 831 2270 prae·
868 2216 981 2254 cassura
1016 2202 1193 2268 producitur,
1231 2204 1259 2254 in
1295 2216 1391 2256 conso-

305 2285 372 2334 vidit
396 2284 467 2345 iore,
497 2285 526 2334 ut
549 2282 691 2347 aliquando
714 2281 831 2346 explica·
867 2281 990 2340 nantem,
1017 2291 1071 2329 non
1088 2277 1114 2328 iu
1130 2276 1254 2330 vocalem
1271 2279 1338 2342 exit,
1364 2283 1391 2329 ut

307 2361 381 2409 rent:
412 2359 488 2408 «sino
514 2359 621 2420 hostiis,
647 2371 761 2418 vacuas,
786 2355 829 2407 vel
867 2354 915 2404 Od.
936 2355 964 2414 l,
986 2353 1015 2414 3,
1038 2352 1084 2402 36:
1113 2353 1230 2415 Pompit
1252 2353 1390 2405 Arboroato

307 2432 380 2496 quod
396 2433 473 2496 peius
491 2433 571 2483 etlam
594 2436 649 2494 ost,
678 2445 778 2484 «vacua
795 2431 829 2482 ab
866 2428 1001 2480 Herculem
1018 2427 1098 2478 lotor.
1133 2427 1200 2478 lbid.
1222 2429 1252 2490 l,
1274 2430 1321 2490 ⁴5,
1345 2429 1389 2480 36:

307 2519 389 2570 opere
407 2507 520 2567 rustico,
538 2507 657 2558 terlata.»
671 2535 698 2543 -
712 2507 830 2571 Opponi-
866 2505 933 2568 lpois
944 2504 1037 2554 iliacas
1053 2505 1146 2554 domos.
1175 2503 1224 2554 od.
1243 2503 1272 2562 3,
1293 2505 1324 2565 b,
1348 2504 1390 2554 ll:

307 2583 352 2630 tur
363 2575 476 2650 πονηρὰ
488 2581 560 2650 χεὶρ.
587 2580 828 2645 Eurip.lon.l3tb:
866 2579 894 2630 Si
910 2593 961 2628 noo
980 2579 1076 2642 periret
1097 2577 1294 2640 immiserabilis,
1320 2577 1390 2642 quod

308 2647 375 2706 aiot
391 2649 447 2725 γὰρ
463 2651 572 2717 ψαύειν
582 2653 673 2706 καλὸν
684 2653 764 2706 Θεῶν
775 2670 830 2706 πο-
866 2655 955 2719 ipsum
972 2655 1080 2704 nostrae
1097 2653 1327 2717 interpretationis
1346 2653 1392 2704 iir-

307 2725 399 2800 νηρὰν
415 2733 507 2800 χεῖρα.
527 2757 555 2766 -
573 2731 595 2780 si
611 2730 701 2796 tetipit]
724 2732 786 2782 thus
803 2734 831 2781 et
867 2730 1017 2780 missimum
1046 2731 1087 2778 est
1115 2731 1319 2790 argumentum
1349 2733 1392 2779 aut

306 2801 407 2854 molam
418 2803 516 2854 salsam
529 2805 658 2864 oilereus;
676 2799 828 2876 ἀορίστως,
867 2804 1015 2857 detendunt
1030 2804 1118 2865 matu,
1136 2805 1166 2853 ut
1182 2803 1230 2856 od.
1244 2805 1274 2864 2,
1288 2805 1336 2865 το,
1350 2803 1390 2854 ts:

305 2879 429 2942 perpetui
463 2880 591 2942 temporis
620 2881 828 2945 significatione,
866 2883 921 2932 lam
931 2878 1235 2939 Daedaleoooiorlcoro,
1257 2877 1394 2942 autsylla·

307 2965 389 3015 quam
400 2965 454 3003 non
465 2957 643 3014 agnoscentes
654 2955 759 3006 mollivit
768 2969 830 3006 mu·
867 2955 931 3006 bam
956 2967 987 3004 τσ
1011 2953 1122 3017 produci
1145 2953 1238 3004 dicunt
1260 2954 1392 3018 positione

307 3028 397 3076 terunt
414 3027 439 3076 in
456 3027 571 3088 molliri,
597 3026 639 3078 alii
656 3031 732 3093 peius
749 3031 830 3082 etiam
867 3030 914 3082 litt.
937 3029 968 3078 bl.
990 3029 1047 3079 lloo
1072 3031 1146 3080 certe
1171 3031 1266 3080 contra
1293 3029 1392 3080 lloratii

306 3101 334 3152 in
349 3101 461 3152 mollibit.
867 3117 961 3163 usum;
981 3103 1028 3153 cir.
1042 3104 1072 3152 Α.
1086 3105 1114 3152 Ρ.
1128 3103 1190 3153 395ι
1209 3107 1317 3165 elpreoe
1327 3103 1394 3154 bia*

341 3175 381 3225 tt.
405 3175 462 3226 Non
478 3177 629 3241 rwrtptaom]
647 3179 747 3228 Veram
764 3191 831 3228 con·
868 3179 911 3229 (iu.
927 3178 976 3230 Od.
990 3177 1018 3238 3,
1037 3176 1065 3239 l,
1085 3177 1130 3228 to:
1153 3177 1259 3228 bor-sido
1275 3179 1391 3230 brucialis.

308 3250 483 3300 structionem
507 3250 577 3300 bano
603 3251 738 3302 existimo:
765 3253 832 3303 «lm
868 3253 916 3303 Od.
930 3253 955 3312 3,
969 3252 1047 3311 ata:
1067 3252 1289 3304 tarboolimtiam.
1309 3253 1391 3312 ocii.

307 3325 391 3374 manis
405 3337 496 3375 mmm
515 3325 621 3376 omllivit
636 3339 736 3376 aversos
749 3328 833 3378 Pmo-
869 3326 893 3386 6,
907 3325 951 3375 ts:
971 3327 1088 3376 στήσστσ
1098 3327 1188 3376 clades
1207 3325 1256 3376 0d.
1271 3327 1295 3388 ³,
1311 3327 1391 3389 ms:

308 3403 343 3450 tes
358 3399 431 3462 [orm
443 3400 488 3462 pio
499 3401 600 3451 etmico
610 3400 682 3463 solis,
700 3415 751 3451 ooo
764 3401 834 3452 blan-
867 3399 926 3450 lom
941 3413 1007 3461 equo
1023 3402 1101 3451 trimo
1116 3402 1219 3464 conspis.
1236 3429 1264 3438 —
1276 3403 1320 3452 Ad
1331 3415 1392 3453 sen·

309 3473 366 3522 ‹lior
383 3474 492 3535 liutara,
511 3473 608 3537 oblati)
626 3479 772 3536 sumtuosa
787 3476 832 3526 lto-
868 3474 978 3524 tentiam
1004 3472 1051 3524 etr.
1077 3475 1195 3540 Euripid.
1219 3475 1293 3541 apud
1318 3477 1392 3528 Orio·

309 3547 358 3596 etio
375 3547 499 3612 (ablatis
519 3551 546 3600 et
562 3551 637 3600 recta
653 3550 707 3600 iam
724 3549 833 3600 Lambi-
868 3561 931 3599 nem
949 3547 1113 3600 Schneideu.
1125 3563 1152 3613 p.
1165 3551 1210 3600 bb:
1229 3539 1274 3601 Eri
1284 3547 1344 3600 los
1355 3543 1393 3600 ὅτ’

310 3632 360 3670 nus
377 3621 540 3686 explanavit:
564 3623 660 3676 «nihilo
680 3626 781 3689 gratior
800 3625 832 3676 iis
868 3613 905 3674 ἅν
924 3637 968 3684 τις
990 3615 1119 3683 εὐσεβῶν
1135 3619 1194 3694 θύῃ
1211 3624 1309 3688 θεοῖς,
1333 3619 1392 3677 Κᾶν

309 3693 396 3744 lutura
418 3709 468 3760 per
487 3700 674 3762 sumptuosam
690 3700 832 3752 hostiam.»
867 3693 958 3768 μικρὰ
978 3692 1054 3768 θύῃ,
1081 3692 1216 3762 τυγχάνει
1237 3702 1390 3772 σωτηρίας.

309 3766 379 3820 Alias
405 3777 603 3835 proposuerunt
628 3775 690 3826 has:
718 3775 740 3836 l]
759 3776 833 3826 «Non
868 3773 1032 3838 Antiphanes
1054 3773 1081 3824 iu
1102 3773 1183 3826 Grotli
1206 3773 1271 3824 Ero.
1290 3789 1318 3839 p.
1338 3775 1391 3826 bll.

309 3843 414 3894 mollivit
433 3845 549 3897 blandior
571 3845 711 3911 (blandius)
733 3863 834 3900 aversos
869 3847 903 3898 de
933 3847 1025 3898 thure:
1062 3842 1102 3898 Τὸ
1129 3844 1160 3898 δὲ
1186 3843 1294 3918 μικρὸν
1323 3843 1392 3901 αὐτὸ

307 3919 410 3994 meotes
435 3919 516 3972 boetio
545 3927 692 3985 amptaom
720 3923 832 3988 (ablat.)
867 3918 945 3974 τοῦτ’
974 3916 1099 3992 ἀρεστὸν
1125 3925 1188 3986 τοῖς
1215 3922 1308 3986 θεοῖς.
1349 3925 1392 3976 llio

309 4007 392 4059 quam
418 3995 490 4058 [σιντ
513 3996 583 4058 pio.»
617 3996 641 4060 τ)
671 3998 717 4048 «Sl
743 4011 834 4050 msam
870 3997 966 4061 Chrys.
985 3998 1029 4048 Or.
1048 3997 1088 4048 ta.
1107 4013 1134 4062 p.
1150 3997 1208 4050 tot.
1222 3999 1314 4064 Emp:
1334 3992 1392 4064 ὅσῳ

308 4069 426 4120 monis
443 4071 563 4134 (innoxia)
582 4085 657 4122 ormo
673 4073 765 4136 tetipit,
787 4073 833 4124 bo-
868 4065 906 4121 σῖν
932 4065 1138 4143 εὐσεβέστερον
1162 4071 1211 4122 not
1237 4067 1392 4144 ὁσιώτερον

308 4145 358 4194 sta
369 4151 514 4208 sumptuoso
528 4147 674 4210 (nominat.)
686 4161 736 4198 nos
747 4149 832 4212 magis
869 4146 1007 4214 γένησθε,
1024 4143 1157 4214 τοσούτῳ
1174 4143 1301 4198 ἐλάττων
1312 4143 1390 4200 ἔσται

309 4219 414 4272 moiliot't
434 4233 535 4274 coortos
553 4221 668 4284 Ρστιστττ,
692 4235 769 4284 quom
789 4222 834 4286 sor
869 4223 934 4292 παρ’
960 4215 1029 4287 ὑμῖν
1054 4215 1071 4272 ὁ
1096 4217 1257 4285 λιβανωτὸς
1282 4225 1332 4276 sal
1357 4215 1391 4272 τὰ

306 4295 409 4358 plump
433 4294 474 4346 vel
492 4298 522 4348 ui
538 4293 672 4350 Bentlelus
695 4294 830 4350 similiter:
868 4292 1041 4362 θνμάματα
1057 4297 1105 4348 καὶ
1119 4293 1156 4348 τὰ
1167 4296 1390 4364 στεφανώματα,
