2998 4980
697 407 825 458 libanii]
843 405 1010 458 cnniiiiiiiu

678 731 1036 794 cmm

488 905 593 982 Quem
614 902 719 968 virum
741 911 796 966 aut
817 900 917 967 beroa
938 900 1010 988 lyra
1032 899 1082 966 vel
1105 902 1171 967 acri

487 1021 575 1089 Tibia
597 1023 699 1088 sumis
721 1021 902 1098 celebrare,
931 1020 1021 1089 Clio?

487 1145 593 1223 Quem
615 1143 737 1209 deum‘l
759 1144 859 1211 Cuius
880 1143 1002 1210 recinet
1029 1143 1139 1209 iocosa

613 1265 735 1331 Nomen
757 1265 862 1352 imago

481 1427 543 1491 lint
563 1425 596 1490 in
617 1423 779 1492 umbrosis
801 1423 963 1491 Heliconis
986 1425 1051 1490 oris
1389 1428 1407 1490 5

384 1645 436 1695 iiii.
471 1647 554 1694 lnscr.
573 1643 641 1706 volg.
676 1645 715 1694 De
730 1644 849 1710 4494444.
871 1671 897 1678 -
923 1642 961 1692 De
977 1641 1094 1692 44444444
1109 1643 1222 1692 Deonnm
1237 1641 1276 1692 vel
1292 1643 1376 1693 nonni-

351 1733 412 1769 nnrn
432 1721 457 1769 S.
485 1720 543 1768 0m.
561 1720 590 1768 T.
609 1717 700 1768 bland.
718 1721 771 1768 ant.
794 1720 861 1770 Pott.
880 1717 988 1782 aliquot.
1012 1745 1038 1753 -
1058 1718 1082 1768 2.
1101 1730 1181 1768 nones
1202 1719 1290 1780 c,Cl.t.
1313 1720 1376 1782 (non

352 1791 488 1930 ggesrT'rssiy’
506 1807 546 1858 pr.
565 1793 602 1854 κ.)
617 1820 645 1828 -
658 1793 681 1842 3.
700 1793 789 1842 recinit
805 1793 838 1841 Sc
856 1795 884 1842 et
901 1805 969 1843 corr.
988 1791 1016 1852 b,
1035 1793 1102 1842 Pott.
1121 1805 1178 1854 sex,
1196 1793 1261 1843 item
1278 1793 1306 1844 F.
1328 1795 1379 1858 (re-

351 2044 404 2094 iiii.
446 2043 593 2106 Augustum
622 2044 752 2094 insertum
781 2043 846 2093 deo-
882 2045 1029 2094 cessarium
1050 2043 1181 2107 laturum,
1204 2045 1276 2110 quod
1300 2049 1408 2112 tempus

320 2126 389 2180 ram,
403 2117 515 2168 bereum
528 2119 555 2168 et
566 2131 733 2168 summonrm
745 2117 845 2168 ducum
882 2118 952 2168 ineat
972 2119 1052 2168 etiam
1074 2119 1101 2169 in
1120 2131 1163 2168 vv.
1186 2120 1263 2170 nmis
1281 2121 1410 2172 celebrare

318 2194 499 2244 Romanorum
516 2192 600 2243 ordini
618 2194 756 2256 tamquam
773 2191 845 2242 orbis
883 2192 961 2254 (mox)
983 2193 1044 2243 Clio.
1078 2191 1145 2244 Nihil
1167 2195 1238 2244 enim
1258 2193 1409 2259 languidius

320 2271 453 2318 terrarum
471 2267 608 2318 dominum
626 2267 753 2318 celebrat.
778 2267 846 2317 Scri-
881 2268 1023 2331 minusque
1045 2269 1180 2333 poeticum
1202 2272 1347 2332 excogitari
1364 2284 1409 2336 po-

320 2344 396 2408 ptum
413 2344 455 2392 est
472 2355 581 2392 carmen
603 2344 676 2392 certe
694 2344 755 2393 ante
772 2355 796 2392 a.
817 2353 843 2390 u.
882 2344 943 2404 tuit,
966 2355 1048 2406 quam
1073 2342 1146 2407 quod
1167 2357 1254 2408 nuper
1270 2357 1409 2396 commen-

321 2431 345 2467 c.
373 2417 429 2466 iel.
469 2418 508 2466 De
535 2417 660 2468 carminis
686 2416 795 2468 consilio
818 2418 845 2466 et
882 2416 954 2466 davit
970 2417 1087 2468 Liibker:
1107 2419 1178 2468 44444
1195 2419 1278 2482 (pron.
1292 2419 1408 2480 relativi

322 2491 408 2541 torma
424 2505 449 2539 v.
469 2491 626 2542 Excursum.
673 2547 677 2556 ¹
880 2493 970 2542 recinit
987 2493 1098 2556 (444)--
1086 2495 1141 2542 -44
1161 2494 1255 2544 Haemo
1278 2495 1346 2557 (sine
1370 2495 1409 2544 in·

351 2567 375 2615 4.
396 2567 565 2628 οιιιιιιιιιιιιιιι
574 2567 653 2616 unilt
665 2567 726 2631 cetJ.
738 2567 843 2618 Pindar.
881 2566 1076 2630 terrogatione)
1111 2568 1152 2618 Ad
1172 2567 1302 2633 triplicem
1327 2571 1410 2620 inter-

321 2639 424 2704 olymp.
446 2641 471 2701 4,
490 2642 518 2690 4;
537 2633 829 2728 Ἆναξιφόρμιγγες“’
811 2657 844 2693 a·
880 2643 1045 2704 rogationem
1063 2655 1158 2693 verum
1175 2643 1224 2695 sed
1236 2643 1355 2696 celatum
1366 2659 1409 2696 re-

321 2728 400 2780 μνοι,
418 2715 482 2764 elva
498 2711 578 2776 θεὸν,
596 2717 685 2782 ιίνἠ
667 2713 763 2788 ἥρωα,
781 2719 845 2768 τινα
881 2729 1011 2780 sponsum
1039 2719 1092 2768 est:
1123 2716 1288 2770 «celebrabo
1317 2723 1409 2783 Augu-

320 2783 447 2860 ὄανδρα
458 2787 666 2856 κελαδήσομεν
684 2793 792 2844 inverso
803 2805 846 2843 or-
882 2793 984 2851 stump
972 2791 1082 2856 »apud
1107 2793 1264 2855 Pindarum,
1290 2795 1410 2844 nThero-

320 2864 382 2915 dine
399 2865 520 2916 llorabus
532 2869 561 2915 ut
572 2868 652 2918 lsocr
666 2868 746 2930 Euag.
760 2867 784 2930 ἓ.
798 2867 843 2918 39:
881 2879 970 2916 nem.»
986 2867 1109 2917 Latini
1121 2881 1183 2918 curn
1195 2872 1321 2920 carerent
1332 2881 1411 2920 voca

322 2933 464 3003 ουδεὶς
428 2954 495 2989 oure
511 2937 619 3006 θνητὸς
640 2933 704 2993 ovd'
723 2933 846 3007 ἡμίθεος
881 2939 958 3001 bulo,
994 2941 1067 3004 quod
1072 2943 1200 3028 κυρίως
1232 2944 1410 3007 responderet

321 3008 381 3066 οὔτ’
394 3010 550 3080 ἀθάνατος.
563 3015 786 3089 -αοιῆλιγιιρᾴ,
799 3031 845 3068 so-
883 3016 1046 3068 Graecorum
1064 3009 1142 3081 ἦχοΐ,
1162 3018 1327 3068 eamvocls
1317 3019 1410 3105 unani·

321 3091 348 3142 ni
366 3092 445 3140 acuti.
458 3092 574 3155 Tbeogn.
586 3093 642 3142 764.
654 3094 752 3157 Bergk:
740 3034 846 3164 ρᾳφόρ-
882 3103 938 3138 nem
957 3091 1035 3154 (virg.
1054 3092 1099 3141 Ge.
1119 3091 1144 3152 4,
1162 3091 1213 3154 60.)
1232 3093 1410 3156 etimaqn'nem

322 3161 431 3232 μιγξᾶ
407 3155 651 3233 δαῦφθέγγοιιφ
669 3163 747 3237 ἱερὸν
758 3167 846 3233 μέλος
882 3163 1037 3230 simpliciter
1053 3165 1231 3231 appellabant.
1259 3167 1314 3216 Cic
1328 3169 1406 3218 Tusc

322 3235 374 3305 ηδὲ
385 3241 434 3290 καὶ
451 3235 549 3303 αὐλός
568 3242 642 3293 Pind.
660 3243 752 3294 lstbm.
765 3243 790 3304 4,
802 3245 844 3295 29.
883 3239 907 3300 3,
926 3241 957 3290 i:
985 3239 1041 3290 lone
1061 3240 1181 3292 bononnen
1200 3241 1290 3291 virtuti
1307 3245 1410 3292 resonat

323 3317 442 3366 Boeckb.
462 3314 628 3366 κλέονισιδ
642 3309 787 3386 (ἥρωες)
772 3334 846 3370 evea
883 3315 1038 3376 4444444444
1029 3329 1113 3379 nmnpo
1129 3316 1234 3379 plorine.
1264 3316 1409 3366 44444444-

324 3389 570 3474 φορμίγγεσσιν
555 3405 586 3440 εν
608 3387 705 3442 αὐλῶν
721 3409 752 3445 τε
769 3409 847 3460 nap—
883 3391 956 3449 lem,
980 3390 1042 3452 quia
1059 3391 1174 3441 viatores
1192 3389 1267 3453 quasi
1286 3389 1408 3442 consulto

324 3463 435 3526 φώνοις
451 3457 593 3526 ὁμοκλαῖς
613 3468 684 3536 popl
684 3482 718 3516 on
726 3465 844 3554 χρόνον
883 3461 1050 3524 ludificetur,
1073 3464 1145 3515 unde
1166 3463 1276 3516 auribus
1293 3466 1406 3522 accidat,

323 3542 409 3590 Nonn.
422 3539 447 3599 8,
461 3538 521 3588 iii:
539 3537 683 3604 Πηκιίόος
700 3535 735 3594 οὐ
752 3545 846 3603 χατέω
884 3539 1043 3600 ignorantes

324 3612 485 3680 λιγιιηχέος,
504 3607 539 3664 οὐ
556 3615 643 3686 χρέος
654 3611 755 3670 αὐλοῦ,
784 3619 848 3684 Epi.
916 3613 940 3662 6.
963 3611 987 3661 6.
1022 3613 1122 3662 Helicon
1149 3613 1287 3674 Boeotiae,
1317 3613 1410 3662 Pindru

325 3690 417 3738 theton
439 3687 494 3737 ani
516 3687 605 3739 laudat
627 3691 799 3750 Quintilianus
805 3633 846 3753 pti,
884 3685 1051 3748 Thessaliae,
1069 3689 1178 3738 iiaenm
1193 3688 1321 3738 Thraciae
1334 3701 1410 3738 mon-

323 3766 350 3824 2,
368 3763 392 3812 9.
412 3765 441 3812 44
453 3765 558 3826 proprie
574 3767 676 3827 dictum,
694 3769 721 3816 id
737 3773 781 3829 est,
799 3781 848 3830 qno
884 3765 934 3823 tes,
945 3762 1080 3812 Musarum
1089 3763 1177 3814 sedes
1196 3764 1232 3813 Ει
1242 3763 1354 3813 Thracia
1364 3775 1410 3812 an

324 3839 411 3888 niln'l'
402 3839 510 3888 cnveniri
522 3841 601 3900 possit
616 3831 805 3906 snpnlfloantins.
885 3841 940 3886 tem
957 3837 1037 3901 prisci
1049 3835 1083 3887 4444
1094 3839 1169 3887 vales
1180 3839 1258 3898 sacri,
1277 3837 1407 3902 Orpheus,

357 3914 382 3962 2.
395 3915 472 3963 amnis
482 3915 614 3978 celebrare]
628 3917 656 3966 ln
667 3930 708 3981 pr.
722 3930 760 3965 or.
775 3929 849 3968 usus-
886 3913 978 3972 Linus,
997 3913 1134 3974 Musaeus,
1153 3913 1308 3975 Thamyris,
1327 3911 1408 3977 prod-

325 3989 390 4052 clpis
408 3987 626 4040 celebrandum.»
642 4017 668 4026 -
689 3989 741 4040 Clio
757 3989 850 4055 pleris-
885 3989 978 4038 ierant.

325 4075 378 4126 que
392 4064 465 4114 blusa
478 4063 611 4124 historiae,
630 4063 679 4116 sed
692 4079 724 4114 ex
736 4065 849 4116 nominis
918 4064 943 4113 7.
955 4063 980 4112 8.
1002 4063 1113 4113 coenon
1129 4063 1226 4127 tenere]
1240 4075 1353 4113 «canora
1365 4075 1409 4112 vo-

326 4137 458 4188 notatione
477 4139 566 4198 etiam,
584 4137 673 4198 utbic,
692 4137 847 4201 elogionrm.
886 4150 917 4187 ce
926 4137 1077 4201 praeditum
1087 4137 1205 4202 (chordae
1212 4135 1405 4188 noednlibull.

359 4211 382 4262 3.
402 4211 426 4264 4.
446 4213 521 4264 stein
536 4212 636 4276 recinet]
655 4212 790 4264 blanilesta
809 4215 850 4264 est
885 4212 910 4272 ii,
929 4212 954 4272 t,
983 4209 1006 4274 3)
1032 4213 1199 4276 promiscue,
1226 4213 1283 4263 sine
1305 4211 1406 4268 ordine,

326 4287 392 4337 baec
409 4299 502 4338 rursus
515 4287 692 4351 interrogatio,
711 4289 791 4352 atque
804 4301 850 4338 ne·
886 4289 972 4352 ipsae,
1003 4301 1052 4337 cur
1073 4289 1241 4340 sectarentur
1261 4290 1406 4344 cantorem,
