3080 4980
653 405 839 456 PRAEFATIO.
1259 405 1290 457 xl

199 561 319 649 incepti
342 559 468 626 lucrum
491 579 569 654 sane
591 560 744 646 exiguum
766 571 832 640 est3
862 569 1083 628 verumtamen
1106 561 1291 648 antiquissi-

198 702 270 749 mae
294 679 567 768 interpretationis
589 679 725 767 vestigia
747 679 899 748 nonnulle
921 701 961 750 ex
983 681 1022 748 iis
1045 683 1206 750 interdum
1227 693 1291 748 tra-

200 802 308 870 lucere
331 803 400 868 visa
421 811 504 868 sunt.

263 924 416 992 Ceterum
438 922 616 1010 optandum
638 933 704 1002 est,
728 933 764 990 ut
785 934 935 992 accurate
958 925 1158 992 examinetur
1180 924 1290 991 Codex

201 1044 322 1112 Horatii
345 1065 420 1110 cum
443 1042 575 1110 scholiis
596 1043 668 1110 Sec.
692 1043 752 1120 IX„
776 1045 832 1132 qui
861 1043 918 1111 suit
939 1045 1015 1110 olim
1037 1045 1174 1120 pithoei,
1205 1065 1290 1111 nunc

201 1175 386 1232 asservatur
418 1165 450 1231 in
482 1163 677 1232 bibliotheca
710 1163 846 1232 Scholae
879 1165 1044 1242 medicae,
1079 1186 1165 1254 quae
1197 1165 1291 1232 llorct

201 1288 305 1354 Monte
326 1286 554 1374 Pessulano*).

263 1407 448 1476 Secundam
469 1406 553 1474 hanc
576 1406 750 1474 editionem
773 1427 856 1474 novo
879 1429 917 1475 ac
933 1407 1103 1496 diligenter
1124 1406 1289 1476 elaborato

126 1611 138 1632 ἱ
200 1527 309 1595 indice
346 1529 490 1595 omnium
519 1530 686 1595 nominum
714 1528 920 1616 propriorum
950 1528 1113 1594 auximus:
1154 1527 1290 1596 alterum

199 1659 308 1718 autem
338 1649 570 1718 vocabulorum
599 1659 631 1716 ct
664 1648 855 1726 verborum,
889 1647 976 1714 haud
1007 1648 1160 1736 neglectis
1192 1649 1289 1716 variis

200 1770 262 1838 illis
283 1770 528 1850 mutationibus,
560 1792 642 1858 quas
664 1781 697 1836 et
725 1791 785 1858 per
807 1769 983 1858 scriptores
1006 1769 1155 1837 librarios
1177 1779 1210 1836 et
1231 1791 1291 1858 por

200 1893 329 1960 criticos
359 1913 518 1981 perpessa
547 1901 635 1968 sunt,
668 1891 855 1959 iamdudum
881 1892 1147 1980 praeparavimus
1170 1912 1207 1958 ae
1230 1912 1289 1956 suo

201 2023 363 2102 tempore,
388 2014 415 2080 si
438 2012 515 2078 nihil
538 2013 631 2080 nobis
655 2011 792 2090 accidet,
817 2013 962 2080 edemus.

263 2207 452 2276 Scribebam
476 2208 581 2276 Turici
604 2207 654 2272 XI.
678 2210 716 2273 D.
735 2207 857 2275 mensis
879 2207 989 2273 Martii.

454 2329 503 2394 lll.¹
516 2327 633 2396 DCCC.
655 2329 746 2395 XLII.

264 2617 288 2678 *l
316 2617 348 2669 Cr
364 2618 408 2679 qni
423 2619 486 2668 rend
502 2630 529 2668 ce
544 2619 684 2668 monrocrtt
699 2631 788 2669 encore
800 2619 859 2682 plns
875 2620 1040 2682 interessent,
1068 2589 1126 2670 c'ert
1142 2633 1191 2671 nne
1205 2622 1288 2683 porli-

198 2691 309 2742 calerna
323 2703 372 2754 que
386 2705 450 2742 noos
465 2693 581 2742 n'evlcnr
591 2693 691 2754 jornale
706 2707 754 2744 rnre
773 2694 841 2744 nulle
863 2699 932 2756 part.
968 2696 1043 2745 L'cclc
1067 2695 1085 2745 cl
1108 2695 1216 2758 Phyllis,
1244 2697 1287 2758 qul

197 2779 337 2818 connum
356 2779 410 2828 por
432 2779 460 2816 oe
483 2779 557 2818 cerr:
583 2767 629 2818 Est
645 2767 710 2818 milri
727 2781 829 2820 nonum
846 2770 998 2834 superantis
1014 2782 1132 2831 aunum,
1155 2775 1191 2820 ert
1207 2770 1240 2819 tcr'
1256 2783 1287 2820 en

197 2841 319 2902 madente
353 2841 400 2890 Len
421 2845 491 2890 notes
514 2847 569 2891 sont
590 2841 678 2903 pertus
699 2847 723 2892 et
747 2841 776 2892 de
800 2843 880 2906 sorrne
896 2843 1091 2907 reetcnpnlat're.
1128 2843 1191 2894 Uest
1206 2843 1233 2892 ld
1250 2858 1285 2893 nn
1353 2849 1371 2860 “

197 2915 310 2978 ementple
325 2915 377 2978 sort
392 2915 512 2979 slnptrllm·
533 2921 556 2966 et
578 2913 704 2966 ertit-rnre
720 2917 866 2968 d'anclrnne
881 2919 995 2981 muslqrre
1007 2919 1130 2982 profane,
1155 2931 1251 2968 comme
1267 2918 1287 2967 ll

198 2995 234 3040 ert
252 3003 306 3054 peu
327 2989 516 3040 woirenwlcble
541 2992 619 3054 en'cn
642 2991 687 3042 [Xe
704 2991 775 3042 siecle
799 3006 832 3042 on
856 2996 903 3044 mlt
926 3007 957 3044 en
981 2994 1094 3056 morique
1118 2999 1142 3042 et
1167 3006 1214 3056 qne
1235 2993 1287 3042 l'on

198 3065 301 3114 clorrm
324 3063 358 3114 lex
383 3065 440 3114 oder
456 3065 592 3126 d'Hornce,
620 3077 653 3115 cn
676 3071 712 3116 est
732 3070 809 3128 porte
823 3067 1012 3118 nmnrdhment
1029 3068 1047 3118 ὰ
1063 3069 1145 3116 croire
1162 3079 1209 3129 qne
1226 3071 1287 3116 cette

197 3140 311 3200 eudone
326 3139 428 3190 wlrlnit
443 3140 508 3190 dona
521 3155 557 3190 rm
574 3142 713 3192 manescit
727 3143 785 3204 plan
801 3142 902 3202 ancien,
920 3141 980 3192 ‹l'oir
995 3142 1099 3190 celet-ct
1115 3155 1133 3192 a
1150 3144 1191 3190 ete
1204 3142 1285 3202 copie,

197 3217 222 3262 el
238 3226 286 3274 crte
301 3214 359 3262 c'est
372 3217 500 3275 peret-etro
524 3214 551 3264 ld
567 3215 627 3265 l’nt'r
649 3227 695 3264 rur
714 3215 794 3277 bonel
810 3215 845 3264 les
860 3217 979 3264 liemolns
995 3216 1137 3264 cltonlct'ent
1153 3219 1215 3264 cette
1231 3215 1285 3265 ode·

198 3287 308 3350 (Verum
323 3285 401 3350 longo
418 3287 583 3352 probabilius
601 3290 642 3339 est
663 3301 678 3338 e
696 3287 795 3339 lascivo
813 3286 902 3352 aliquo
919 3288 1051 3339 monacho
1069 3290 1128 3338 Sec.
1148 3289 1189 3338 lx.
1209 3289 1287 3338 notas

198 3360 255 3414 illes
280 3361 396 3414 musicas
421 3365 556 3428 appositas
582 3375 657 3424 esse,
684 3361 785 3414 similes
810 3375 936 3427 prorsus,
964 3365 993 3412 ut
1017 3363 1123 3414 videtur
1148 3375 1181 3414 ex
1206 3362 1287 3413 Librii

199 3433 304 3497 verbis,
329 3436 373 3498 iis,
401 3450 471 3501 quae
497 3437 569 3501 apud
595 3451 644 3488 nos
670 3450 777 3501 quoque
803 3437 974 3502 reperiuntur
999 3439 1025 3487 in
1052 3437 1174 3488 eiusdem
1192 3435 1286 3488 aetatis

198 3510 388 3574 antiphonariis
413 3510 524 3574 aliisque
550 3511 624 3562 libris
649 3509 856 3574 eccleslasticis.l
900 3513 955 3574 nn
971 3525 989 3564 n
1005 3525 1041 3564 un
1057 3517 1131 3564 anne
1146 3513 1287 3562 manasen

199 3585 322 3635 d'lloroee
346 3586 381 3634 du
396 3585 495 3636 x-xte
511 3586 584 3636 ridcle
604 3586 660 3650 (tur
679 3587 761 3648 celin,
783 3587 845 3649 petit
861 3587 945 3650 insol.
966 3587 1025 3652 obl.)
1049 3587 1066 3637 ὰ
1083 3587 1109 3636 la
1126 3585 1287 3648 bibliotheque

198 3659 229 3709 de
244 3657 408 3722 uonmrtnr.
441 3661 487 3712 'Get
501 3661 600 3711 Horace
615 3665 650 3711 erl
667 3661 735 3710 orosi
752 3662 924 3724 occmrtpcpnt
938 3661 999 3710 cl'un
1015 3661 1204 3718 oonrrnentnlre;
1220 3661 1287 3708 nrels

198 3733 218 3781 ll
232 3734 296 3784 n'en
309 3747 358 3796 poe
373 3735 485 3798 complet.
525 3737 554 3786 G.
574 3736 642 3786 Cruor
661 3736 770 3786 letand
786 3737 827 3786 cler
843 3741 953 3786 savants.
983 3736 1088 3786 lonnler
1106 3733 1177 3786 l8i2.
1197 3747 1223 3798 p.
1243 3731 1284 3784 to.
