3012 4978
316 469 378 532 596
662 489 665 495 ,
702 465 829 516 nonunt
847 465 1017 518 cunuiuou

358 626 409 704 Et,
433 645 518 712 quae
540 642 625 688 nunc
648 620 790 686 humeris
813 618 992 694 involitant,
1017 618 1335 695 deciderint-comae,

357 748 448 812 Nunc
471 757 502 810 et
524 743 579 831 qui
603 741 693 809 color
714 752 764 808 est
786 741 944 829 puniceae
966 739 1047 807 ilore
1069 741 1159 828 prior
1182 762 1293 818 rosae,

357 906 495 971 Mutatus
516 901 704 990 Ligurinum
726 899 758 963 in
780 898 894 965 faciem
915 898 1049 965 verterit
1070 897 1251 986 hispidam,
1376 901 1396 962 5

382 1142 406 1189 s.
425 1138 575 1261 ιίριιήιιιιρρ
590 1134 760 1196 abscidis:
787 1133 906 1197 Liproine
923 1133 988 1184 God.
1008 1145 1085 1184 meus
1103 1133 1133 1194 4,
1155 1132 1209 1183 duo
1226 1135 1361 1196 Tou-eutii,

348 1213 482 1265 Bentleius
500 1215 526 1261 et
571 1248 576 1259 .

316 1434 387 1479 44444
398 1423 495 1493 Μηδὲν
504 1418 576 1495 ὑπὲρ
587 1415 722 1488 θνητούς,
736 1411 760 1470 ὦ
767 1420 837 1471 νέοι·
877 1420 912 1470 tia
929 1423 1002 1470 esset
1012 1432 1136 1484 persona.
1160 1422 1210 1482 Qui
1221 1425 1352 1474 mutarunt
1370 1425 1396 1474 iu

316 1503 388 1554 4404
403 1502 536 1572 τρίχες.
875 1495 1044 1556 vocativum,
1072 1498 1207 1547 nonsatis
1225 1501 1398 1562 perceperant

347 1579 372 1628 3.
385 1576 409 1628 l.
427 1570 686 1635 iumaatneotttent]
704 1569 839 1621 Eiusmodi
876 1568 1004 1620 acerbam
1021 1571 1117 1633 poetae
1135 1573 1311 1624 seutentiam:
1339 1575 1394 1633 444,

315 1653 386 1703 enim
413 1650 488 1714 pueri
513 1644 660 1711 puellarem
684 1646 711 1694 in
735 1657 839 1694 morem
876 1656 991 1708 puerum
1002 1645 1058 1694 tam
1069 1644 1216 1697 lormosum
1233 1650 1337 1711 amque
1349 1661 1396 1699 su-

314 1739 420 1778 comem
439 1722 554 1774 alebant.
579 1720 627 1771 044.
640 1721 668 1781 i,
688 1721 716 1780 t,
736 1719 764 1770 44
777 1731 837 1782 sqq.
876 1718 992 1782 perham
1004 1721 1073 1769 cet.»
1100 1722 1243 1771 Praeterea
1254 1723 1300 1785 qui
1310 1721 1396 1786 legunt

314 1791 836 1860 04.3,40,44.Εροά.44,48.4444444444.
875 1793 1011 1856 Licus-ine,
1046 1797 1219 1847 construunt:
1251 1811 1309 1848 444444
1331 1799 1396 1848 color

315 1877 342 1936 4,
361 1875 406 1936 34,
426 1873 454 1923 64
477 1873 594 1930 Dumque
610 1871 694 1919 4404444
709 1868 781 1931 [mae
798 1868 839 1916 40-
874 1881 949 1916 40404
971 1872 1082 1917 mittetur
1100 1871 1203 1920 44444444
1230 1871 1286 1934 (se)
1314 1873 1340 1922 444
1355 1873 1396 1934 40-

312 1955 368 2000 0440
392 1947 457 1997 colle
484 1945 574 2004 4444444
604 1945 668 1994 item
694 1942 727 1992 de
753 1955 838 2006 puero
875 1941 937 1990 ciem
953 1941 1095 2003 4444444044,
1122 1956 1184 1994 cum
1202 1944 1286 1996 multo
1303 1945 1396 2011 simpli·

312 2022 437 2074 delicato
473 2021 511 2070 Ile
528 2019 627 2069 femina
644 2016 724 2068 444444
743 2014 798 2066 Pel
818 2017 836 2064 l.
876 2016 932 2064 cior
956 2016 990 2066 sit
1014 2014 1096 2066 altera
1122 2019 1189 2068 ratio
1214 2022 1295 2082 atque
1323 2020 1395 2071 huius

311 2111 339 2162 p.
366 2097 414 2146 944
444 2089 497 2156 τὰς
521 2108 555 2164 τρ
556 2095 658 2178 ixdc-
670 2085 763 2152 -Τὰς
791 2087 839 2140 dul
876 2102 1000 2140 carminis
1013 2089 1094 2140 mdolr
1106 2093 1327 2143 convenientior
1345 2107 1396 2144 44444

311 2175 375 2234 τοῖς
400 2167 542 2240 σοβαροῖς
563 2161 668 2227 αὐχέσι
693 2163 838 2230 πλαζομέ-
874 2164 943 2214 40404
958 2171 1069 2216 medates
1086 2169 1167 2229 atque
1184 2169 1396 2232 evanidusliprt·

311 2263 430 2310 νας-
457 2244 603 2305 deciderint]
630 2240 725 2293 Adulte
747 2243 837 2291 eutem
873 2239 960 2288 4444404
982 2241 1085 2290 cendit
1105 2242 1131 2290 44
1153 2241 1246 2304 4004404
1261 2243 1394 2305 4444444044,

311 2319 604 2380 aetatetondehantur,
623 2321 663 2378 et,
677 2314 837 2380 quiservilis
875 2311 973 2375 idest,
999 2314 1024 2363 ei
1047 2314 1180 2364 induxerit
1201 2315 1300 2367 taciem
1316 2317 1395 2382 hispi-

311 2395 474 2447 condicionis
483 2394 586 2452 erant,
580 2406 606 2443 in
615 2393 767 2442 ceterorum
777 2402 839 2439 con·
874 2387 946 2438 dam.
982 2387 1076 2439 Tibull.
1096 2390 1125 2448 4,
1145 2389 1173 2450 8,
1192 2389 1241 2442 344
1262 2391 1396 2442 004404444

310 2481 451 2522 servorum
475 2480 585 2530 gregem
607 2466 713 2515 iamiam
740 2465 837 2514 transi·
874 2463 1062 2524 creciacensis,
1088 2463 1129 2512 cui
1154 2464 1219 2513 444444
1233 2465 1331 2530 titiam
1348 2468 1395 2518 040

310 2543 393 2602 baut,
412 2541 527 2591 libertini
542 2539 623 2590 alium
639 2537 836 2602 quaesticulum
873 2550 917 2587 nec
928 2537 1061 2600 0444444444
1076 2537 1175 2600 hispido
1191 2538 1273 2588 40440
1290 2543 1355 2592 terit.
1369 2567 1394 2578 -·

311 2615 570 2680 circumspiciebant.
598 2611 709 2665 Martial.
727 2612 833 2670 44,784
872 2611 1010 2674 hispidam]
1037 2611 1183 2663 ehirsutam
1209 2615 1292 2676 atque
1320 2629 1395 2679 aspe-

312 2691 527 2753 l'ondebitpeeros
538 2690 759 2749 icmnoecnopta
770 2692 833 2736 44404.
872 2700 965 2746 4444444
984 2699 1037 2736 uon
1056 2699 1118 2736 cum
1135 2685 1205 2737 aliis:
1226 2690 1315 2752 «rugis
1333 2703 1394 2740 cou-

310 2767 353 2818 Sic
380 2764 517 2816 Smerdiae
543 2761 696 2826 Polycrates
726 2763 836 2826 propter
873 2764 986 2812 tractam
1004 2762 1031 2810 et
1053 2759 1215 2811 horridum.»
1245 2764 1305 2814 Non
1328 2765 1394 2815 enim

309 2839 483 2906 ζηλοτυπίαν
498 2837 628 2888 adversus
639 2837 835 2886 anacreontem
873 2849 966 2888 senem
988 2835 1062 2898 lingit
1083 2835 1134 2887 sibi
1152 2837 1275 2888 Horatius
1298 2841 1394 2903 Liguri·

307 2916 398 2967 crines
411 2913 551 2964 detonderi
569 2911 653 2962 iussit.
672 2909 738 2960 Vide
749 2910 834 2972 Bergk
872 2925 937 2962 num
954 2912 1082 2975 pristinae
1100 2910 1243 2976 superbiae
1261 2917 1395 2977 poeniteu-

309 2989 344 3040 ad
368 2991 463 3040 Anacr.
492 2987 533 3036 Fr.
560 2985 606 3036 l6:
633 2979 794 3052 Ἀτέκειρας
810 2981 834 3033 δ’
872 2991 927 3038 tem
947 2985 1044 3050 ·(quae
1081 2985 1190 3050 quidem
1219 2988 1394 3050 ingratissime

309 3059 423 3127 ἁπαλῆς
448 3057 545 3125 κόμης
577 3053 704 3125 ἄμωμον
731 3054 832 3121 ἄνθος.
873 3060 967 3110 luisset
985 3060 1099 3123 imago),
1118 3059 1168 3110 sed
1188 3060 1316 3113 iuvenem
1336 3076 1395 3127 pue·

309 3137 511 3190 Pseudolucian.
538 3136 628 3186 Amor.
652 3135 699 3184 to:
737 3129 756 3184 ὁ
779 3132 834 3198 μὲν
872 3134 964 3186 44444444
989 3135 1065 3186 hisce
1090 3133 1228 3186 amoribus
1259 3150 1315 3188 nou
1345 3139 1394 3187 4444

306 3208 456 3278 Ἀθηναῖος
476 3203 637 3292 εὐμόρφοις
654 3209 753 3258 παισὶν
765 3205 833 3273 ἐξ
872 3211 980 3273 aptum;
1006 3209 1132 3273 quocirca
1149 3223 1200 3260 uec
1217 3224 1242 3259 v.
1262 3213 1394 3262 4444444444

309 3302 414 3354 οκητο,
446 3285 496 3336 ital
524 3281 579 3346 πᾶς
593 3284 726 3369 οἰκέτης
754 3277 832 3351 αὐτῷ
872 3287 998 3348 «propter
1022 3281 1139 3334 vetulam
1165 3287 1281 3336 aetatem
1311 3286 1393 3336 dellu-

308 3357 415 3422 σχεδὸν
439 3355 567 3426 ἀγένειος
585 3349 636 3423 ἢν,
664 3358 766 3442 μέχρι
777 3356 830 3408 τοῦ
871 3359 975 3408 xeriut»
1014 3357 1201 3423 explicandum
1237 3363 1292 3422 444,
1330 3362 1390 3414 scd:

309 3434 421 3521 πρῶτον
466 3428 684 3522 ὑπογραφέντος
730 3426 883 3496 adroic«
871 3433 971 3484 «cultro
989 3436 1111 3485 resectae
1129 3434 1251 3484 luerint.»
1239 3437 1393 3502 4404440444-

308 3507 380 3571 χνοῦ
408 3511 637 3581 παραμένοντες,
664 3503 780 3558 ἐτοιιλὰν
802 3506 833 3559 dt
870 3510 913 3557 tur
937 3521 1003 3570 puer
1032 3508 1114 3558 044444
1146 3508 1241 3559 lubrico
1272 3525 1392 3574 penem

309 3583 418 3647 ἰούλοις
442 3585 475 3634 αἱ
491 3585 605 3654 adpetet
630 3580 831 3642 τιοκαοθῶοιν,
869 3584 998 3645 4440444044
1018 3583 1165 3645 conspicuus
1186 3583 1262 3647 Apul.
1289 3587 1351 3636 liet.
1369 3587 1390 3646 s,

309 3655 462 3723 οἰκονόμοι
479 3660 528 3708 4404
544 3655 601 3707 τῶν
614 3651 753 3723 Ἀθήνησι
772 3673 832 3718 χω-
868 3657 910 3707 44
921 3659 984 3707 stat
995 3655 1390 3724 44400444444441444444.

308 3735 378 3804 ρίων
395 3731 550 3799 κηδεμόνες
567 3725 830 3783 damalioveo-
868 3731 1025 3782 invehitur'
1019 3745 1046 3782 tn
1063 3731 1263 3784 adolescentem
1288 3735 1392 3785 iamiam

306 3809 435 3871 puniceae]
462 3820 622 3871 purpureae.
658 3807 732 3858 idem
759 3808 833 3857 rota-
869 3808 1033 3877 φρ4οοοντα
1049 3809 1179 3873 γενείοις,
1198 3809 1390 3873 etStratopag.

307 3895 368 3932 rum
393 3883 511 3930 Aurorae
537 3879 584 3930 ἐτ
585 3881 669 3929 θετον
695 3883 736 3930 444
760 3881 832 3945 apud
869 3882 927 3933 454
942 3881 1151 3933 adolescentium
1160 3883 1260 3952 τριχας
1271 3883 1391 3935 absolute

306 3957 378 4020 Virg.
392 3958 457 4006 Aen
472 3955 515 4014 44,
530 3955 570 4003 77.
594 3955 738 4016 Usurpatur
749 3955 783 4005 de
796 3969 833 4006 vr
870 3952 920 4019 τὰς
937 3955 1068 4028 φθονερα
1058 3951 1196 4019 ςνοοεῑ.)

307 4031 370 4082 vido
386 4028 474 4080 colore
492 4027 587 4088 rubro,
606 4028 677 4077 uude
691 4027 830 4081 GelliusN
903 4033 927 4081 6
953 4031 1011 4095 lieu]
1042 4033 1137 4082 Poetae
1161 4034 1203 4082 444
1219 4030 1390 4090 exclamatio,

306 4105 377 4168 λ.3,
390 4107 415 4156 9
435 4105 525 4155 440444
543 4115 625 4152 ausus
643 4105 699 4152 est:
719 4117 830 4168 equum,
870 4119 923 4156 nou
933 4119 1024 4170 pueri
1043 4107 1073 4156 ut
1086 4105 1130 4156 alii
1144 4103 1286 4156 voluerunt
1302 4105 1392 4156 distin-

306 4181 388 4231 004044
412 4177 648 4240 munimime,
677 4190 777 4238 quem-
786 4191 832 4228 4404
870 4182 957 4231 ctione
975 4183 1084 4231 mutata.
1110 4207 1138 4218 -
1165 4187 1188 4231 te
1203 4181 1314 4245 44444440]
1339 4183 1390 4230 444-

307 4256 491 4318 ..pmrcwm
508 4252 621 4302 4444444444.
868 4254 1059 4318 tiquissimum¹
1081 4253 1161 4317 gloss.
1194 4259 1217 4305 te
1244 4255 1270 4304 444
1297 4253 1390 4318 spemin
1489 4251 1490 4303 i

339 4331 363 4380 t.
382 4325 540 4395 4444444044]
557 4327 678 4388 uictum,
692 4327 767 4392 quasi
781 4329 832 4378 teu
869 4329 1008 4392 comparet
1033 4329 1086 4380 iam
1111 4328 1139 4380 iu
1160 4327 1259 4380 Codice
1277 4329 1306 4380 Β.
1341 4327 1389 4378 sed
