2986 4974
713 450 841 499 licuerit
860 449 1028 498 CARMINUM

500 606 657 673 barbaras
681 607 810 695 Syrtes,
836 604 890 670 ubi
913 605 1023 696 Maura
1045 599 1175 690 senipei·

628 731 759 792 Aestuat
780 724 881 800 unda,

498 887 595 954 Tibur
617 890 721 973 Argeo
744 886 884 973 positum
906 883 1021 950 colono

499 1009 545 1074 Sit
567 1028 659 1074 meae
682 1005 779 1073 sedes
802 1005 923 1072 utinam
945 1015 1113 1082 senectae,

501 1131 547 1195 Sit
568 1128 684 1195 modus
706 1127 793 1194 lasso
816 1127 913 1194 meris
936 1137 968 1192 et
989 1126 1113 1193 viarum

554 1277 557 1282 ·
623 1249 832 1336 Militieequel

392 1454 415 1501 a.
434 1453 509 1514 syrin
525 1452 592 1501 esr.

325 1633 414 1679 ciricis
431 1632 465 1680 ad
481 1643 523 1680 eos
539 1641 615 1679 ormo
631 1627 758 1678 transtulit
766 1638 850 1687 popo·
886 1624 986 1688 optime
1004 1621 1166 1688 explicetur,
1187 1626 1273 1688 quod,
1291 1625 1398 1689 quande

325 1707 424 1766 tumque
447 1705 585 1754 barbarum
602 1715 632 1751 ac
654 1703 737 1765 semim
757 1699 850 1763 lepidos
886 1712 992 1762 cunque
1022 1699 1045 1748 ei
1073 1697 1211 1762 placebat,
1247 1699 1282 1750 ibi
1309 1701 1397 1763 degere

324 1781 359 1828 ad
379 1780 509 1828 cultorem
529 1780 596 1828 oilae
617 1777 690 1825 teum
706 1776 850 1824 traductum
886 1775 991 1836 poterat
1013 1772 1121 1823 invilla
1145 1773 1232 1836 etiqna
1249 1777 1397 1826 Maecenatis

324 1856 351 1902 in
361 1856 471 1916 sermm
484 1852 632 1915 procinctae
643 1851 744 1912 redegit.
774 1850 850 1910 (Cen-
884 1847 927 1897 vel
944 1846 1010 1898 alius
1022 1847 1115 1908 amici,
1135 1848 1180 1911 qui
1193 1847 1399 1900 diversoriumll-

324 1928 463 1977 tabromm
480 1941 538 1989 res,
563 1928 694 1989 quatenus
713 1923 747 1972 ed
765 1925 849 1973 liora·
885 1921 983 1972 benter
999 1923 1023 1972 ei
1034 1921 1209 1986 praebebant.
1239 1923 1288 1974 Alii
1299 1926 1398 1988 opinare

324 2005 390 2052 tium
408 2004 541 2064 spectent,
567 1998 707 2061 diligenter
727 1997 849 2061 exposuit
885 1999 936 2058 tur,
956 1997 1094 2047 Horatium
1106 1995 1203 2046 Tibure
1221 1997 1398 2049 habuisseha-

325 2077 400 2126 Estre
418 2077 480 2125 llor.
499 2076 540 2125 Pr.
559 2088 587 2138 p.
601 2072 657 2124 tto.
672 2073 771 2122 Eonim
782 2075 850 2122 tem·
884 2071 1042 2120 bitationem
1058 2071 1219 2122 conductam
1242 2073 1396 2138 (Mielbloptsp

324 2163 404 2214 quam
417 2150 532 2200 hostium
544 2150 644 2198 mentio
654 2147 725 2212 apud
736 2147 848 2197 Dionem
885 2146 959 2194 certe
980 2143 1069 2194 villam
1089 2145 1254 2197 Tiburtinam
1273 2159 1397 2212 nunquan

323 2228 371 2286 54,
390 2227 431 2275 ao.
449 2226 567 2289 primum
584 2224 614 2273 lit
631 2237 655 2273 e.
674 2235 700 2272 u.
720 2223 787 2285 725.)
884 2217 977 2268 habuit
1004 2220 1066 2282 (etsi
1092 2220 1119 2270 id
1144 2220 1224 2270 tradit
1249 2225 1326 2274 vetus
1350 2223 1398 2272 eius

356 2300 379 2350 3.
399 2299 423 2350 l.
454 2299 584 2348 Barbarus
609 2297 702 2360 Syrtes]
729 2297 772 2346 Sic
795 2297 848 2344 iam
884 2294 953 2342 vitae
982 2295 1096 2357 scriptor
1120 2293 1248 2358 idemque
1273 2299 1398 2348 asseverat

323 2373 379 2423 val.
399 2375 455 2424 Cet.
474 2375 527 2423 Dir.
547 2372 592 2422 53:
613 2372 732 2422 Barbara
748 2372 849 2420 dicmur
884 2366 1060 2418 Walckeneer
1082 2370 1101 2418 1.
1123 2381 1150 2434 p.
1176 2371 1258 2433 tid),
1282 2372 1330 2423 sed
1349 2373 1397 2421 rau·
1475 2391 1476 2400 ¹

314 2449 511 2509 ·Libpco‚soror
522 2447 605 2496 eluro
615 2433 714 2507 syrte?
726 2444 849 2496 Similiter
885 2455 942 2492 mon
966 2443 1089 2494 Sabinum
1118 2443 1183 2506 (οἀ.
1207 2446 1236 2504 2,
1265 2447 1311 2507 ts,
1337 2445 1396 2506 lit:

323 2523 393 2584 Virg.
411 2525 476 2571 Aen.
496 2521 525 2582 i,
545 2520 589 2571 tt:
614 2521 738 2582 inhospita
757 2520 847 2580 Sgrtis.
885 2517 960 2566 culus
977 2515 1087 2580 quidem
1104 2520 1269 2570 mentionem
1289 2521 1332 2571 bic
1348 2520 1398 2570 ideo

323 2596 566 2660 Pompbielaw,
582 2597 610 2646 t:
630 2595 849 2657 Syrtissinusim-
885 2604 939 2642 uon
965 2591 1040 2652 lecit,
1070 2593 1132 2656 qma
1156 2597 1268 2658 propter
1293 2597 1398 2660 poeticas

321 2677 438 2732 peloosus
460 2675 483 2720 et
506 2663 607 2720 atroce.⁸
627 2669 690 2719 Plin.
715 2671 746 2720 H.
769 2671 799 2718 N.
818 2670 847 2728 5,
884 2667 1003 2716 rationes
1026 2664 1104 2730 longe
1130 2668 1301 2721 amoeniores
1324 2669 1397 2721 iuliae
1474 2705 1475 2720 .

323 2744 351 2795 i:
377 2745 572 2807 erumpentibus
593 2745 703 2794 duosam
724 2744 847 2805 Syrtimn,
885 2742 1008 2804 regiones
1020 2741 1174 2793 describere
1186 2745 1348 2807 praestabat,
1361 2743 1398 2794 abi

321 2821 415 2868 vadoso
443 2832 474 2868 uc
504 2820 632 2891 reciproco
665 2820 733 2868 muri
767 2819 847 2876 diroa;
885 2817 983 2879 gratius
1001 2817 1073 2866 esset
1089 2817 1207 2868 laturum
1224 2819 1399 2870 amicodomi-

323 2894 402 2944 bodie
425 2895 550 2958 lupellos
572 2896 601 2944 de
618 2895 704 2956 spera
722 2899 746 2944 et
763 2895 792 2942 de
809 2894 850 2944 Ga
885 2890 987 2950 cilium,
1007 2903 1088 2956 quem
1105 2893 1132 2942 iu
1149 2894 1252 2956 asperis
1271 2893 1321 2946 illis
1337 2906 1399 2946 mon-

322 2969 367 3018 bts.
394 2968 578 3030 (Walclrenaer
594 2971 612 3019 1.
629 2969 737 3032 pilii.)
758 2995 785 3004 -
804 2967 850 3016 Ae
885 2965 956 3016 tibus
974 2964 1087 3016 Sabinis.
1116 2969 1202 3030 atque
1221 2970 1342 3028 omnino,
1361 2966 1398 3030 qui

322 3043 397 3107 stuot]
416 3045 442 3094 b.
462 3043 479 3094 l.
499 3043 604 3094 nonde
623 3042 723 3104 calore,
748 3041 797 3093 sed
814 3041 848 3092 de
884 3041 912 3090 in
929 3038 1056 3090 hocloco
1074 3041 1245 3103 tricatisunt‚
1264 3042 1399 3094 baudastis

324 3117 430 3169 turbido
447 3119 578 3169 lluctuum
595 3121 682 3178 motu,
705 3117 849 3181 quemde-
885 3112 1069 3174 attenderuut,
1089 3117 1173 3166 totum
1191 3116 1243 3166 hoc
1261 3131 1322 3169 esse
1338 3119 1400 3181 opta·
1473 3115 1474 3172 t

323 3192 416 3244 scribit
433 3191 560 3244 Salustius
577 3195 630 3255 lug.
650 3193 691 3243 78.
885 3191 943 3238 turn
961 3201 1036 3238 mere
1059 3189 1208 3252 poeticum,
1233 3192 1306 3255 quod
1328 3185 1398 3242 semel

356 3269 380 3317 e.
400 3269 488 3318 Nerius
506 3268 574 3318 inter
591 3268 729 3330 stropham
746 3268 770 3317 l.
785 3265 847 3316 eit.
886 3263 1028 3326 concipere
1046 3265 1151 3327 poteret
1168 3265 1248 3314 etiam
1266 3261 1399 3316 Sabinlali·

323 3344 367 3392 bic
385 3355 444 3390 esse
462 3340 581 3390 videtur:
610 3340 716 3390 «Probe
738 3339 849 3404 quidem
886 3337 961 3386 cuius
983 3349 1133 3400 possessor.
1147 3365 1182 3384 t·-
1200 3340 1293 3404 Argeo]
1311 3343 1398 3392 Graeca

324 3416 385 3466 novi
403 3417 495 3464 tetam
511 3416 602 3465 intima
614 3428 722 3466 mecum
734 3415 848 3464 amicitia
885 3413 971 3463 torma
986 3406 1106 3482 ἈργεΙῳ.
1136 3414 1210 3464 Coni.
1236 3415 1359 3466 Priscian
1374 3413 1397 3462 i.

324 3490 496 3540 coniunctum
518 3503 593 3550 esse,
620 3491 661 3550 ut,
686 3503 805 3552 unquam
827 3489 849 3538 si
885 3488 910 3546 8,
929 3486 970 3537 lit.
1006 3489 1063 3537 Non
1081 3492 1137 3550 est,
1161 3502 1209 3538 cur
1230 3492 1323 3540 contra
1341 3487 1399 3551 opti·
1472 3505 1473 3518 .

325 3577 392 3628 opus
411 3564 491 3624 toret,
518 3563 561 3614 vel
583 3564 697 3614 maxime
721 3563 849 3614 barbaras
886 3573 945 3612 mos
964 3566 1069 3614 nostros
1087 3565 1114 3613 et
1132 3562 1241 3614 Bentleii
1260 3564 1342 3615 Codd.
1354 3557 1399 3610 vol·

325 3636 398 3688 orbis
427 3641 558 3688 terrerum
590 3639 713 3700 regiones
741 3649 849 3688 mecum
885 3648 978 3699 gorem
990 3635 1132 3688 lectionem
1145 3637 1250 3689 Codicis
1263 3637 1350 3690 Bland.
1362 3647 1399 3684 an·

325 3712 446 3762 aditurus
464 3725 553 3762 esses:
572 3726 668 3763 rerum
685 3715 748 3777 opto
764 3714 851 3775 utpo-
886 3712 1026 3774 tiquissimi
1042 3713 1135 3778 Argiuo
1155 3713 1346 3777 praeferamus.
1368 3711 1398 3759 lte

326 3788 377 3836 tius
399 3787 425 3835 in
448 3799 562 3836 amoeno
584 3785 673 3850 aliquo
690 3785 778 3838 ltaliae
796 3791 851 3836 tra·
887 3799 917 3836 re
939 3785 987 3836 cir.
1007 3786 1054 3836 Od.
1077 3788 1105 3848 t,
1125 3788 1169 3849 48,
1190 3789 1214 3841 2.
1244 3815 1272 3824 -
1292 3781 1397 3851 poem]
1471 3843 1472 3850 χ

327 3865 384 3920 ctu,
412 3860 561 3910 cuiusmodi
583 3860 665 3910 libor
687 3862 729 3911 est
751 3875 783 3910 ac
800 3861 851 3910 Ta·
888 3861 1037 3921 conditum,
1065 3865 1094 3912 ut
1110 3863 1180 3926 Virg.
1207 3863 1274 3913 Aen.
1293 3862 1322 3924 l,
1344 3859 1394 3910 itt:
1471 3861 1472 3900 l

328 3937 446 3995 rentum,
474 3934 551 3985 nobis
573 3933 715 3998 aliquando
732 3948 784 3984 une
802 3935 852 3985 de·
887 3935 974 3984 urbem
991 3962 1027 3972 -·
1046 3937 1139 3998 poroit.
1175 3937 1250 3988 Ovid.
1278 3938 1338 3989 liet.
1362 3931 1397 3986 ll.

326 4023 390 4074 gere
403 4013 430 4059 et
447 4022 642 4060 consenescere
659 4008 747 4071 liceat,
766 4023 851 4074 usque
888 4011 951 4060 587:
969 4011 1048 4062 lrrilo
1064 4013 1108 4072 qul
1124 4011 1398 4074 meeitmposatsttnot·

327 4086 393 4135 dum
405 4087 433 4134 tu
444 4085 508 4134 mihi
520 4087 658 4148 superstes
669 4097 713 4134 me
723 4084 853 4148 sepelien·
888 4087 933 4136 nia
951 4085 1046 4136 Troiae.

327 4159 393 4210 dum
405 4171 510 4209 cures.»
533 4157 585 4209 Clr.
600 4158 666 4208 intra
680 4158 722 4221 (ed
735 4172 759 4207 v.
769 4160 803 4220 9.)
815 4159 854 4209 lo-
922 4160 946 4209 6.
965 4161 1083 4225 mortae]
1106 4162 1259 4212 «Senectuti
1283 4171 1354 4212 meae
1370 4153 1398 4204 ibi
1470 4201 1471 4214 .

328 4248 391 4285 cum
403 4247 436 4284 en
448 4235 512 4297 Epp.
528 4233 600 4292 t,r,
613 4232 653 4283 il.
674 4233 750 4294 Quod
762 4237 852 4284 autem
889 4237 923 4287 sit
939 4239 1061 4300 paratum
1079 4236 1235 4299 retugium.»
1255 4237 1284 4287 V.
1302 4237 1399 4286 mecm
1470 4247 1471 4282 .

328 4309 768 4373 tomsaepellburcommernoret,
779 4322 852 4360 exeo
889 4311 1012 4375 accipere
1030 4323 1094 4362 oesu
1111 4312 1190 4361 tertio
1208 4312 1332 4376 praestet.
