3012 4978
768 439 898 492 uonnru

458 597 612 665 Romulae
635 597 723 684 genti
745 597 820 665 date
843 616 979 684 remque
1007 595 1197 684 prolemque

545 719 582 784 lit
604 718 706 785 decus
729 718 846 784 omne!

461 888 620 975 Quaeque
640 906 703 952 vos
724 884 832 953 hobus
854 895 1029 951 veneratur
1050 883 1132 951 albis

461 1007 573 1075 Clarus
595 1006 756 1074 Anchisae
780 1007 981 1095 Venerisque
1003 1007 1155 1094 sanguis,
1341 1011 1383 1072 50

459 1132 628 1218 impetret,
651 1127 794 1196 bellante
819 1127 927 1215 prior,
952 1127 1110 1195 iacentem

543 1253 641 1317 Lenis
664 1250 698 1314 in
725 1249 869 1316 hostem!

359 1450 400 1502 49.
420 1451 517 1513 Quique
533 1451 600 1500 Poll.
620 1449 650 1510 ll,
665 1450 711 1511 tlt,
724 1449 784 1508 ἢ,
803 1449 861 1500 LtF.
883 1449 923 1512 (Ut
939 1461 1003 1511 nos,
1022 1448 1087 1510 Rhe,
1099 1447 1131 1509 β,
1150 1461 1227 1514 prox
1246 1449 1349 1500 «etalii

327 1527 412 1588 duo»,
432 1526 467 1587 C,
485 1523 581 1585 ilenti„
599 1523 659 1589 Ml.)
679 1551 707 1560 -
726 1523 842 1574 bunun.
858 1550 885 1560 -
904 1525 945 1574 el.
963 1524 1069 1585 Imperet
1086 1525 1154 1574 Putt.
1170 1521 1280 1587 plures,
1299 1525 1349 1574 Ltl'

325 1599 477 1726 igongffig'
493 1601 533 1723 ξι
543 1615 603 1664 μω,
622 1610 663 1663 pr.
682 1614 700 1647 κ
717 1600 745 1648 et
761 1613 777 1646 ν
794 1599 855 1663 post
872 1597 1019 1662 Cruquium
1037 1598 1152 1648 correxit
1163 1597 1305 1650 Bentleius.
1320 1627 1345 1634 —

292 1861 403 1916 prorsus
426 1850 550 1899 contenta
573 1851 616 1900 est
637 1849 691 1898 vita
708 1850 735 1899 et
754 1850 816 1899 ante
855 1852 967 1915 apparel
984 1863 1017 1900 ex
1030 1849 1194 1913 ignoratione
1205 1851 1379 1902 constructio-

292 1927 351 1976 ectu
373 1925 400 1973 et
421 1936 466 1984 ee,
494 1936 563 1987 quae
586 1923 739 1972 etiamnunc
765 1923 817 1987 ipsi
855 1925 897 1975 nis
913 1924 1309 1986 venerarioltqurmcliquidlut
1321 1939 1379 1988 pre

292 2009 421 2049 concesse
457 1999 529 2048 est.»
563 1995 726 2048 Monendum
760 1998 818 2047 erat
855 1999 920 2061 carl,
929 2011 1040 2061 poscere,
1049 1998 1189 2060 postulone,
1202 2012 1297 2062 rogare
1308 2001 1378 2062 cet),

291 2074 404 2140 propter
428 2085 572 2136 perversas
597 2070 725 2122 lectiones
747 2084 818 2122 ωπο-
856 2087 926 2136 quae
950 2087 983 2122 en
1006 2073 1155 2137 antiquiore
1173 2074 1312 2125 Latinitate
1338 2088 1380 2124 re-

291 2149 365 2199 elutis
377 2147 495 2210 placidae
511 2149 539 2197 et
551 2147 681 2210 placidum
701 2147 815 2208 quietern.
856 2149 929 2199 unta
941 2151 983 2198 est
1000 2147 1169 2200 etiamabl.
1182 2149 1299 2200 Caecina
1311 2148 1380 2214 apud

296 2251 323 2260 -
342 2223 373 2272 V.
393 2223 417 2272 4.
445 2222 524 2284 igion
544 2222 623 2274 huius
639 2221 766 2284 strophae
783 2220 819 2271 ud
857 2223 911 2274 Cic.
929 2222 965 2273 ad
981 2223 1053 2273 Fam.
1073 2223 1101 2284 6,
1120 2221 1150 2272 7:
1169 2225 1213 2284 qut
1229 2223 1312 2273 multo
1326 2225 1381 2274 dene

291 2298 458 2347 iuventutem
470 2295 594 2357 retertur,
609 2296 670 2346 νά.
682 2295 816 2355 adsensa,
854 2297 967 2346 emoti
991 2301 1048 2346 ucat
1070 2301 1161 2346 contro
1184 2298 1238 2348 etsta
1261 2297 1378 2356 ωΜως

292 2369 391 2433 quibus
414 2370 465 2421 hue
490 2371 563 2435 ipsae
587 2383 683 2434 preces
712 2369 817 2432 egregie
857 2370 1110 2433 ecquosnam,
1130 2369 1191 2422 lut:
1209 2371 1246 2422 Ac
1260 2377 1382 2422 mate

293 2443 399 2508 placere
417 2444 566 2502 debebant3
593 2457 619 2494 v.
637 2445 652 2494 3
670 2446 697 2494 et
713 2443 737 2494 4.
757 2443 819 2494 uui·
857 2445 942 2506 Cerea,
960 2446 998 2496 tto
1014 2445 1095 2495 caloae
1111 2451 1224 2510 moeret
1241 2447 1305 2497 olto.
1327 2449 1378 2498 sut.

293 2516 821 2582 versumpopulumltomanumeomple-
856 2521 885 2580 2,
905 2521 933 2578 6,
951 2519 982 2570 8;
1000 2519 1030 2569 st
1044 2531 1151 2570 emmor
1168 2521 1283 2584 (precor)
1294 2523 1382 2572 m

292 2593 415 2650 ctunlur;
442 2603 495 2654 qua
512 2590 697 2642 distributione
722 2603 818 2654 magna
856 2593 918 2642 ndtll
933 2593 1031 2642 lorum.
1052 2592 1381 2655 -Anelirce1Pulchram

293 2677 357 2716 cum
378 2667 434 2716 arte
457 2678 522 2716 usus
545 2666 587 2716 est
612 2666 700 2730 poeta.
722 2666 820 2716 -llo-
856 2668 988 2718 Anchisae
1000 2666 1035 2716 eb
1047 2669 1136 2718 Aenea
1149 2669 1175 2719 in
1186 2668 1382 2734 humerispor·

291 2739 385 2804 muco]
403 2752 452 2803 pro
464 2740 609 2800 dommac,
627 2742 657 2790 ut
673 2737 721 2790 Od.
740 2739 770 2798 4,
789 2741 818 2802 c,
857 2741 902 2792 tati
920 2741 1063 2804 imaginem
1080 2741 1142 2792 vide
1160 2742 1321 2793 inGerhard
1336 2745 1382 2794 Va·

294 2815 317 2864 4.
339 2839 367 2850 -
384 2813 494 2878 remque]
513 2814 817 2878 «opumellluentiam.»
855 2829 929 2880 wip„
953 2817 995 2866 lll.
1021 2817 1049 2866 T.
1075 2816 1195 2866 ccxvii.
1224 2843 1253 2854 —
1280 2818 1383 2868 tellecta

294 2913 322 2924 -
337 2888 492 2953 preterque]
510 2901 557 2950 quc
575 2886 741 2951 colliquescit
756 2901 817 2939 cum
852 2892 936 2953 pn‘or,
947 2890 1046 2954 dero]
1061 2889 1165 2953 citaque
1177 2889 1218 2941 dis
1233 2891 1382 2944 laventibus

292 2975 318 3014 v.
336 2976 395 3027 seq.
425 2963 465 3014 Cl.
478 2963 527 3014 Od.
540 2962 569 3024 4,
582 2964 613 3024 i,
627 2965 668 3014 22.
682 2964 724 3014 23.
856 2977 966 3028 semper
974 2965 1060 3014 victor
1071 2963 1189 3015 hosfium
1202 2963 1316 3024 evadat.
1329 2965 1382 3018 cle-

324 3037 413 3088 tit-ea.
433 3038 559 3101 Quaeque]
573 3039 620 3088 «Et
637 3051 719 3101 quae,
733 3037 818 3088 boves
857 3041 962 3089 menter
973 3041 1076 3100 autem,
1094 3041 1125 3088 ut
1136 3039 1216 3090 decet
1227 3041 1319 3090 virum
1330 3041 1382 3092 lor·

292 3111 366 3164 albas
384 3113 483 3176 (Versa.
501 3110 593 3175 Sibyll.
607 3112 658 3174 ta.)
676 3112 753 3162 vobis
771 3112 820 3162 im·
856 3117 911 3164 tem
922 3115 1023 3178 pariter
1034 3126 1066 3163 ac
1077 3125 1256 3177 generosum,
1274 3114 1382 3166 domitis

291 3186 405 3248 molens,
422 3199 471 3238 vos
486 3188 766 3251 premtnrnugostus,
786 3197 818 3236 ea
856 3189 976 3251 parcnt.»
1004 3188 1075 3250 virg.
1093 3189 1159 3238 Aen.
1180 3188 1210 3248 6,
1229 3188 1293 3240 Sol:
1319 3191 1383 3240 Par-

292 3263 499 3326 consequatur.»
518 3262 640 3312 Caesaris
651 3261 761 3325 quidem
773 3273 820 3310 uo-
855 3275 912 3312 cere
934 3261 1049 3312 miselle
1064 3266 1088 3312 et
1109 3261 1232 3312 ceston
1255 3265 1381 3326 mcor.

292 3350 368 3399 men,
389 3337 448 3401 ipso
465 3337 523 3387 sine
540 3335 623 3386 dubio
641 3335 680 3386 sic
696 3334 816 3395 volente,
855 3338 934 3400 Prop.
948 3336 978 3398 3,
992 3337 1037 3397 le,
1050 3335 1096 3386 28:
1116 3335 1217 3398 (llinos)
1232 3337 1318 3388 Victor
1329 3345 1382 3389 crat

292 3424 343 3476 per
372 3413 459 3461 totum
492 3423 604 3461 carmen
638 3412 749 3460 tacetur.
788 3433 815 3444 -
855 3411 983 3472 manoe,
1002 3423 1098 3472 aequus
1113 3411 1141 3460 ln
1156 3411 1224 3460 torte
1238 3413 1297 3475 suit.

293 3487 381 3550 Longe
398 3498 465 3536 vero
482 3485 619 3550 pulchrior
631 3487 673 3536 est
683 3485 741 3549 ipsa
753 3496 820 3546 quo-
888 3483 974 3536 ttl-ed.
986 3485 1081 3546 Medos]
1092 3483 1213 3535 Parthus.
1224 3487 1293 3536 Nota
1303 3499 1383 3551 quam

292 3574 345 3625 que
363 3561 493 3612 sententia
510 3573 591 3612 verae
603 3560 683 3610 huius
698 3557 818 3608 lectionis
856 3560 933 3610 caute
957 3560 1044 3608 totum
1068 3570 1119 3622 per
1139 3571 1250 3610 cumen
1274 3573 1383 3612 omnem

293 3635 383 3698 (etiam
400 3632 465 3684 cod.
483 3635 604 3698 Franeq.l
629 3645 712 3698 quam
735 3634 819 3684 inter-
856 3633 988 3686 bellorum
1004 3633 1134 3694 civilium,
1153 3646 1223 3698 quae
1241 3637 1384 3701 ὶωρεήιω

292 3707 410 3774 palatae:
430 3709 699 3771 potore-lnporum
717 3721 781 3759 nam
792 3709 819 3758 in
856 3708 1056 3768 laceraverant,
1092 3707 1137 3759 vel
1173 3709 1384 3764 occultissimam

292 3783 335 3834 illa
352 3783 404 3832 hoc
420 3783 500 3832 inest:
522 3797 607 3848 aquae
624 3786 687 3834 vota
703 3782 820 3835 illesus-
857 3783 1021 3834 mentionem
1046 3781 1147 3832 devitet
1170 3795 1203 3832 ac
1228 3783 1263 3834 de
1286 3785 1384 3835 exteris

293 3859 356 3922 cipit
380 3869 430 3922 pro
462 3855 546 3908 salute
578 3859 683 3920 imperll
708 3858 820 3908 Romani
856 3858 996 3908 dumtaxat
1022 3856 1174 3908 nationibus
1202 3857 1237 3908 ab
1265 3860 1384 3923 Augusto

292 3945 396 3997 proque
404 3932 701 3994 prosperitatesuorum
709 3931 818 3995 civium,
857 3932 964 3984 domitis
990 3931 1129 3996 loquatur,
1155 3933 1214 3983 tum
1238 3945 1267 3982 v.
1289 3934 1331 3984 447.
1350 3933 1384 3984 de

293 4019 326 4057 ee
342 4007 400 4056 retu
417 4003 515 4064 tiaut;»
533 4005 561 4054 iu
578 4005 629 4054 hac
646 4003 758 4069 simplex
779 4007 819 4056 rei
856 4007 909 4058 ilde
933 4020 966 4058 ec
988 4019 1056 4070 pace
1074 4005 1230 4058 abeodem
1252 4009 1382 4058 restituta

293 4081 398 4132 divinae
416 4078 555 4131 lucinndee
577 4079 690 4139 mentio;
716 4081 820 4142 imperet
858 4109 887 4122 -·
908 4079 1384 4146 accom1«nomanommexalen

293 4159 383 4208 autem
408 4153 552 4220 explicant:
580 4152 749 4206 «dominetur
770 4155 818 4206 toti
856 4157 944 4220 Longa
961 4159 1108 4208 ortorum.»
1128 4179 1156 4194 -
1169 4155 1300 4220 renosco]
1319 4156 1385 4207 «cd-

293 4235 426 4281 terrumm
451 4227 543 4290 orbi»,
570 4231 600 4279 ut
621 4227 669 4280 od.
687 4229 716 4290 3,
741 4229 769 4290 6,
791 4231 816 4281 e.
855 4235 897 4280 etc
913 4228 956 4280 illa
972 4230 1040 4280 loto
1057 4229 1113 4294 (od.
1130 4229 1159 4292 l,
1179 4231 1224 4291 444,
1242 4230 1306 4292 22),
1320 4241 1384 4294 qno·

293 4303 527 4369 interpolationem
551 4317 616 4356 vero
641 4306 728 4357 ortem
755 4315 817 4356 esse
855 4303 937 4356 modo
954 4303 1101 4358 seditiones
1118 4305 1257 4358 intestinas
1274 4315 1383 4368 eonspe-
