3078 4978
580 461 682 510 LlBEli.
719 459 817 510 Claui.
837 459 902 510 xiv,

298 615 443 683 Candide
466 616 653 692 Maecenas,
676 614 799 683 occidis
822 636 922 703 saepe
945 616 1104 704 rogando:
1237 620 1257 680 5

341 740 447 814 Deua,
471 736 554 804 deus
577 758 650 803 nam
673 759 724 804 me
746 747 833 804 vetat

298 860 468 946 lnceptoS,
492 858 569 924 olim
591 860 786 946 promissum
809 879 954 934 carmen,
980 859 1104 927 iambos

340 979 388 1045 hd
410 977 598 1046 umbilicum
620 980 794 1047 adducere.

298 1103 367 1167 Non
389 1101 482 1167 aliter
503 1101 611 1168 Samio
634 1100 745 1167 dicunt
766 1100 886 1167 arsisse
908 1101 1055 1191 Bathyllo

343 1227 543 1289 Anacreonta
565 1225 694 1299 Teium,

299 1347 362 1425 Qui
385 1366 544 1434 persaepe
567 1366 647 1413 cava
672 1343 833 1412 testudine
855 1343 943 1412 llevit
964 1365 1108 1412 amorem

341 1469 410 1533 Non
434 1467 634 1534 elaboratum
656 1466 696 1533 ad
720 1465 848 1554 pedem.

298 1590 407 1657 Ureris
429 1591 499 1676 ipse
523 1590 641 1655 miser:
665 1587 783 1676 quodsi
806 1609 870 1654 non
893 1585 1057 1675 pulchrior
1080 1589 1162 1676 ignis

237 1818 279 1867 43.
298 1817 374 1866 mim
390 1817 422 1866 do
439 1816 462 1878 ρ’
480 1829 530 1866 nott
546 1816 574 1865 Β.
594 1814 683 1878 (Quid,
702 1815 723 1864 st
740 1815 807 1874 ifle,
826 1827 875 1876 quo
893 1815 962 1878 (igne
979 1815 1033 1879 tuo)
1052 1815 1074 1864 si
1090 1817 1158 1879 Axi.)

161 2022 259 2072 bilrter
271 2019 305 2070 ad
322 2022 393 2072 hunc
405 2017 633 2071 adolescentulum
644 2023 698 2069 ret
734 2011 936 2090 ἠπερόπευμα,
962 2013 1062 2070 Αὐλῶν
1086 2013 1256 2080 ἀντίπαλον,

162 2096 226 2146 tulit
244 2097 286 2146 Fr.
306 2095 346 2145 i8
365 2107 391 2159 p.
405 2095 467 2144 too:
488 2095 537 2157 Τίς
553 2093 696 2164 ἐρασμίην
734 2091 959 2166 φιλοβάρβιτον,
979 2089 1065 2160 ἡδύν,
1083 2089 1204 2146 ἄλυπον.

162 2171 289 2256 Τρέψας
309 2164 443 2234 θυμὸν
429 2183 460 2230 ες
483 2161 560 2234 ἥβην
576 2167 696 2238 τερένων
767 2169 821 2220 43-
831 2171 872 2220 46.
893 2170 985 2233 Urnis]
1004 2171 1258 2230 «Quamvimexcn

161 2238 304 2310 ἡμιόπων
320 2237 359 2292 ὑπ
359 2235 488 2292 '’adldv
486 2243 638 2312 ορχεῖται,·
656 2243 695 2291 De
734 2246 794 2295 cent
811 2257 900 2302 amor,
917 2245 975 2307 ipse
990 2243 1075 2307 probe
1093 2247 1179 2305 nosti;
1201 2251 1258 2298 ete-

162 2318 267 2368 eodem
280 2319 321 2367 est
337 2316 406 2366 inter
421 2315 696 2366 Pseudunacreontico
734 2319 789 2368 nim
806 2320 835 2367 tu
852 2329 959 2382 quoque
972 2331 1046 2368 amas
1063 2319 1189 2370 laminam
1202 2319 1260 2386 pul·

163 2395 259 2443 Carm.
273 2393 314 2441 49.
329 2389 695 2454 EiusstatuamaPolycrata
734 2392 924 2442 cherrimam.»
958 2393 996 2442 De
1019 2394 1155 2457 Terentia,
1185 2396 1258 2446 Mae-

165 2469 288 2529 tyranno
306 2465 421 2515 dicatam
442 2466 550 2528 copiose
568 2464 697 2516 describit
734 2467 835 2516 canatis
857 2479 953 2526 uxore,
982 2465 1113 2530 explicant
1137 2468 1257 2534 plerique

164 2538 298 2603 Apuleius
316 2537 410 2588 Florid.
424 2539 455 2599 i,
475 2540 514 2590 ld.
533 2553 559 2603 p.
573 2541 613 2589 444.
627 2539 694 2590 Oud.
733 2539 925 2606 praeeuntibus
941 2539 1025 2592 trihus
1037 2542 1205 2606 Scholiastis,
1225 2557 1258 2594 eo

165 2615 242 2663 Sam.
269 2613 347 2662 Birch
373 2614 399 2664 in
424 2613 605 2678 Archoeolopic
630 2615 693 2666 Brit.
734 2616 805 2680 quod
825 2629 889 2667 mox
906 2614 1027 2666 libertina
1045 2621 1195 2682 opponatur
1217 2619 1259 2668 in-

163 2689 195 2739 T.
217 2688 305 2737 ffll.
327 2701 387 2751 pag.
408 2689 466 2738 257.
486 2687 626 2754 descripsit
649 2701 707 2741 vas
733 2705 844 2756 genuae.
881 2693 934 2742 «Ac
959 2705 989 2741 re
1014 2705 1078 2742 vera
1102 2707 1146 2742 vv.
1171 2695 1259 2744 Gauda

164 2763 352 2824 Anacreontis,
371 2765 401 2812 ut
412 2763 525 2826 videtur,
546 2765 573 2814 el
583 2762 696 2825 Bathylli
733 2772 798 2816 sorte
814 2771 859 2814 too
870 2765 904 2814 de
922 2763 1037 2827 legitima
1055 2767 1159 2816 tantum
1174 2779 1257 2816 uxore

166 2838 299 2901 imagines
333 2837 472 2888 exhibens.
512 2839 626 2900 Ztschrip‘t
652 2839 697 2900 sair
734 2851 866 2903 sponsave
877 2837 985 2901 intelligi
997 2842 1134 2901 possunt.»
1147 2841 1255 2890 annrs.

164 2911 488 2972 Alterthumswisscnschost
511 2911 583 2961 48444.
606 2911 694 2972 suppl.
733 2913 834 2962 Eadem
846 2912 929 2961 verba
946 2913 1057 2977 insuper
1068 2915 1131 2964 satis
1149 2913 1259 2965 demon·

164 2989 191 3038 2.
212 2989 244 3038 N.
268 2987 309 3035 22.
332 2997 392 3048 pag.
412 2985 468 3034 476.
498 3011 526 3020 -
551 2984 697 3034 Anacreon-
734 2987 818 3036 strant
835 2985 922 3034 minus
940 2986 1001 3049 apte
1019 2999 1105 3050 nuper
1115 3000 1159 3036 vv.
1175 2988 1260 3037 Uraris

166 3061 204 3126 ta]
223 3061 286 3111 Eius
303 3061 418 3110 statuam
434 3059 544 3109 Athenis
555 3058 621 3108 vidit
631 3061 698 3108 Pau
733 3061 785 3108 oet.
799 3057 927 3122 explicatu
946 3072 1006 3109 esse
1024 3060 1058 3110 de
1075 3059 1207 3124 Bathyllo,
1226 3060 1259 3110 li-

167 3135 301 3195 saniasl,
314 3135 359 3194 45,
374 3135 401 3182 t:
425 3135 475 3182 καί
492 3133 524 3182 ol
540 3128 574 3182 τὸ
594 3129 697 3198 σχῆμά
733 3133 811 3183 berto
837 3134 997 3184 Maecenatis
1023 3136 1050 3184 et
1073 3136 1257 3199 pantomimo,

166 3210 265 3268 ἐστιν,
294 3201 357 3258 οἷον
374 3201 536 3275 ᾄδοντος
515 3223 555 3256 αν
568 3223 599 3258 εν
618 3207 696 3279 μέθῃ
734 3209 767 3258 de
786 3221 838 3271 quo
855 3208 935 3257 Tacit.
954 3209 1022 3257 nnn.
1041 3209 1069 3269 4,
1087 3209 1132 3258 et:
1152 3210 1258 3260 Maece-

165 3286 283 3352 γένοιτο
310 3277 532 3352 ἀνθρώπιον-
559 3284 615 3332 Non
642 3283 697 3332 cla-
733 3295 782 3332 nas
795 3281 920 3332 causus·
910 3296 938 3331 m
954 3295 1066 3332 amorerat
1085 3283 1207 3343 4444444444,
1226 3296 1258 3333 ac

166 3359 300 3423 torctmn]
334 3359 509 3408 Anacreontis
539 3349 694 3420 ἀφέλειαν,
732 3357 875 3420 propterea
897 3357 1077 3406 memoratum
1098 3368 1159 3406 esse
1185 3355 1258 3407 illurn

168 3432 289 3484 naturale
313 3433 340 3482 et
362 3431 474 3496 simplex
496 3432 631 3482 scribendi
648 3445 696 3496 ge
732 3431 907 3481 Anacreontis
924 3428 1084 3492 Bathyllum.
1106 3429 1219 3480 «Blanda
1232 3433 1259 3480 et

168 3520 236 3570 nus,
262 3505 340 3570 longe
366 3507 503 3556 diversum
519 3520 534 3556 a
554 3509 695 3570 poetarum
733 3505 871 3555 Terentiae
889 3518 952 3554 curn
970 3503 1068 3554 Helena
1084 3506 1257 3570 comparatio,

168 3580 406 3632 Alexandrinorum
432 3579 520 3630 indole
545 3582 633 3644 potius
659 3582 696 3631 si·
733 3593 796 3630 cum
815 3577 855 3629 illa
871 3581 943 3628 esset
959 3577 1260 3643 pulcherrimaethlae·

168 3654 285 3720 gnificat,
299 3669 380 3719 quam
390 3657 419 3704 ut
428 3654 611 3718 negligentius,
623 3655 695 3717 quod
734 3655 834 3704 cenatis
846 3653 966 3702 animum
983 3654 1137 3703 vehementi
1155 3667 1218 3717 erga
1229 3667 1259 3704 se

170 3729 205 3779 ad
223 3743 350 3780 numeros
368 3730 494 3790 attineat,
522 3742 584 3784 eum
601 3741 696 3780 versus
733 3741 825 3778 amore
835 3727 1028 3778 accendisset.»
1046 3729 1196 3778 Wnrcnunr.
1212 3730 1260 3778 nt-

170 3805 355 3868 composuisse
365 3804 553 3868 reprehendat.
568 3802 695 3866 «Bathylli
733 3817 786 3866 que
798 3803 906 3852 omnino
919 3803 1083 3866 ineptissima
1099 3801 1168 3852 loret
1182 3804 1258 3866 pueri

170 3891 292 3928 amorem
309 3878 416 3941 scripsit
437 3891 490 3928 non
515 3878 549 3927 ita
575 3876 695 3940 perlecto
733 3876 838 3926 delicati
866 3889 928 3926 cum
962 3873 1061 3926 Helena
1090 3877 1257 3939 compositio.

171 3954 198 4003 et
218 3951 356 4002 elaborato
377 3951 448 4016 pede
466 3965 548 4015 quam
573 3949 696 4001 dulcibus
736 3977 763 3986 -
781 3950 865 4014 miser]
885 3949 1019 3999 «Moerum
1036 3962 1097 4010 esse,
1116 3950 1205 3998 miore
1220 3949 1260 3997 de

170 4025 311 4076 modulis.»
339 4027 430 4076 Senon.
454 4027 548 4076 Critias
565 4026 651 4088 Bergk
667 4038 694 4088 p.
729 4025 815 4086 perire
828 4024 950 4086 puellaria,
969 4022 1003 4074 dc
1015 4036 1108 4074 amore
1121 4023 1202 4072 etiarn
1219 4021 1260 4071 le-

170 4100 235 4152 tir:
267 4097 324 4151 Τὸν
345 4098 376 4151 δὲ
397 4102 566 4187 γυναικείων
586 4097 696 4165 μελέων
733 4097 858 4149 licissimo
870 4097 939 4148 adeo
956 4097 1139 4162 pervolgatum
1158 4099 1211 4157 est,
1230 4097 1261 4145 ut

171 4171 312 4240 πλέξαντα
333 4171 396 4226 τότ
418 4168 495 4241 ᾠδὰς
514 4169 600 4225 Ἡδὺν
617 4168 697 4223 atva-
734 4171 855 4238 exempla
879 4173 975 4223 afferre
999 4183 1110 4222 necesse
1128 4183 1181 4219 non
1198 4169 1259 4220 sit.»

170 4251 304 4320 κρείοντα
315 4251 391 4312 Τέως
408 4249 449 4312 είς
457 4242 597 4298 Ἑλλάδ”
579 4242 695 4314 ανῆγεν,
733 4249 863 4308 Bosscnn,
893 4247 1010 4297 refutans
1038 4243 1177 4295 mirificam
1205 4244 1257 4293 ilP.

171 4323 345 4389 Συμποσίων
370 4322 526 4395 ἐρέθισμα,
552 4319 696 4389 γνναικῶν
734 4322 931 4372 coniecturam:
964 4319 1143 4369 «Horatiusnz
1176 4317 1261 4367 urna
