3014 4978
282 423 344 486 too
668 423 795 493 noalru
814 423 983 475 canmuuu

443 567 556 645 'Ducat
578 589 610 645 et
631 599 813 666 praegnans
837 577 926 644 canis
949 586 1003 642 aut
1026 576 1066 644 ab
1088 597 1166 664 agro

450 702 536 767 Rava
559 699 737 766 decurrens
760 697 836 786 lupa
859 699 1038 774 Lanuvino,

576 823 718 908 Fataque
740 818 862 907 volpes.

448 981 585 1067 Rumpat
607 987 639 1045 ct
660 998 796 1066 serpens
818 976 879 1044 iter
900 977 1093 1054 institutum,

450 1100 483 1168 Si
505 1121 566 1188 per
587 1099 755 1188 obliquum
776 1097 889 1165 similis
912 1099 1045 1187 sagittae

313 1293 336 1341 2.
352 1303 482 1354 praepone
497 1291 526 1340 B.
542 1317 568 1326 -
583 1289 606 1340 3.
619 1289 742 1339 tatwino
760 1289 801 1338 Ft.
816 1287 915 1352 (Nullus
932 1299 1055 1339 meorum
1073 1289 1167 1352 codd.)
1182 1291 1336 1342 .-lt.1ium-

309 1371 357 1429 pat
372 1366 479 1426 abste,
503 1363 613 1416 Bentleii
630 1363 714 1416 codd.
732 1364 841 1428 praeter
857 1363 1047 1424 Graecianum,
1071 1363 1156 1414 Leti:
1184 1364 1286 1426 coapta
1302 1377 1333 1414 ex

312 1439 333 1500 β
351 1441 425 1504 (Pott.
444 1441 473 1502 ἲ,
493 1441 521 1502 o,
541 1439 575 1501 6.)
593 1437 676 1489 Bentl.
696 1439 730 1489 ll.
751 1438 789 1500 (Ut
805 1451 867 1498 nos,
886 1437 919 1499 J.)

279 1607 346 1658 here
367 1606 455 1658 solent
474 1607 660 1671 superstitiosi.
697 1605 735 1668 (Ut
755 1618 806 1655 ve·
842 1617 895 1668 que
919 1606 1066 1656 memorat:
1096 1600 1250 1677 προίόντος
1277 1599 1366 1658 aaron

279 1696 340 1733 rum
367 1682 466 1744 fatear,
493 1682 520 1732 in
544 1681 632 1731 Boerii
655 1680 805 1729 Diatoncrto
841 1675 874 1728 ἐκ
901 1674 954 1743 τῆς
979 1678 1073 1742 οἰκίας
1097 1675 1170 1746 γαλῆ
1196 1677 1244 1730 διὰ
1269 1682 1368 1748 μέσων

281 1759 432 1810 datdtnlctto
446 1758 592 1807 Varroniano.
613 1754 803 1806 Vmoatot829.
842 1748 927 1814 σφῶν
952 1748 1070 1823 διῇξεν.)
1098 1783 1126 1792 -
1154 1757 1287 1806 Loowtao
1312 1757 1367 1807 siue

283 1847 308 1882 v.
330 1845 466 1895 porram
493 1845 546 1881 non
575 1831 726 1894 comparet,
755 1827 805 1878 scd
841 1828 963 1877 tanum
990 1829 1112 1892 (unoque
1136 1828 1217 1880 modo
1242 1829 1369 1882 scribitur

183 1907 186 1914 ‘
276 1906 424 1969 ponamin,
443 1906 550 1955 Linnaei
564 1917 646 1967 porus
661 1903 759 1963 etaim,
778 1901 804 1952 id
842 1903 1290 1967 etiaminlnscriptt.)alanuvio,
1305 1907 1369 1958 Latii

280 1985 335 2042 est,
363 1981 479 2045 Sptepct-
496 1978 539 2030 vel
563 1977 723 2042 anamma.)
757 1976 806 2028 liii
842 1977 953 2042 oppido,
977 1977 1048 2028 haud
1071 1977 1150 2042 longe
1173 1981 1249 2030 avia
1273 1982 1366 2046 Appia.

281 2053 414 2121 explicant
440 2055 594 2118 Grimrpccttt
620 2054 671 2117 (cui
689 2051 805 2117 explica·
844 2077 871 2088 -
890 2052 1011 2116 Fataque]
1029 2054 1259 2118 «recenstfetumt
1273 2059 1367 2116 enixa,

278 2131 342 2181 tioni
355 2130 461 2180 lavetv.
477 2129 543 2192 ts),
564 2127 606 2178 alii
618 2127 707 2178 lftbttz.
727 2124 804 2191 Apud
841 2125 964 2189 adeoque
982 2125 1075 2177 catulis
1092 2125 1134 2177 lac
1145 2128 1281 2192 praebens
1300 2130 1368 2195 (wu-

279 2205 361 2256 Plaut.
374 2206 446 2256 Asin
464 2205 496 2260 ἰ,
515 2203 598 2264 ml.
618 2202 704 2253 fausta
716 2200 805 2251 omina
840 2199 924 2264 pontit
939 2212 990 2264 qua
1000 2201 1190 2264 significatione
1200 2203 1282 2254 etiam
1295 2206 1367 2269 virg.

280 2281 476 2330 memorantur:
494 2279 599 2328 ftmcet
613 2277 705 2327 coratn
721 2280 756 2326 ast
772 2274 804 2324 ab
841 2272 894 2323 Ecl.
923 2277 950 2334 t,
981 2275 1022 2325 to.
1052 2276 1117 2339 setin
1143 2277 1209 2327 dixit
1236 2279 1264 2328 et
1292 2279 1367 2330 Ouid.

279 2355 366 2414 ὶαουα,
385 2366 486 2413 comus,
501 2365 586 2414 pomo
606 2349 646 2412 (al.
664 2349 754 2415 porro)
772 2349 804 2399 nb
842 2347 909 2398 last.
928 2350 957 2408 5,
981 2349 1042 2400 tit:
1067 2350 1176 2400 latebras
1195 2351 1262 2414 [doc
1281 2359 1369 2404 cote

280 2429 393 2477 dentem
408 2426 483 2476 Conf.
494 2426 618 2476 Prudent.
630 2424 691 2475 adv.
700 2427 801 2487 symm.
840 2423 952 2484 totque
979 2423 1088 2474 baanae.
1129 2423 1197 2475 Alibi
1228 2437 1296 2477 sane
1327 2433 1370 2479 est

278 2503 309 2561 2,
323 2502 380 2550 570.
402 2527 429 2536 -
450 2501 593 2564 recinenda]
619 2499 741 2550 «assidue
762 2501 804 2548 at-
841 2511 1040 2563 upraegnansn,
1059 2501 1089 2548 ut
1104 2499 1177 2562 virg.
1195 2499 1251 2550 Ecl.
1270 2501 1301 2564 3,
1320 2503 1366 2553 82:

279 2588 332 2638 que
351 2575 443 2636 arguta
455 2587 522 2623 voce
535 2575 680 2624 canentis.»
702 2573 803 2623 «Canta
839 2573 1030 2622 Dulce-lento
1051 2573 1120 2623 saltn
1142 2575 1192 2638 foto
1213 2577 1312 2636 pecori.
1339 2605 1366 2614 -

278 2647 392 2698 adversa
423 2647 603 2710 significare»,
641 2650 670 2697 ut
698 2661 804 2698 nonne·
843 2647 942 2709 Votpem
967 2645 1042 2698 multi
1068 2647 1200 2712 explicant
1223 2650 1310 2702 attam
1332 2651 1367 2702 ab

277 2736 323 2774 mo
335 2721 431 2784 voluit,
449 2735 582 2786 persev.
600 2724 804 2792 reciaeresigni-
840 2735 904 2785 agro
922 2722 1057 2772 Lanuvino
1074 2721 1264 2774 decurrentem
1272 2739 1296 2785 ·;
1318 2725 1367 2776 sed

278 2798 359 2848 ficare
385 2811 437 2847 non
459 2799 555 2861 potest.
583 2825 610 2833 -
643 2798 802 2863 praeponas]
841 2809 903 2846 cum
920 2797 946 2846 in
964 2797 1019 2846 tam
1037 2797 1130 2862 rapido
1147 2811 1228 2849 cursu
1247 2799 1366 2850 discerni

278 2874 306 2922 ln
326 2871 520 2936 antiquioribus
540 2871 639 2932 Codd,
665 2875 693 2921 ut
709 2873 736 2921 in
753 2885 803 2922 no-
840 2873 883 2922 vix
900 2873 997 2935 possit,
1017 2885 1050 2921 an
1066 2873 1119 2935 [dn
1135 2874 1169 2923 sit
1186 2887 1287 2934 necne,
1307 2888 1366 2926 mu-

277 2949 333 2997 strc
354 2948 387 3007 Β,
423 2949 466 2997 est
490 2945 546 2996 lere
574 2959 711 3011 praegnas.
761 2949 803 2996 Sic
839 2945 885 2996 lim
903 2945 1031 3010 equidem
1047 2947 1231 3010 interpretari:
1252 2949 1290 2998 «si
1309 2946 1366 3000 rol·

278 3024 304 3073 in
333 3024 464 3074 Amiatino
490 3024 577 3074 Lucae
605 3024 635 3085 2,
662 3025 691 3074 a:
720 3035 804 3074 iecore
838 3033 902 3086 pern
920 3033 982 3070 cum
999 3019 1091 3070 catulis
1109 3024 1308 3086 conspexerit.-

273 3103 424 3162 praepmta,
871 3095 895 3144 li.
914 3093 1031 3158 Rumpat]
1045 3095 1250 3160 uiatori-ampot,
1267 3095 1368 3147 incidat

309 3172 333 3222 3.
352 3172 377 3223 l.
403 3171 489 3235 Rana]
507 3171 590 3236 Epod.
606 3171 649 3233 tt,
663 3171 708 3222 33:
726 3185 803 3222 ravos
839 3168 926 3232 impiis
943 3169 994 3218 iter
1010 3169 1171 3230 institutum,
1191 3169 1261 3220 molo
1274 3171 1307 3222 iis
1319 3173 1367 3222 rni-

277 3247 416 3296 --ιοοηω
453 3247 553 3297 «panas
578 3242 740 3318 (χαροπός)
766 3247 801 3298 ad
838 3243 937 3293 nitetur
965 3242 1045 3292 etiam
1070 3254 1184 3306 serpens
1206 3247 1366 3297 transverse

276 3319 368 3371 oculos
386 3322 442 3372 lero
460 3320 574 3371 refertur
591 3324 619 3371 et
635 3323 746 3372 mixtum
764 3321 801 3372 in·
838 3317 964 3382 exparte
982 3315 1123 3367 celerrime
1144 3317 1265 3370 allabens
1287 3334 1366 3372 man-

276 3395 353 3447 dicat
372 3394 492 3446 colorem
518 3407 550 3444 ex
574 3395 649 3458 nigro
666 3397 694 3444 et
719 3394 799 3445 fulvo.
839 3404 941 3454 nosque
953 3392 1189 3455 perterrefaciens,
1204 3393 1364 3458 seilicetite,

277 3469 378 3532 [Festus
397 3483 419 3520 s.
432 3483 458 3519 v.
481 3472 568 3520 Acron
584 3469 618 3519 ad
634 3470 661 3520 h.
680 3468 708 3532 l.)
727 3469 801 3520 Hanc
836 3468 867 3516 ut
890 3466 952 3516 huic
974 3467 1056 3516 omini
1078 3466 1185 3517 selcrati
1207 3481 1261 3520 uon
1279 3471 1365 3534 magis

274 3547 394 3608 speciem
405 3543 595 3596 versicolorem
604 3543 743 3594 oculorum
755 3545 800 3594 iris
837 3541 950 3608 pareant
966 3553 1048 3604 quam
1063 3541 1199 3605 prioribus
1214 3541 1265 3594 illis
1276 3557 1365 3609 aeque

275 3619 302 3668 in
326 3618 416 3669 multis
437 3618 595 3670 animalibus
617 3620 652 3669 ita
668 3617 798 3683 praebet,
836 3615 958 3665 infaustis
980 3615 1095 3679 ideoque
1118 3619 1267 3679 percauta
1295 3631 1365 3683 quae

275 3694 304 3742 ut
321 3705 353 3742 ex
378 3694 453 3754 nigro
479 3693 568 3744 colore
594 3694 668 3744 iridis
694 3691 799 3756 igniculi
837 3690 947 3754 quidem
969 3692 1101 3740 sententia
1124 3691 1267 3742 deducitur
1286 3706 1322 3743 ex
1337 3705 1363 3744 v.

275 3765 385 3830 quidam
411 3768 468 3816 auri
507 3767 591 3817 instar
623 3765 798 3830 refulgeant.»
837 3764 925 3823 ducct3
942 3766 1365 3828 praetereapartic.otneceseu-

276 3843 367 3890 Lucus.
388 3867 416 3876 —
440 3841 585 3905 merens]
613 3855 644 3890 ex
663 3841 728 3891 silva
750 3841 800 3891 ali·
837 3839 877 3889 rio
894 3851 943 3889 nos
956 3839 1061 3889 reducit
1076 3839 1111 3889 ad
1128 3840 1225 3902 topica.
1244 3841 1366 3908 Quapro-

275 3917 374 3979 quanto
404 3912 480 3964 altius
510 3916 559 3966 sita
587 3915 613 3964 in
646 3915 717 3964 viam
743 3916 800 3980 Ap-
836 3917 897 3979 pter
907 3912 997 3966 locum
1009 3927 1061 3964 non
1074 3913 1277 3977 bahetntmptt,
1291 3915 1364 3980 quod

274 3991 355 4055 piam.
402 3989 444 4039 Sic
473 3989 595 4040 Hermiae
624 3989 658 4040 ad
684 3989 796 4040 Phaedr.
836 4003 869 4041 ex
879 3989 944 4040 Cod.
956 3991 1114 4050 Graeciano,
1127 3989 1170 4039 cui
1179 3989 1285 4040 accedit
1294 4003 1364 4042 unus

275 4077 334 4129 pag.
354 4064 394 4116 st.
413 4065 467 4114 Ast.
488 4065 558 4114 inter
580 4065 669 4114 omina
685 4065 796 4116 infausta
836 4067 900 4115 item
915 4064 1063 4126 Vanderb.,
1081 4062 1206 4129 praetulit
1216 4065 1361 4119 Bentleinsz

275 4139 397 4189 meminit
412 4135 503 4203 γαλῆς
519 4134 696 4209 δροψούσης.
718 4141 798 4202 (luter
836 4153 904 4204 quae
928 4140 992 4190 satis
1020 4138 1112 4202 frigida
1138 4143 1212 4190 ossei
1240 4151 1362 4190 comm

274 4212 500 4273 infaustaomina‚
520 4225 589 4276 quae
602 4213 689 4263 Seiani
701 4227 797 4264 necem
836 4215 949 4264 moratio
970 4212 1037 4264 alius
1059 4214 1156 4264 ominis
1173 4213 1293 4274 infausti,
1320 4215 1361 4263 cni

274 4290 493 4352 praecesserunt,
513 4288 562 4338 Dio
573 4287 618 4348 58,
631 4289 655 4338 tt.
669 4289 721 4338 boc
733 4301 798 4352 quo·
836 4291 925 4340 utrum
943 4288 1002 4352 quis
1019 4288 1141 4352 paruerit
1155 4301 1241 4339 necne
1254 4301 1307 4339 non
1319 4288 1361 4338 dl-
