3080 4980
524 445 653 496 HOllll'l'll
671 444 779 496 HETRA
797 445 924 528 uteret.
1221 447 1276 498 xlx

191 623 257 690 quo
279 622 377 668 versu
398 601 549 668 Horatius
572 601 619 668 sie
639 599 755 676 utitur,
791 609 826 666 ut
854 601 1010 688 dipodiam
1037 601 1225 669 trochaicam
1247 603 1277 668 ei

191 705 388 790 praemittat:

462 839 537 877 -‡
549 811 638 878 ΙΙυυ

278 895 409 960 Tadeos
430 916 502 974 oro,
531 893 667 982 Sphariu
688 915 745 959 cur
760 915 910 1010 properes
937 895 1082 961 amando.
1127 898 1149 961 l
1180 900 1215 975 8,
1245 899 1275 966 2.

275 999 381 1077 Quem
402 1017 533 1064 versum
556 997 745 1084 sapphicum
766 997 916 1062 maiorem
929 1007 1058 1075 vocant,
1082 998 1172 1086 quod
1194 1021 1276 1067 exo.

191 1100 345 1187 Sapphico
365 1100 484 1164 uuume
505 1099 626 1166 inserto
647 1120 713 1164 uno
735 1099 923 1166 choriambo
945 1110 1035 1166 ortus
1050 1121 1125 1168 esse
1140 1101 1275 1169 videtur.

193 1202 253 1270 Clr.
277 1201 365 1267 inira.
409 1202 568 1288 Dipodiae
602 1200 784 1269 trochaicae
816 1201 942 1290 syllaba
974 1201 1085 1270 ultima
1116 1225 1277 1292 nusquam

191 1303 300 1370 brevis
322 1315 385 1384 est;
408 1304 559 1371 catalexis
581 1314 631 1370 est
652 1304 836 1390 lopooedieo.

276 1434 326 1499 ll.
349 1435 539 1502 Monoutcter
560 1435 781 1501 mouumttcus
802 1434 1065 1521 hypercatalectus
1084 1457 1155 1502 cum
1170 1437 1238 1504 husi
1251 1459 1277 1503 s,

189 1559 296 1604 uersis
315 1538 541 1604 Pherecrateus.
586 1537 677 1604 Basis
700 1557 830 1624 semper
844 1536 931 1624 apud
950 1538 1116 1604 Horatium
1131 1539 1277 1626 spondeo
1402 1549 1406 1556 '

188 1641 388 1707 continetur:

458 1749 527 1810 l
544 1775 609 1812 J.
683 1787 748 1812 υ-

361 1776 475 1910 Grdto,
497 1829 636 1916 Pyrrha,
657 1828 714 1895 suh
737 1838 837 1896 antro.
882 1832 906 1895 l
927 1831 961 1907 5,
986 1833 1015 1896 3.

275 1962 324 2028 15.
364 1962 474 2028 Versus
503 1959 684 2048 Glycoucus
728 1959 858 2026 Constat
886 1979 926 2026 ex
952 1959 1032 2037 husi,
1064 1980 1161 2047 quarn
1191 1961 1277 2047 apud

189 2065 356 2131 Horatium
378 2063 570 2151 plerumque
593 2061 758 2150 spondeus
780 2071 881 2140 tenet,
911 2071 944 2128 et
965 2062 1154 2139 choriambo,
1173 2057 1277 2150 'quem

190 2169 338 2256 sequitur
356 2165 554 2255 Pyrrhmius
566 2164 619 2232 vel
639 2164 769 2232 iambus
814 2165 922 2245 Quare
938 2164 1050 2231 similis
1066 2175 1116 2232 est
1137 2165 1188 2232 hic
1203 2186 1276 2231 vcr-

190 2291 246 2335 sus
267 2268 372 2336 ordini
394 2269 601 2357 logaoedico:

357 2376 614 2527 NilLttiolt-hlihub
635 2419 732 2523 ardui
748 2407 801 2522 eust.
845 2459 868 2522 Ι.
891 2459 925 2535 3,
951 2459 1001 2524 37.

273 2562 327 2628 Bis
356 2570 462 2627 tamen
491 2567 659 2647 poetarum
689 2559 886 2626 Graecorum
913 2581 1003 2626 more
1024 2559 1166 2626 trochaeo
1188 2559 1277 2626 basis

189 2665 377 2733 continetur.
423 2663 485 2730 Cir.
507 2664 530 2728 l.
555 2662 612 2740 15,
635 2662 676 2727 hl
700 2671 732 2728 et
754 2663 824 2739 35,
854 2661 909 2728 ubi
931 2661 1007 2728 vide
1029 2661 1276 2728 annotationem.

190 2766 296 2834 Semel
326 2767 356 2830 in
386 2765 450 2831 fine
480 2764 606 2854 syllaba
627 2764 736 2831 addita
758 2773 808 2830 est
836 2764 878 2830 ob
900 2763 1062 2842 vocalem,
1097 2785 1117 2830 a
1138 2785 1204 2850 qua
1225 2784 1278 2829 se-

189 2891 295 2956 quens
316 2889 432 2934 versus
454 2867 578 2955 incipit,
603 2866 761 2934 elidenda.
807 2867 855 2933 IV.
880 2865 913 2943 1,
937 2867 987 2930 35.

274 2999 324 3064 16.
349 2997 542 3066 Clroriambo
564 3017 629 3062 uno
650 2995 841 3082 locupletior
863 3007 912 3062 est
933 3017 1040 3061 uersus
1061 2996 1278 3082 Asclepiadeos

188 3104 304 3181 uuum,
331 3122 356 3166 s.
379 3101 516 3166 trimeter
537 3099 759 3165 chcuamhicus
780 3098 974 3164 catalecticus
996 3119 1067 3164 cum
1089 3098 1171 3164 bosi:

347 3209 906 3274 ΔιΙιυυιΛιυυ-υυ

357 3294 521 3358 Maecenas
543 3291 643 3356 atacis
664 3290 742 3354 edite
762 3289 894 3376 repihus.
939 3290 962 3353 Ι.
986 3288 1020 3366 1,
1045 3287 1073 3354 1.

273 3394 476 3478 Diaeresis*)
499 3393 550 3460 bis
573 3391 757 3480 negligitur,
781 3393 819 3456 ll.
844 3391 901 3469 13,
925 3391 977 3458 25.
1010 3392 1057 3456 [ΙΙ.
1081 3393 1117 3468 8,
1142 3389 1192 3455 tt.

358 3498 440 3562 Dum
460 3495 633 3582 {lapsurttia
653 3495 811 3581 detorquet
833 3494 876 3560 acl
897 3491 1012 3560 oscula.

357 3599 429 3666 Noc
456 3599 596 3664 incendia
622 3597 823 3683 Karthapiois
852 3597 980 3682 impiae,
1016 3616 1081 3682 quo
1111 3593 1152 3660 de
1179 3615 1277 3660 uersu

190 3702 264 3770 vide
287 3703 525 3770 annotationem
546 3701 587 3768 ad
609 3701 628 3766 l.
652 3700 672 3765 l.

193 3957 561 3966 ...—-——-.-..-.-·—-.--

255 4143 278 4204 *l
296 4141 439 4199 ouer-eun,
468 4153 549 4202 quam
571 4139 698 4200 dicimus,
727 4137 772 4188 ubi
795 4139 853 4190 finis
874 4135 948 4188 verbi
972 4137 996 4188 in
1017 4137 1098 4188 linem
1115 4137 1204 4202 pedis,
1233 4138 1277 4200 qui

191 4217 300 4278 dieitur,
327 4214 368 4265 vel
392 4215 451 4265 finis
475 4214 574 4264 ordinis
596 4213 706 4263 alicuius
729 4211 874 4264 verborum
895 4213 920 4262 in
942 4212 1023 4261 tinem
1047 4211 1146 4262 ordinis
1169 4210 1278 4261 alicuius

192 4292 294 4342 metrici
311 4289 415 4351 incidit,
435 4291 469 4338 ita
487 4291 651 4338 notavimus:
672 4288 694 4352 1,)
713 4292 740 4338 et
758 4282 795 4348 (l).
