3014 4978
669 429 796 490 tionniii
816 429 983 490 (innutriunt

661 937 997 1004 ΟΜΝ.

412 1145 549 1226 Qualem
571 1147 750 1212 ministrum
771 1145 910 1210 fulminis
933 1143 1061 1218 alitem,

414 1269 472 1335 Cui
497 1288 552 1334 rex
575 1267 711 1332 deorum
733 1287 868 1354 regnum
891 1266 922 1330 in
945 1287 1022 1332 eves
1050 1285 1149 1354 vagas

353 1448 394 1497 iv.
414 1449 496 1497 inser.
515 1445 583 1508 volg.
603 1446 681 1496 unct
698 1446 783 1496 loums
799 1445 841 1496 vel
858 1447 896 1496 Ad
912 1445 998 1496 mern
1014 1448 1128 1495 flmnmn.
1149 1473 1176 1480 -
1195 1445 1233 1494 Ad
1256 1443 1339 1492 ortuo

319 1523 459 1572 Romanam
475 1521 505 1571 de
520 1521 603 1570 indole
618 1521 709 1572 diuum
726 1521 770 1570 Bo.
786 1549 813 1558 -
831 1519 870 1570 Ao
886 1522 999 1570 Dromos
1013 1519 1160 1583 pricipium
1176 1517 1282 1582 inpasti
1298 1518 1340 1580 oui

317 1601 417 1658 patrem
428 1597 553 1646 Neronem
563 1595 649 1645 habuit
661 1597 685 1644 S.
701 1622 729 1632 -
749 1596 776 1645 In
789 1595 868 1645 Demi
878 1595 986 1644 Neronis
995 1595 1112 1643 uirtutem
1121 1592 1149 1642 b.
1165 1620 1193 1629 -
1206 1594 1232 1643 2.
1245 1594 1300 1642 uois
1311 1594 1338 1642 B.

321 1754 362 1803 iV.
382 1754 457 1804 Drusi
476 1766 519 1803 res
531 1755 620 1814 gestas
634 1753 746 1814 egregiis
758 1751 813 1802 lau·
850 1749 924 1801 sibus
933 1751 994 1800 ante
1007 1762 1130 1800 mensem
1142 1748 1270 1800 Sextilem
1282 1764 1306 1800 a.
1317 1749 1369 1800 itt.

288 1828 366 1878 dibus
384 1826 514 1887 celebrat,
535 1827 569 1875 ita
587 1828 616 1875 ut
633 1827 691 1876 eius
702 1827 812 1875 virtutes
850 1826 1028 1888 compositum
1036 1824 1141 1874 videtur
1152 1825 1263 1875 Frankio
1277 1825 1302 1874 F.
1314 1825 1370 1874 tior.

288 1903 450 1961 educationi,
474 1913 526 1964 qus
546 1913 609 1950 eum
627 1900 753 1950 formarat
772 1900 813 1948 vi·
849 1913 876 1964 p.
894 1901 962 1960 eto,
983 1899 1028 1962 qui
1045 1898 1079 1948 de
1096 1898 1179 1949 rebus
1191 1900 1289 1962 gestis,
1308 1911 1371 1962 quus

288 1977 370 2026 tricus
390 1976 537 2037 Augustus,
566 1974 697 2037 imprimis
719 1971 812 2023 deberi
851 1973 980 2037 signifieat
996 1975 1088 2036 poeta,
1107 1973 1216 2023 omnino
1234 1971 1374 2022 considen-

288 2049 427 2112 signiiicet.
458 2048 582 2098 Claudius
605 2049 706 2098 Drusus
727 2049 811 2108 Nero,
851 2048 901 2098 dus
924 2049 980 2107 est,
1007 2060 1057 2096 neo
1084 2050 1173 2096 tamen
1196 2046 1240 2095 liic
1264 2045 1374 2096 exscribi

290 2124 377 2173 minor
394 2123 476 2173 irater
490 2121 600 2181 Tiberii,
620 2124 733 2171 nutusa.
748 2135 773 2170 u.
788 2135 811 2170 c.
850 2122 948 2186 potuit;
970 2122 1095 2184 quocirca
1115 2123 1142 2170 in
1162 2121 1213 2170 hae
1234 2120 1284 2170 Ed.
1302 2119 1375 2170 tertia

289 2199 357 2258 ua,
383 2197 471 2247 XXlil.
500 2209 630 2246 annorum
656 2195 813 2246 adolescens
852 2208 904 2245 non
915 2194 1008 2245 sustuli
1020 2195 1074 2244 lani
1085 2195 1167 2245 verba
1181 2196 1335 2245 quxcursu
1347 2196 1374 2249 i..

289 2286 314 2322 e.
332 2287 359 2322 u.
379 2287 403 2322 c.
423 2273 480 2322 739.
498 2285 551 2322 uus
573 2284 634 2322 cum
657 2269 699 2321 illo
717 2273 813 2320 Raetos
852 2281 934 2333 quem
956 2267 997 2318 ille
1019 2271 1167 2334 inspexisse
1190 2283 1244 2319 non
1263 2269 1374 2319 videtur.

289 2345 494 2409 Vindelicosque
529 2344 684 2403 debellavit,
720 2347 813 2409 postea
885 2347 909 2393 t.
929 2344 1041 2405 Quoton]
1060 2344 1174 2394 Protesis
1191 2343 1317 2408 procedit
1334 2355 1377 2394 us-

290 2418 383 2469 consul
399 2432 425 2467 a.
444 2433 470 2468 u.
489 2433 512 2468 e.
526 2419 582 2470 tie.
602 2419 628 2468 in
646 2419 814 2483 expeditione
853 2431 905 2482 que
924 2418 958 2468 ud
975 2431 1000 2468 v.
1020 2419 1064 2468 iu:
1094 2417 1221 2478 «Qualem
1246 2415 1377 2469 novellam

291 2493 447 2543 Germanica
465 2495 579 2544 mortem
600 2493 672 2543 obiit.
704 2495 741 2543 Ex
760 2495 815 2542 An·
853 2491 1284 2556 aquilam--qualemveleouem
1298 2491 1377 2544 talem

290 2567 374 2626 tonia,
402 2566 532 2615 triumviri
550 2565 615 2626 filia,
642 2569 733 2629 genuit
749 2570 815 2616 Ger·
853 2566 944 2616 videre
956 2564 1085 2617 Vindelici
1095 2568 1213 2616 Drusum
1224 2565 1379 2618 adolescen-

291 2641 426 2690 monicum
438 2641 596 2699 Caesarem,
617 2639 756 2691 Claudium
768 2642 817 2690 im·
853 2644 935 2692 tem.»
951 2670 977 2677 -
991 2643 1134 2691 minonem
1148 2642 1270 2704 fulminis]
1287 2641 1378 2706 Aquila

291 2716 455 2778 peratorem‚
483 2713 610 2764 tivillam.
637 2715 718 2765 Tacit.
747 2719 813 2765 nun.
854 2716 922 2766 iovis
941 2714 1048 2766 fulmina
1066 2716 1180 2766 custodit
1197 2719 1281 2780 atque
1299 2719 1325 2767 ei
1342 2717 1378 2766 ie-

293 2791 320 2850 t,
340 2788 386 2838 33:
404 2789 483 2838 linui
499 2803 595 2852 mopno
612 2791 681 2852 opud
693 2790 816 2852 popedom
854 2789 948 2840 ciendo
969 2791 1086 2854 porrigit.
1123 2791 1189 2840 iiiuc
1209 2791 1378 2841 Cicerouiin

291 2867 431 2916 liomooum
446 2865 581 2922 menotio,
605 2865 814 2926 credebaturque,
854 2865 928 2916 ilarii
945 2863 1048 2927 Fregm.
1067 2877 1093 2928 p.
1111 2865 1172 2914 tui:
1198 2865 1264 2915 iouia
1281 2866 1380 2916 dmoni

291 2941 313 2988 si
337 2953 426 2989 rerum
447 2939 542 3001 potitus
571 2939 636 3002 soret
669 2941 815 3003 (Augustus
853 2940 1004 3001 --piouoto
1014 2939 1118 2988 satelles.
1142 2938 1217 2988 idem
1229 2942 1303 2990 Aret.
1317 2939 1377 2990 iil:

292 3015 364 3064 enim
387 3027 438 3064 una
461 3026 524 3063 cum
540 3012 639 3077 populo
657 3026 719 3063 eum
737 3013 817 3063 Tibe-
853 3015 942 3064 memmi
959 3013 1205 3082 looisotesuuntiau.
1224 3014 1297 3077 virg.
1310 3015 1376 3064 Aen.

292 3089 331 3137 rio
360 3084 437 3150 longe
461 3086 648 3149 antelerebatl‚
679 3087 817 3137 libertatem
854 3090 884 3149 e,
902 3089 963 3137 255:
990 3087 1055 3136 louis
1070 3087 1191 3150 omniper.
1219 3085 1285 3138 Plin.
1305 3089 1336 3138 il.
1350 3090 1378 3138 it.

292 3163 443 3212 redditum.
476 3159 608 3212 Consului.
623 3160 657 3210 ad
670 3162 770 3212 Livium
782 3161 816 3210 de
856 3163 895 3222 io,
909 3161 933 3223 3,
948 3161 974 3212 l:
993 3161 1092 3224 Nepam
1103 3161 1381 3222 wiquornsolmnltuuc

293 3239 379 3286 morte
396 3236 473 3287 Drusi
492 3235 537 3285 43:
566 3236 660 3285 Occidit
676 3236 817 3298 eoenptum
855 3236 939 3287 otton
950 3237 1123 3286 unanimum
1138 3235 1256 3298 nonne
1275 3237 1382 3286 idonee

292 3311 388 3360 iuuenis
402 3309 543 3360 adamabile
558 3323 670 3368 aeorum·
688 3311 819 3360 Monimou
855 3313 985 3374 migeram
1002 3311 1070 3360 iovis
1084 3311 1233 3360 coauctam
1249 3311 1380 3362 iudicavit.

293 3385 333 3435 itte
350 3385 441 3446 annu,
458 3385 587 3434 mommio
603 3384 643 3434 ue
660 3389 726 3448 topo.
750 3387 818 3434 Sue·
856 3384 979 3450 sicapud
992 3383 1055 3434 Plai.
1066 3383 1165 3434 Phaed.
1176 3383 1293 3447 p.85.it.
1305 3387 1381 3448 cycni

293 3459 380 3508 tonius
402 3460 427 3508 in
451 3459 548 3509 lioratii
569 3459 635 3507 vitu:
668 3459 816 3522 (augustus)
855 3462 917 3511 suni
941 3457 1068 3522 Apollinis
1093 3453 1277 3528 θεράποντες.
1314 3457 1381 3510 Alibi

293 3533 388 3594 scripto
405 3533 504 3595 quidem
520 3533 572 3583 elau
588 3547 666 3595 usque
682 3535 745 3584 odeo
758 3547 820 3596 pro·
855 3532 916 3584 talia
942 3531 1065 3582 animalia
1092 3531 1204 3582 deorum
1225 3533 1319 3596 fmnuti
1335 3547 1382 3583 vu-

294 3605 361 3654 bouit
377 3619 548 3668 monstroque
563 3613 684 3670 perpetuo
702 3608 819 3669 opinatus
856 3611 958 3658 cuntur.
978 3607 1031 3656 Cir.
1045 3607 1146 3656 Grinim
1163 3607 1284 3656 delatori
1306 3607 1382 3658 Μι

294 3684 342 3738 est,
370 3684 399 3728 ut
418 3695 468 3730 noo
488 3683 562 3730 niodo
582 3683 695 3732 secuturo
716 3694 819 3731 cutmen
856 3695 883 3746 p.
896 3681 983 3731 iitiv.
1002 3683 1099 3731 Contra
1117 3680 1205 3740 lohd,
1224 3681 1249 3730 7.
1271 3681 1383 3744 Ῑιιίωῡιϋ

294 3755 489 3814 euopoouedum
500 3756 654 3816 intumuit,
672 3757 715 3806 sod
726 3761 749 3806 et
763 3757 820 3806 Vin·
854 3755 922 3820 titios
938 3753 1052 3818 appellat
1070 3753 1180 3819 aquilae.

294 3827 400 3877 deticom
422 3829 556 3878 oictorim
583 3831 670 3880 itteris
692 3831 819 3892 omnique
889 3831 914 3880 i.
943 3830 1062 3893 repnum]
1089 3831 1131 3880 Sic
1157 3829 1271 3880 Pindaro
1296 3827 1382 3894 aquila

291 3903 481 3966 poemenen,
504 3915 608 3964 eoeneum
628 3905 737 3967 coeperit
757 3918 819 3966 pro-
858 3907 899 3956 est
921 3897 1014 3973 ἀρχὸς
1037 3899 1147 3953 οἰωνῶν
1171 3905 1261 3966 (Pylii.
1282 3907 1313 3963 t,
1339 3905 1381 3966 il,

291 3983 350 4040 pier
369 3976 415 4026 hoc
435 3975 514 4026 tribio
534 3977 676 4026 connisum
696 3977 766 4027 libris
786 3991 819 4028 ae
858 3975 969 4028 οἰωνῶν
985 3973 1131 4040 βασιλεύς.
1157 3977 1202 4040 (Ol.
1223 3978 1264 4038 13,
1282 3979 1325 4028 et.
1344 3977 1380 4036 iti

295 4053 368 4115 leupo
400 4051 532 4101 intentatio
565 4056 685 4114 quartum
718 4053 817 4102 addere.
860 4081 887 4088 -
906 4054 1065 4116 ouesuupos]
1084 4046 1321 4121 «depopotxooga
1342 4053 1381 4101 Sic

296 4126 384 4176 «ilaec
405 4126 447 4175 est
469 4123 578 4188 Ecloga,
605 4128 715 4190 propter
737 4139 818 4190 quam
858 4126 905 4177 Od.
925 4126 953 4188 3,
972 4127 1017 4187 ai,
1037 4127 1082 4176 tu:
1108 4128 1293 4190 uopocomio.
1311 4127 1379 4188 γη.

296 4200 366 4250 totus
388 4200 431 4249 hic
455 4197 524 4249 liber
545 4199 633 4250 editus
656 4201 723 4250 est.»
753 4203 820 4251 Pon·
858 4202 910 4252 Cir.
931 4201 992 4251 tsi:
1010 4202 1247 4266 oopus-uoluens.

296 4285 409 4324 numios.
433 4273 548 4324 Carmen
564 4272 616 4322 hoo
631 4271 820 4337 aliquotmen-
891 4275 915 4326 t.
943 4277 969 4326 iu
987 4247 1137 4336 Goumnede]
1161 4275 1197 4326 Ex
1219 4275 1318 4326 Horatii
1336 4275 1382 4337 igt-
