3002 4974
555 361 613 408 ΗΒ.
634 361 663 409 ll.
699 363 729 410 C.
748 363 800 412 XX.

494 833 729 894 cum!
760 836 854 896 xx.

385 1013 454 1077 Non
477 1011 593 1077 usitata
615 1034 677 1078 nec
699 1015 785 1080 tenui
808 1015 893 1081 lerar

191 1210 245 1260 llll.
264 1211 349 1261 lusor.
368 1208 437 1272 volg.
456 1210 494 1260 ld
510 1211 693 1272 Maecenatem,
721 1215 748 1261 et
764 1213 802 1262 sic
825 1212 890 1264 libs¹
921 1241 947 1250 -
974 1217 1012 1265 ld
1032 1217 1184 1267 lleemotem

161 1285 296 1348 adoperire
306 1284 438 1336 letroeoios
449 1285 477 1334 Τ.
494 1311 520 1321 -
539 1285 572 1335 Se
582 1286 748 1336 immortalem
763 1287 878 1350 [cimmo
889 1294 911 1338 et
928 1291 954 1340 io
966 1291 1066 1353 cipetum
1078 1305 1183 1342 coneor-

160 1361 260 1410 tmdom
278 1373 302 1410 c.
322 1387 350 1396 —-
369 1361 393 1408 l.
413 1373 463 1410 noo
480 1361 547 1411 tenui
564 1360 590 1422 d,
605 1377 662 1424 κμ,
681 1362 747 1410 Poll.
762 1360 829 1422 duo,
848 1361 908 1412 Fes.
929 1365 967 1426 llll
979 1377 1037 1424 nos,
1055 1365 1169 1428 BhSTc.)

159 1537 210 1586 xx.
232 1538 262 1586 In
280 1549 399 1600 cycnum
416 1550 446 1588 se
464 1539 595 1587 mutatum
612 1539 654 1586 at-
669 1539 673 1648 Ι
690 1538 753 1588 salis
771 1540 903 1588 convenit.
924 1541 1047 1591 Attamen
1062 1542 1214 1593 ineundam

129 1623 178 1673 que
194 1625 210 1661 a
226 1613 308 1663 terris
326 1625 389 1662 mou
406 1611 588 1663 discessurum
605 1611 654 1661 lin-
689 1611 744 1661 lere
763 1625 825 1662 oum
844 1613 994 1665 Eichstadio
1012 1617 1165 1680 opinionem
1178 1619 1216 1667 in-

130 1698 203 1748 gens,
230 1699 333 1738 nomen
354 1689 450 1750 po'etae
471 1685 505 1736 ab
529 1684 652 1736 omnibus
689 1684 768 1736 olinat
780 1688 962 1740 Schneidewin
980 1691 1005 1740 in
1019 1692 1135 1742 Coniect.
1155 1693 1212 1742 crit.

129 1760 246 1812 honorati
276 1760 513 1824 immortalemque
542 1759 652 1824 gloriam
689 1761 761 1812 ⁴839.
780 1761 804 1812 8.
824 1777 850 1826 p.
871 1765 913 1824 ll,
937 1767 965 1814 ei
982 1766 1007 1814 in
1025 1763 1108 1814 altero
1126 1763 1214 1814 libello

130 1838 178 1888 sibi
200 1836 353 1902 pollicetur.
394 1838 520 1901 Egregius
544 1839 651 1888 nostrae
688 1837 807 1887 Conieol.
827 1840 884 1888 orit.
907 1853 934 1903 p.
959 1839 999 1888 32.
1022 1839 1167 1903 deceptus,
1186 1841 1215 1888 ul

130 1913 217 1964 aetatis
233 1911 386 1977 philologus
409 1912 591 1977 (Eicbstadiusl
616 1913 651 1962 ita
687 1911 751 1960 mibi
770 1912 879 1975 quidem
891 1913 1010 1975 videtur,
1029 1913 1063 1964 ab
1076 1913 1212 1974 Alcmene,

130 1988 160 2037 de
176 1988 227 2038 hoc
245 1989 367 2039 carmine
385 1987 521 2038 iudicavit:
551 1989 651 2038 dlora-
687 1987 762 2036 ouius
780 1999 889 2038 carmen
907 1987 949 2038 vel
967 1989 1019 2040 boc
1039 1990 1147 2039 nomine
1171 1987 1213 2038 di-

129 2062 190 2112 tium
214 2075 269 2113 uon
295 2063 368 2114 serio
393 2075 452 2113 rem
474 2063 575 2126 egisse,
602 2061 651 2112 sed
687 2059 774 2110 stabat
794 2061 828 2112 ab
847 2063 1002 2124 Horatiano,
1032 2064 1105 2128 quod
1126 2064 1152 2113 in
1170 2063 1212 2114 illo

128 2135 225 2188 urbana
252 2138 373 2202 quadam
404 2137 439 2188 ad
467 2139 651 2188 Maecenatem
687 2135 881 2188 enarrabantur
901 2137 992 2202 populi
1013 2140 1161 2201 portentosi
1185 2141 1212 2189 el

129 2211 347 2264 iocationeusum
363 2215 502 2275 putamus,
522 2226 575 2276 qua
588 2216 652 2276 poe-
687 2208 840 2272 longissime
862 2225 877 2260 a
900 2214 1009 2262 Graecia
1032 2213 1141 2272 remoti,
1168 2214 1212 2263 Ri-

130 2285 179 2334 tam
195 2299 224 2336 se
242 2287 355 2350 quidem
372 2289 400 2336 et
409 2289 520 2350 propter
531 2285 651 2336 lauream
686 2285 774 2350 pbaei,
787 2285 929 2338 Issedones
941 2289 1004 2348 cet.;
1020 2289 1045 2338 in
1058 2288 1109 2337 boo
1120 2291 1211 2338 autem

129 2360 256 2422 poeomm
282 2360 356 2412 baud
382 2360 519 2424 indignum
545 2361 651 2412 blaece·
687 2361 758 2410 omni
792 2362 936 2432 εἰρωνείας
963 2363 1108 2428 suspicioni
1137 2377 1212 2428 pror-

131 2435 191 2485 natis
207 2437 324 2487 amicitia
338 2436 523 2501 profiteretur,
541 2434 589 2486 sed
601 2449 651 2500 per
686 2449 734 2486 sus
751 2440 899 2500 repugnant
915 2437 1010 2488 verba:
1036 2444 1058 2488 et
1079 2439 1123 2500 qui
1139 2439 1212 2488 diesi-

130 2508 209 2570 ipsam
225 2525 351 2562 summae
369 2512 552 2562 ostentationis
570 2512 652 2562 simu·
685 2511 766 2560 molat
781 2517 874 2562 metum
885 2515 988 2563 Marsae
998 2514 1106 2562 cohortis
1116 2515 1209 2565 Docta.

131 2580 257 2649 lationem,
270 2589 403 2652 quanmm
412 2587 595 2638 ostentationis
606 2599 652 2635 ve·
685 2587 794 2637 Amicus
823 2586 931 2650 quidam
964 2601 1041 2640 meus
1069 2587 1211 2653 aliquando

131 2657 191 2708 nitas
211 2659 292 2712 distet
313 2661 348 2712 ab
372 2661 458 2712 lestivi
475 2661 591 2710 hominis
607 2660 650 2709 bi·
686 2661 753 2712 bueo
765 2663 828 2711 mibi
841 2663 959 2727 scripsit:
980 2665 1052 2713 «Non
1064 2665 1211 2715 sinecausa

131 2728 225 2784 latitate
247 2736 424 2788 declararet.»
449 2763 477 2772 -
499 2734 566 2786 Illud
588 2735 649 2784 anie
686 2734 803 2786 nonnulli
821 2738 875 2786 toto
893 2738 919 2786 iu
934 2739 1053 2788 carmine
1066 2739 1212 2801 repreben-

132 2809 211 2857 omnia
225 2811 335 2862 Horatio
345 2811 512 2875 propositum
526 2811 591 2872 erat,
611 2811 647 2869 ut,
686 2809 757 2860 disse
781 2811 845 2860 mihi
868 2812 993 2862 videntur
1014 2813 1105 2862 nescio
1128 2826 1209 2875 quem

131 2879 220 2934 multos
237 2899 301 2938 cum
319 2885 433 2936 haberet
450 2885 554 2948 iniquos
568 2887 649 2948 atque
686 2884 893 2956 napivdopoov.
913 2888 1054 2936 Praeterea
1071 2885 1142 2935 haud
1154 2888 1210 2938 scio

131 2953 326 3022 obtrectatores,
339 2961 437 3024 partim
449 2959 647 3023 malospoetas,
685 2973 719 3010 an
743 2973 796 3009 non
816 2959 901 3023 putidi
924 2958 1023 3024 aliquid
1045 2960 1145 3010 habeat
1165 2975 1208 3011 vv.

132 3032 219 3089 partlm
250 3037 439 3098 grammaticos
472 3035 647 3097 antiquarios,
685 3033 774 3084 9-le.
792 3035 871 3084 nimis
888 3037 1012 3084 securata
1033 3033 1076 3085 illa
1094 3034 1211 3098 singule-

131 3101 161 3150 tb
186 3109 335 3170 aequalium
362 3103 468 3174 optimis
496 3107 648 3172 quibusque
684 3121 759 3172 rum,
787 3123 854 3173 quas
879 3108 1006 3172 subierit,
1033 3111 1209 3160 mutationum

133 3178 156 3225 et
170 3184 313 3236 sanissimis
331 3184 440 3235 tandem
457 3187 650 3248 agnosceretur
684 3184 762 3248 quasi
779 3185 969 3234 enumeratio.»
1004 3183 1138 3247 Respondi
1156 3197 1209 3234 non

133 3251 248 3308 Rmtoooe
270 3261 361 3326 fidiam
384 3260 470 3321 ipram
498 3261 570 3323 quod
588 3261 649 3324 qui-
684 3260 768 3322 megis
786 3273 847 3310 eam
864 3257 1029 3322 displicuisse
1046 3257 1131 3307 videri
1154 3259 1209 3308 llo-
1284 3294 1287 3300 .

133 3325 188 3378 dem
203 3336 371 3398 propositum
383 3347 444 3384 oum
456 3337 569 3395 teneret,
587 3333 648 3384 libri
683 3335 742 3384 retii
759 3333 915 3397 aequalibus
937 3347 1018 3397 quam
1039 3331 1139 3384 similes
1155 3347 1208 3397 pe-

133 3405 233 3456 soouudi
250 3409 343 3460 ultimo
360 3410 492 3471 carmine,
510 3411 537 3460 in
555 3409 648 3462 illustri
683 3405 886 3480 ταμορφώσεις
904 3408 1056 3469 Ouidianas,
1079 3409 1108 3457 et
1124 3421 1209 3471 quae-

133 3470 184 3526 1000
205 3484 290 3544 posito
315 3486 343 3534 el
365 3484 408 3533 cui
425 3483 509 3534 lector
526 3483 648 3548 aliquan-
683 3485 762 3535 sltem
778 3483 813 3534 ab
831 3487 945 3547 utroque
956 3485 1036 3549 poeta
1048 3478 1206 3552 ἐνάργειαν,

134 3548 207 3613 lister
233 3556 327 3608 saltem
361 3560 496 3608 immorari
519 3558 645 3620 debebat,
684 3572 753 3622 quae
772 3558 848 3610 uobis
866 3559 978 3609 sortasse
996 3559 1074 3608 nimis
1093 3567 1207 3622 operosa

134 3625 266 3704 ¹ibisquam
283 3633 317 3683 ad
337 3632 552 3684 tertiumlibrum
564 3636 649 3684 trans-
684 3635 813 3684 videatur.
855 3632 907 3684 Sed
932 3631 1016 3683 libere
1035 3633 1120 3683 lateor
1136 3636 1207 3684 stro-

134 3701 190 3759 uel,
214 3716 289 3758 suam
313 3709 389 3771 qussi
412 3702 579 3759 ἀποθέωσιν
600 3723 647 3759 ce·
683 3709 755 3772 phen
768 3709 873 3759 tertiam
886 3708 950 3758 mihi
967 3721 1074 3771 quoque
1088 3720 1141 3758 non
1153 3719 1208 3757 ms·

135 3766 228 3828 lebrere
246 3784 324 3847 atque
342 3782 419 3844 illud,
449 3787 479 3834 ut
495 3785 573 3848 primi
587 3782 647 3834 libri
684 3797 801 3848 gnopere
818 3782 939 3848 placere,
963 3785 991 3832 et
1007 3782 1055 3832 alta
1074 3784 1115 3832 est
1132 3783 1206 3845 opica

133 3847 239 3926 trimum
250 3869 359 3909 carmen
370 3871 477 3909 summo
489 3873 538 3910 suo
553 3859 647 3909 leuiori
684 3858 775 3909 talium
792 3859 907 3923 picture,
935 3859 965 3906 ul
985 3856 1057 3921 apud
1075 3856 1206 3916 Ovidium,

135 3926 268 4001 inscribere
285 3935 419 3994 decrevit;
443 3936 561 3986 carmine
581 3949 646 3984 vero
683 3933 733 3984 alia
750 3932 870 3984 debebat
886 3945 947 3984 esse
962 3931 1046 3995 lyrici.
1066 3933 1121 3981 Nee
1132 3929 1208 3980 facile

135 4005 216 4050 iocoso
233 4004 360 4074 (tartareo)
377 4009 450 4060 bunc
470 4008 568 4060 librum
584 4024 648 4061 con·
684 4009 743 4071 quie
769 4009 849 4072 neget
874 4009 960 4058 totum
985 4019 1095 4057 carmen
1120 4005 1208 4069 potius

136 4065 233 4148 eludere
250 4088 426 4149 nonpoterat,
445 4085 528 4136 nisisi
540 4085 647 4149 ineptus
683 4085 740 4132 arte
758 4083 856 4134 lactum
874 4095 934 4134 esse
953 4095 1034 4145 quam
1052 4093 1067 4130 a
1084 4093 1149 4130 vero
1161 4078 1207 4130 ἐν-
1238 4139 1241 4146 .

137 4153 186 4194 rure
205 4153 284 4207 videri
304 4158 444 4214 voluissem
473 4172 560 4222 neque
582 4173 646 4210 vero
683 4155 856 4224 θουσιασμῷ
875 4158 978 4222 poetico
1002 4155 1108 4206 lloratio
1125 4155 1208 4216 inspi-

137 4221 241 4279 metrum
268 4233 402 4285 alcaicum
428 4234 560 4286 eiusmodi
588 4235 646 4284 ioco
684 4237 785 4292 retum,
804 4233 853 4285 sed
871 4234 1011 4298 propterea
1030 4243 1110 4281 nemo
1128 4241 1208 4280 sanus
