<?xml version="1.0" encoding="UTF-8"?>
<!DOCTYPE html PUBLIC "-//W3C//DTD XHTML 1.0 Transitional//EN"
    "http://www.w3.org/TR/xhtml1/DTD/xhtml1-transitional.dtd">
<html xmlns="http://www.w3.org/1999/xhtml" xml:lang="en" lang="en">
 <head>
  <title>
</title>
<meta http-equiv="Content-Type" content="text/html;charset=utf-8" />
  <meta name='ocr-system' content='tesseract 3.04.00' />
  <meta name='ocr-capabilities' content='ocr_page ocr_carea ocr_par ocr_line ocrx_word'/>
</head>
<body>
  <div class='ocr_page' id='page_1' title='image "./qhoratiusflaccu02baitgoog/qhoratiusflaccu02baitgoog_0030.png"; bbox 0 0 3080 4980; ppageno 0'>
   <div class='ocr_carea' id='block_1_1' title="bbox 503 441 1283 498">
    <p class='ocr_par' dir='ltr' id='par_1_1' title="bbox 503 441 1283 498">
     <span class='ocr_line' id='line_1_1' title="bbox 503 441 1283 498; baseline 0.003 -4"><span class='ocrx_word' id='word_1_1' title='bbox 503 441 633 494; x_wconf 80' lang='lat' dir='ltr'><em>llOllA&#39;l&#39;ll</em></span> <span class='ocrx_word' id='word_1_2' title='bbox 652 443 762 496; x_wconf 72' lang='lat' dir='ltr'><em>Mutus</em></span> <span class='ocrx_word' id='word_1_3' title='bbox 782 444 908 496; x_wconf 76' lang='lat' dir='ltr'><em>LYlilCA.</em></span> <span class='ocrx_word' id='word_1_4' title='bbox 1203 447 1283 498; x_wconf 81' lang='lat' dir='ltr'><em>XXlll</em></span> 
     </span>
    </p>
   </div>
   <div class='ocr_carea' id='block_1_2' title="bbox 189 600 1284 1203">
    <p class='ocr_par' dir='ltr' id='par_1_2' title="bbox 189 600 1284 1203">
     <span class='ocr_line' id='line_1_2' title="bbox 276 600 1284 690; baseline 0.002 -24"><span class='ocrx_word' id='word_1_5' title='bbox 276 600 485 688; x_wconf 72' lang='lat' dir='ltr'><em>stropharum</em></span> <span class='ocrx_word' id='word_1_6' title='bbox 506 619 627 687; x_wconf 82' lang='lat' dir='ltr'><em>genera</em></span> <span class='ocrx_word' id='word_1_7' title='bbox 649 610 724 667; x_wconf 91' lang='lat' dir='ltr'><em>sunt</em></span> <span class='ocrx_word' id='word_1_8' title='bbox 738 609 905 688; x_wconf 87' lang='lat' dir='ltr'><em>quattuor:</em></span> <span class='ocrx_word' id='word_1_9' title='bbox 925 603 1064 690; x_wconf 75' lang='lat' dir='ltr'><em>primum</em></span> <span class='ocrx_word' id='word_1_10' title='bbox 1079 612 1112 669; x_wconf 86' lang='lat' dir='ltr'><em>et</em></span> <span class='ocrx_word' id='word_1_11' title='bbox 1125 603 1284 690; x_wconf 90' lang='lat' dir='ltr'><em>antiquis-</em></span> 
     </span>
     <span class='ocr_line' id='line_1_3' title="bbox 191 703 1282 791; baseline 0 -21"><span class='ocrx_word' id='word_1_12' title='bbox 191 705 309 770; x_wconf 89' lang='lat' dir='ltr'><em>simum</em></span> <span class='ocrx_word' id='word_1_13' title='bbox 335 723 432 791; x_wconf 71' lang='lat' dir='ltr'><em>pausos</em></span> <span class='ocrx_word' id='word_1_14' title='bbox 460 703 662 791; x_wconf 73' lang='lat' dir='ltr'><em>stropharum</em></span> <span class='ocrx_word' id='word_1_15' title='bbox 691 725 733 770; x_wconf 85' lang='lat' dir='ltr'><em>ex</em></span> <span class='ocrx_word' id='word_1_16' title='bbox 761 703 890 781; x_wconf 86' lang='lat' dir='ltr'><em>duobus</em></span> <span class='ocrx_word' id='word_1_17' title='bbox 917 705 1067 773; x_wconf 86' lang='lat' dir='ltr'><em>versibus</em></span> <span class='ocrx_word' id='word_1_18' title='bbox 1096 705 1282 782; x_wconf 80' lang='lat' dir='ltr'>constabat,</span> 
     </span>
     <span class='ocr_line' id='line_1_4' title="bbox 189 805 1282 896; baseline -0.002 -22"><span class='ocrx_word' id='word_1_19' title='bbox 189 829 257 874; x_wconf 89' lang='lat' dir='ltr'><em>uuo</em></span> <span class='ocrx_word' id='word_1_20' title='bbox 285 806 447 895; x_wconf 82' lang='lat' dir='ltr'>longiore,</span> <span class='ocrx_word' id='word_1_21' title='bbox 481 805 581 873; x_wconf 90' lang='lat' dir='ltr'><em>altero</em></span> <span class='ocrx_word' id='word_1_22' title='bbox 610 805 774 886; x_wconf 90' lang='lat' dir='ltr'><em>breviore,</em></span> <span class='ocrx_word' id='word_1_23' title='bbox 810 809 866 896; x_wconf 92' lang='lat' dir='ltr'><em>qui</em></span> <span class='ocrx_word' id='word_1_24' title='bbox 895 807 1046 895; x_wconf 89' lang='lat' dir='ltr'><em>appellati</em></span> <span class='ocrx_word' id='word_1_25' title='bbox 1076 817 1151 874; x_wconf 91' lang='lat' dir='ltr'><em>sunt</em></span> <span class='ocrx_word' id='word_1_26' title='bbox 1177 807 1282 895; x_wconf 86' lang='lat' dir='ltr'><em>epodi;</em></span> 
     </span>
     <span class='ocr_line' id='line_1_5' title="bbox 189 909 1284 999; baseline -0.002 -23"><span class='ocrx_word' id='word_1_27' title='bbox 189 909 359 976; x_wconf 83' lang='lat' dir='ltr'><em>secuudum</em></span> <span class='ocrx_word' id='word_1_28' title='bbox 384 930 481 997; x_wconf 73' lang='lat' dir='ltr'><em>perros</em></span> <span class='ocrx_word' id='word_1_29' title='bbox 501 910 703 997; x_wconf 81' lang='lat' dir='ltr'><em>stropharum</em></span> <span class='ocrx_word' id='word_1_30' title='bbox 730 911 830 978; x_wconf 87' lang='lat' dir='ltr'><em>breve</em></span> <span class='ocrx_word' id='word_1_31' title='bbox 853 921 902 978; x_wconf 92' lang='lat' dir='ltr'><em>cst</em></span> <span class='ocrx_word' id='word_1_32' title='bbox 923 920 957 978; x_wconf 88' lang='lat' dir='ltr'><em>at</em></span> <span class='ocrx_word' id='word_1_33' title='bbox 979 911 1045 978; x_wconf 86' lang='lat' dir='ltr'><em>iere</em></span> <span class='ocrx_word' id='word_1_34' title='bbox 1069 933 1110 978; x_wconf 84' lang='lat' dir='ltr'><em>cx</em></span> <span class='ocrx_word' id='word_1_35' title='bbox 1132 919 1284 999; x_wconf 91' lang='lat' dir='ltr'><em>quattuor</em></span> 
     </span>
     <span class='ocr_line' id='line_1_6' title="bbox 191 1011 1284 1102; baseline 0 -22"><span class='ocrx_word' id='word_1_36' title='bbox 191 1012 359 1088; x_wconf 84' lang='lat' dir='ltr'><em>versibus,</em></span> <span class='ocrx_word' id='word_1_37' title='bbox 383 1034 519 1080; x_wconf 89' lang='lat' dir='ltr'><em>numero</em></span> <span class='ocrx_word' id='word_1_38' title='bbox 536 1013 707 1092; x_wconf 90' lang='lat' dir='ltr'><em>similibus,</em></span> <span class='ocrx_word' id='word_1_39' title='bbox 732 1015 956 1102; x_wconf 88' lang='lat' dir='ltr'><em>compositum.</em></span> <span class='ocrx_word' id='word_1_40' title='bbox 986 1014 1120 1099; x_wconf 74' lang='lat' dir='ltr'><em>(Ceteris</em></span> <span class='ocrx_word' id='word_1_41' title='bbox 1136 1011 1284 1100; x_wconf 88' lang='lat' dir='ltr'><em>stropha-</em></span> 
     </span>
     <span class='ocr_line' id='line_1_7' title="bbox 192 1115 914 1203; baseline 0.003 -21"><span class='ocrx_word' id='word_1_42' title='bbox 192 1138 264 1182; x_wconf 89' lang='lat' dir='ltr'><em>rum</em></span> <span class='ocrx_word' id='word_1_43' title='bbox 286 1115 462 1203; x_wconf 86' lang='lat' dir='ltr'><em>generibus</em></span> <span class='ocrx_word' id='word_1_44' title='bbox 483 1115 633 1182; x_wconf 83' lang='lat' dir='ltr'><em>Horatius</em></span> <span class='ocrx_word' id='word_1_45' title='bbox 656 1138 720 1183; x_wconf 95' lang='lat' dir='ltr'><em>non</em></span> <span class='ocrx_word' id='word_1_46' title='bbox 742 1126 792 1184; x_wconf 90' lang='lat' dir='ltr'><em>est</em></span> <span class='ocrx_word' id='word_1_47' title='bbox 813 1119 914 1202; x_wconf 91' lang='lat' dir='ltr'><em>usus.)</em></span> 
     </span>
    </p>
   </div>
   <div class='ocr_carea' id='block_1_3' title="bbox 188 1237 1284 3074">
    <p class='ocr_par' dir='ltr' id='par_1_3' title="bbox 188 1237 1284 3074">
     <span class='ocr_line' id='line_1_8' title="bbox 275 1237 1283 1328; baseline 0 -25"><span class='ocrx_word' id='word_1_48' title='bbox 275 1237 496 1325; x_wconf 78' lang='lat' dir='ltr'><em>Antiquissimi</em></span> <span class='ocrx_word' id='word_1_49' title='bbox 525 1238 702 1328; x_wconf 81' lang='lat' dir='ltr'><em>lyricorum</em></span> <span class='ocrx_word' id='word_1_50' title='bbox 728 1247 898 1328; x_wconf 71' lang='lat' dir='ltr'><em>poetarum</em></span> <span class='ocrx_word' id='word_1_51' title='bbox 921 1249 953 1306; x_wconf 88' lang='lat' dir='ltr'><em>et</em></span> <span class='ocrx_word' id='word_1_52' title='bbox 974 1243 1059 1307; x_wconf 78' lang='grc' dir='ltr'><em>κατὰ</em></span> <span class='ocrx_word' id='word_1_53' title='bbox 1086 1253 1215 1320; x_wconf 80' lang='grc' dir='ltr'><strong><em>στίχον,</em></strong></span> <span class='ocrx_word' id='word_1_54' title='bbox 1251 1237 1283 1304; x_wconf 92' lang='lat' dir='ltr'><em>id</em></span> 
     </span>
     <span class='ocr_line' id='line_1_9' title="bbox 190 1339 1284 1429; baseline -0.002 -20"><span class='ocrx_word' id='word_1_55' title='bbox 190 1349 255 1418; x_wconf 89' lang='lat' dir='ltr'><em>est,</em></span> <span class='ocrx_word' id='word_1_56' title='bbox 285 1339 406 1408; x_wconf 87' lang='lat' dir='ltr'><em>eodem</em></span> <span class='ocrx_word' id='word_1_57' title='bbox 431 1361 531 1407; x_wconf 87' lang='lat' dir='ltr'><em>versu</em></span> <span class='ocrx_word' id='word_1_58' title='bbox 559 1361 690 1429; x_wconf 89' lang='lat' dir='ltr'><em>semper</em></span> <span class='ocrx_word' id='word_1_59' title='bbox 718 1343 854 1429; x_wconf 87' lang='lat' dir='ltr'><em>repetito</em></span> <span class='ocrx_word' id='word_1_60' title='bbox 884 1342 954 1409; x_wconf 86' lang='lat' dir='ltr'><em>sine</em></span> <span class='ocrx_word' id='word_1_61' title='bbox 977 1340 1117 1429; x_wconf 90' lang='lat' dir='ltr'><em>strophis</em></span> <span class='ocrx_word' id='word_1_62' title='bbox 1140 1341 1284 1408; x_wconf 89' lang='lat' dir='ltr'><em>carmina</em></span> 
     </span>
     <span class='ocr_line' id='line_1_10' title="bbox 190 1443 1284 1532; baseline 0.002 -24"><span class='ocrx_word' id='word_1_63' title='bbox 190 1443 365 1522; x_wconf 83' lang='lat' dir='ltr'><em>iaciebant,</em></span> <span class='ocrx_word' id='word_1_64' title='bbox 389 1453 422 1512; x_wconf 91' lang='lat' dir='ltr'><em>et</em></span> <span class='ocrx_word' id='word_1_65' title='bbox 443 1443 592 1531; x_wconf 88' lang='lat' dir='ltr'><em>pluribus</em></span> <span class='ocrx_word' id='word_1_66' title='bbox 614 1443 764 1511; x_wconf 89' lang='lat' dir='ltr'><em>versibus</em></span> <span class='ocrx_word' id='word_1_67' title='bbox 788 1445 819 1509; x_wconf 94' lang='lat' dir='ltr'><em>in</em></span> <span class='ocrx_word' id='word_1_68' title='bbox 840 1443 989 1532; x_wconf 89' lang='lat' dir='ltr'><em>strophas</em></span> <span class='ocrx_word' id='word_1_69' title='bbox 1004 1444 1199 1522; x_wconf 86' lang='lat' dir='ltr'><em>coniunctis,</em></span> <span class='ocrx_word' id='word_1_70' title='bbox 1224 1443 1284 1510; x_wconf 91' lang='lat' dir='ltr'><em>sed</em></span> 
     </span>
     <span class='ocr_line' id='line_1_11' title="bbox 189 1545 1284 1614; baseline 0.001 -3"><span class='ocrx_word' id='word_1_71' title='bbox 189 1546 229 1613; x_wconf 90' lang='lat' dir='ltr'><em>iis</em></span> <span class='ocrx_word' id='word_1_72' title='bbox 251 1555 308 1613; x_wconf 89' lang='lat' dir='ltr'><em>aut</em></span> <span class='ocrx_word' id='word_1_73' title='bbox 329 1545 416 1613; x_wconf 89' lang='lat' dir='ltr'><em>idem</em></span> <span class='ocrx_word' id='word_1_74' title='bbox 437 1556 495 1612; x_wconf 86' lang='lat' dir='ltr'><em>aut</em></span> <span class='ocrx_word' id='word_1_75' title='bbox 516 1545 620 1614; x_wconf 91' lang='lat' dir='ltr'><em>simile</em></span> <span class='ocrx_word' id='word_1_76' title='bbox 642 1556 781 1613; x_wconf 88' lang='lat' dir='ltr'><em>metrum</em></span> <span class='ocrx_word' id='word_1_77' title='bbox 802 1546 1005 1614; x_wconf 81' lang='lat' dir='ltr'><em>habentibus.</em></span> <span class='ocrx_word' id='word_1_78' title='bbox 1049 1546 1138 1614; x_wconf 87' lang='lat' dir='ltr'><em>Aliae</em></span> <span class='ocrx_word' id='word_1_79' title='bbox 1168 1545 1284 1612; x_wconf 87' lang='lat' dir='ltr'><em>harum</em></span> 
     </span>
     <span class='ocr_line' id='line_1_12' title="bbox 189 1647 1281 1738; baseline -0.001 -22"><span class='ocrx_word' id='word_1_80' title='bbox 189 1647 399 1736; x_wconf 84' lang='lat' dir='ltr'><em>stropharum</em></span> <span class='ocrx_word' id='word_1_81' title='bbox 418 1648 514 1737; x_wconf 91' lang='lat' dir='ltr'><em>plane</em></span> <span class='ocrx_word' id='word_1_82' title='bbox 537 1669 578 1716; x_wconf 80' lang='lat' dir='ltr'><em>ex</em></span> <span class='ocrx_word' id='word_1_83' title='bbox 600 1649 750 1717; x_wconf 86' lang='lat' dir='ltr'><em>eiusdem</em></span> <span class='ocrx_word' id='word_1_84' title='bbox 771 1671 886 1717; x_wconf 84' lang='lat' dir='ltr'><em>versus</em></span> <span class='ocrx_word' id='word_1_85' title='bbox 909 1649 1102 1738; x_wconf 81' lang='lat' dir='ltr'><em>repetitione</em></span> <span class='ocrx_word' id='word_1_86' title='bbox 1125 1658 1281 1725; x_wconf 76' lang='lat' dir='ltr'><em>constant,</em></span> 
     </span>
     <span class='ocr_line' id='line_1_13' title="bbox 189 1751 1284 1840; baseline 0 -22"><span class='ocrx_word' id='word_1_87' title='bbox 189 1752 233 1819; x_wconf 85' lang='lat' dir='ltr'><em>ita</em></span> <span class='ocrx_word' id='word_1_88' title='bbox 253 1762 301 1830; x_wconf 90' lang='lat' dir='ltr'><em>ut,</em></span> <span class='ocrx_word' id='word_1_89' title='bbox 333 1752 361 1819; x_wconf 90' lang='lat' dir='ltr'><em>si</em></span> <span class='ocrx_word' id='word_1_90' title='bbox 383 1762 522 1819; x_wconf 89' lang='lat' dir='ltr'><em>metrum</em></span> <span class='ocrx_word' id='word_1_91' title='bbox 544 1751 710 1820; x_wconf 81' lang='lat' dir='ltr'><em>dumtaxat</em></span> <span class='ocrx_word' id='word_1_92' title='bbox 738 1762 917 1840; x_wconf 74' lang='lat' dir='ltr'><em>spectetur,</em></span> <span class='ocrx_word' id='word_1_93' title='bbox 951 1756 1037 1822; x_wconf 75' lang='grc' dir='ltr'><em>κατὰ</em></span> <span class='ocrx_word' id='word_1_94' title='bbox 1059 1763 1172 1834; x_wconf 79' lang='grc' dir='ltr'><strong><em>στίχον</em></strong></span> <span class='ocrx_word' id='word_1_95' title='bbox 1195 1772 1284 1819; x_wconf 91' lang='lat' dir='ltr'><em>com-</em></span> 
     </span>
     <span class='ocr_line' id='line_1_14' title="bbox 189 1854 1282 1944; baseline 0 -24"><span class='ocrx_word' id='word_1_96' title='bbox 189 1857 296 1943; x_wconf 89' lang='lat' dir='ltr'><em>posita</em></span> <span class='ocrx_word' id='word_1_97' title='bbox 327 1854 431 1922; x_wconf 88' lang='lat' dir='ltr'><em>videri</em></span> <span class='ocrx_word' id='word_1_98' title='bbox 465 1855 591 1944; x_wconf 89' lang='lat' dir='ltr'><em>possint</em></span> <span class='ocrx_word' id='word_1_99' title='bbox 621 1857 772 1923; x_wconf 87' lang='lat' dir='ltr'><em>carmina.</em></span> <span class='ocrx_word' id='word_1_100' title='bbox 829 1857 913 1941; x_wconf 89' lang='lat' dir='ltr'><em>(lure</em></span> <span class='ocrx_word' id='word_1_101' title='bbox 942 1854 1121 1923; x_wconf 90' lang='lat' dir='ltr'><em>lleinekius</em></span> <span class='ocrx_word' id='word_1_102' title='bbox 1151 1863 1282 1943; x_wconf 87' lang='lat' dir='ltr'><em>quater-</em></span> 
     </span>
     <span class='ocr_line' id='line_1_15' title="bbox 189 1955 1282 2046; baseline 0.001 -23"><span class='ocrx_word' id='word_1_103' title='bbox 189 1979 250 2024; x_wconf 90' lang='lat' dir='ltr'><em>nos</em></span> <span class='ocrx_word' id='word_1_104' title='bbox 278 1957 509 2045; x_wconf 83' lang='lat' dir='ltr'><em>Asclepiadeos</em></span> <span class='ocrx_word' id='word_1_105' title='bbox 531 1979 594 2025; x_wconf 85' lang='lat' dir='ltr'><em>una</em></span> <span class='ocrx_word' id='word_1_106' title='bbox 617 1958 750 2046; x_wconf 90' lang='lat' dir='ltr'><em>stropha</em></span> <span class='ocrx_word' id='word_1_107' title='bbox 771 1957 900 2026; x_wconf 83' lang='lat' dir='ltr'><em>videtur</em></span> <span class='ocrx_word' id='word_1_108' title='bbox 921 1959 1148 2044; x_wconf 81' lang='lat' dir='ltr'><em>coniunxisse.)</em></span> <span class='ocrx_word' id='word_1_109' title='bbox 1192 1955 1282 2024; x_wconf 89' lang='lat' dir='ltr'><em>Aliae</em></span> 
     </span>
     <span class='ocr_line' id='line_1_16' title="bbox 191 2059 1283 2150; baseline -0.002 -23"><span class='ocrx_word' id='word_1_110' title='bbox 191 2059 339 2148; x_wconf 85' lang='lat' dir='ltr'><em>strophae</em></span> <span class='ocrx_word' id='word_1_111' title='bbox 367 2081 408 2128; x_wconf 82' lang='lat' dir='ltr'><em>ex</em></span> <span class='ocrx_word' id='word_1_112' title='bbox 437 2060 556 2129; x_wconf 86' lang='lat' dir='ltr'><em>eodem</em></span> <span class='ocrx_word' id='word_1_113' title='bbox 584 2082 720 2128; x_wconf 88' lang='lat' dir='ltr'><em>numero</em></span> <span class='ocrx_word' id='word_1_114' title='bbox 744 2083 805 2150; x_wconf 84' lang='lat' dir='ltr'><em>per</em></span> <span class='ocrx_word' id='word_1_115' title='bbox 830 2072 967 2150; x_wconf 74' lang='lat' dir='ltr'><em>systema</em></span> <span class='ocrx_word' id='word_1_116' title='bbox 995 2062 1180 2129; x_wconf 87' lang='lat' dir='ltr'><em>continuato</em></span> <span class='ocrx_word' id='word_1_117' title='bbox 1205 2080 1283 2128; x_wconf 89' lang='lat' dir='ltr'><em>con-</em></span> 
     </span>
     <span class='ocr_line' id='line_1_17' title="bbox 189 2161 1283 2254; baseline -0.001 -22"><span class='ocrx_word' id='word_1_118' title='bbox 189 2173 286 2241; x_wconf 85' lang='lat' dir='ltr'><em>stant,</em></span> <span class='ocrx_word' id='word_1_119' title='bbox 318 2163 377 2242; x_wconf 90' lang='lat' dir='ltr'><em>ita,</em></span> <span class='ocrx_word' id='word_1_120' title='bbox 412 2173 447 2230; x_wconf 90' lang='lat' dir='ltr'><em>ut</em></span> <span class='ocrx_word' id='word_1_121' title='bbox 476 2173 543 2230; x_wconf 88' lang='lat' dir='ltr'><em>tota</em></span> <span class='ocrx_word' id='word_1_122' title='bbox 574 2165 707 2252; x_wconf 85' lang='lat' dir='ltr'><em>stropha</em></span> <span class='ocrx_word' id='word_1_123' title='bbox 735 2186 836 2231; x_wconf 92' lang='lat' dir='ltr'><em>unum</em></span> <span class='ocrx_word' id='word_1_124' title='bbox 866 2165 907 2232; x_wconf 89' lang='lat' dir='ltr'><em>sit</em></span> <span class='ocrx_word' id='word_1_125' title='bbox 937 2175 1096 2254; x_wconf 82' lang='lat' dir='ltr'><em>systema,</em></span> <span class='ocrx_word' id='word_1_126' title='bbox 1135 2161 1224 2250; x_wconf 93' lang='lat' dir='ltr'><em>quod</em></span> <span class='ocrx_word' id='word_1_127' title='bbox 1249 2169 1283 2244; x_wconf 77' lang='grc' dir='ltr'><em>ἐξ</em></span> 
     </span>
     <span class='ocr_line' id='line_1_18' title="bbox 191 2265 1283 2353; baseline -0.003 -18"><span class='ocrx_word' id='word_1_128' title='bbox 191 2271 314 2352; x_wconf 72' lang='grc' dir='ltr'><strong><em>ὁμοίων</em></strong></span> <span class='ocrx_word' id='word_1_129' title='bbox 335 2276 453 2334; x_wconf 88' lang='lat' dir='ltr'><em>vocant</em></span> <span class='ocrx_word' id='word_1_130' title='bbox 472 2267 608 2334; x_wconf 87' lang='lat' dir='ltr'><em>metrici.</em></span> <span class='ocrx_word' id='word_1_131' title='bbox 651 2267 705 2335; x_wconf 89' lang='lat' dir='ltr'><em>Sia</em></span> <span class='ocrx_word' id='word_1_132' title='bbox 727 2269 835 2334; x_wconf 89' lang='lat' dir='ltr'><em>llorat.</em></span> <span class='ocrx_word' id='word_1_133' title='bbox 859 2268 910 2332; x_wconf 95' lang='lat' dir='ltr'><em>lll.</em></span> <span class='ocrx_word' id='word_1_134' title='bbox 935 2267 984 2332; x_wconf 65' lang='lat' dir='ltr'><em>lh.</em></span> <span class='ocrx_word' id='word_1_135' title='bbox 1028 2265 1118 2333; x_wconf 88' lang='lat' dir='ltr'><em>Aliae</em></span> <span class='ocrx_word' id='word_1_136' title='bbox 1137 2265 1283 2353; x_wconf 83' lang='lat' dir='ltr'><em>strophae</em></span> 
     </span>
     <span class='ocr_line' id='line_1_19' title="bbox 196 2367 1284 2448; baseline -0.001 -13"><span class='ocrx_word' id='word_1_137' title='bbox 196 2391 236 2436; x_wconf 86' lang='lat' dir='ltr'><em>ex</em></span> <span class='ocrx_word' id='word_1_138' title='bbox 256 2368 408 2436; x_wconf 88' lang='lat' dir='ltr'><em>versibus</em></span> <span class='ocrx_word' id='word_1_139' title='bbox 430 2391 493 2435; x_wconf 83' lang='lat' dir='ltr'><em>aaa</em></span> <span class='ocrx_word' id='word_1_140' title='bbox 513 2371 618 2448; x_wconf 80' lang='lat' dir='ltr'><em>mais,</em></span> <span class='ocrx_word' id='word_1_141' title='bbox 641 2389 812 2437; x_wconf 88' lang='lat' dir='ltr'><em>numerum</em></span> <span class='ocrx_word' id='word_1_142' title='bbox 833 2368 1027 2438; x_wconf 84' lang='lat' dir='ltr'><em>habentibus</em></span> <span class='ocrx_word' id='word_1_143' title='bbox 1047 2367 1200 2445; x_wconf 89' lang='lat' dir='ltr'><em>eundem,</em></span> <span class='ocrx_word' id='word_1_144' title='bbox 1224 2367 1284 2435; x_wconf 90' lang='lat' dir='ltr'><em>sed</em></span> 
     </span>
     <span class='ocr_line' id='line_1_20' title="bbox 188 2470 1283 2560; baseline -0.001 -22"><span class='ocrx_word' id='word_1_145' title='bbox 188 2471 408 2560; x_wconf 82' lang='lat' dir='ltr'><em>magnitudine</em></span> <span class='ocrx_word' id='word_1_146' title='bbox 429 2471 480 2539; x_wconf 86' lang='lat' dir='ltr'><em>vel</em></span> <span class='ocrx_word' id='word_1_147' title='bbox 507 2473 610 2540; x_wconf 83' lang='lat' dir='ltr'><em>torma</em></span> <span class='ocrx_word' id='word_1_148' title='bbox 624 2471 762 2540; x_wconf 89' lang='lat' dir='ltr'><em>diversis</em></span> <span class='ocrx_word' id='word_1_149' title='bbox 780 2471 915 2549; x_wconf 86' lang='lat' dir='ltr'><em>fiebant,</em></span> <span class='ocrx_word' id='word_1_150' title='bbox 938 2481 974 2538; x_wconf 95' lang='grc' dir='ltr'><em>ιιι</em></span> <span class='ocrx_word' id='word_1_151' title='bbox 989 2472 1023 2541; x_wconf 89' lang='lat' dir='ltr'><em>C.</em></span> <span class='ocrx_word' id='word_1_152' title='bbox 1040 2473 1087 2539; x_wconf 89' lang='lat' dir='ltr'><em>lV.</em></span> <span class='ocrx_word' id='word_1_153' title='bbox 1104 2471 1134 2538; x_wconf 90' lang='grc'><em>3.</em></span> <span class='ocrx_word' id='word_1_154' title='bbox 1168 2470 1221 2556; x_wconf 86' lang='lat' dir='ltr'><em>(ita</em></span> <span class='ocrx_word' id='word_1_155' title='bbox 1235 2480 1283 2537; x_wconf 87' lang='lat' dir='ltr'><em>ta·</em></span> 
     </span>
     <span class='ocr_line' id='line_1_21' title="bbox 189 2567 1282 2663; baseline -0.001 -22"><span class='ocrx_word' id='word_1_156' title='bbox 189 2595 280 2654; x_wconf 87' lang='lat' dir='ltr'><em>rnen,</em></span> <span class='ocrx_word' id='word_1_157' title='bbox 302 2584 339 2641; x_wconf 92' lang='lat' dir='ltr'><em>ut</em></span> <span class='ocrx_word' id='word_1_158' title='bbox 360 2574 540 2643; x_wconf 85' lang='lat' dir='ltr'><em>Meinekius</em></span> <span class='ocrx_word' id='word_1_159' title='bbox 555 2575 652 2641; x_wconf 88' lang='lat' dir='ltr'><em>etiam</em></span> <span class='ocrx_word' id='word_1_160' title='bbox 666 2567 770 2642; x_wconf 69' lang='lat' dir='ltr'><em>‘huius</em></span> <span class='ocrx_word' id='word_1_161' title='bbox 787 2574 915 2663; x_wconf 80' lang='lat' dir='ltr'><em>generis</em></span> <span class='ocrx_word' id='word_1_162' title='bbox 930 2593 1085 2641; x_wconf 91' lang='lat' dir='ltr'><em>versuum</em></span> <span class='ocrx_word' id='word_1_163' title='bbox 1100 2573 1177 2640; x_wconf 84' lang='lat' dir='ltr'><em>bina</em></span> <span class='ocrx_word' id='word_1_164' title='bbox 1191 2573 1282 2662; x_wconf 87' lang='lat' dir='ltr'><em>paria</em></span> 
     </span>
     <span class='ocr_line' id='line_1_22' title="bbox 190 2675 1281 2765; baseline 0 -22"><span class='ocrx_word' id='word_1_165' title='bbox 190 2680 222 2743; x_wconf 92' lang='lat' dir='ltr'><em>in</em></span> <span class='ocrx_word' id='word_1_166' title='bbox 245 2697 342 2744; x_wconf 90' lang='lat' dir='ltr'><em>unam</em></span> <span class='ocrx_word' id='word_1_167' title='bbox 364 2677 529 2765; x_wconf 87' lang='lat' dir='ltr'><em>stropham</em></span> <span class='ocrx_word' id='word_1_168' title='bbox 551 2682 762 2764; x_wconf 74' lang='grc' dir='ltr'>τειράστιχον</span> <span class='ocrx_word' id='word_1_169' title='bbox 783 2675 1008 2764; x_wconf 83' lang='lat' dir='ltr'><em>coniungenda</em></span> <span class='ocrx_word' id='word_1_170' title='bbox 1022 2695 1097 2744; x_wconf 87' lang='lat' dir='ltr'><em>esse</em></span> <span class='ocrx_word' id='word_1_171' title='bbox 1111 2685 1200 2742; x_wconf 89' lang='lat' dir='ltr'><em>recta</em></span> <span class='ocrx_word' id='word_1_172' title='bbox 1217 2684 1281 2743; x_wconf 85' lang='lat' dir='ltr'><em>sta-</em></span> 
     </span>
     <span class='ocr_line' id='line_1_23' title="bbox 191 2777 1282 2868; baseline -0.004 -20"><span class='ocrx_word' id='word_1_173' title='bbox 191 2781 292 2848; x_wconf 88' lang='lat' dir='ltr'><em>tuisse</em></span> <span class='ocrx_word' id='word_1_174' title='bbox 313 2780 482 2867; x_wconf 86' lang='lat' dir='ltr'><em>videatur.)</em></span> <span class='ocrx_word' id='word_1_175' title='bbox 526 2781 631 2859; x_wconf 87' lang='lat' dir='ltr'><em>Aliae,</em></span> <span class='ocrx_word' id='word_1_176' title='bbox 661 2801 766 2868; x_wconf 89' lang='lat' dir='ltr'><em>eaque</em></span> <span class='ocrx_word' id='word_1_177' title='bbox 794 2779 1056 2868; x_wconf 84' lang='lat' dir='ltr'><em>frequentissima</em></span> <span class='ocrx_word' id='word_1_178' title='bbox 1077 2777 1158 2845; x_wconf 91' lang='lat' dir='ltr'><em>ratio</em></span> <span class='ocrx_word' id='word_1_179' title='bbox 1183 2777 1282 2844; x_wconf 83' lang='lat' dir='ltr'><em>hrisse</em></span> 
     </span>
     <span class='ocr_line' id='line_1_24' title="bbox 189 2881 1282 2972; baseline -0.002 -24"><span class='ocrx_word' id='word_1_180' title='bbox 189 2883 330 2962; x_wconf 89' lang='lat' dir='ltr'><em>videtur,</em></span> <span class='ocrx_word' id='word_1_181' title='bbox 353 2904 394 2950; x_wconf 85' lang='lat' dir='ltr'><em>ex</em></span> <span class='ocrx_word' id='word_1_182' title='bbox 416 2887 582 2972; x_wconf 88' lang='lat' dir='ltr'><em>quaternis</em></span> <span class='ocrx_word' id='word_1_183' title='bbox 604 2885 754 2953; x_wconf 90' lang='lat' dir='ltr'><em>versibus</em></span> <span class='ocrx_word' id='word_1_184' title='bbox 775 2882 1066 2972; x_wconf 88' lang='lat' dir='ltr'><em>componebantur,</em></span> <span class='ocrx_word' id='word_1_185' title='bbox 1094 2889 1131 2947; x_wconf 92' lang='grc' dir='ltr'><em>ιιι</em></span> <span class='ocrx_word' id='word_1_186' title='bbox 1150 2881 1282 2968; x_wconf 87' lang='lat' dir='ltr'><em>stropha</em></span> 
     </span>
     <span class='ocr_line' id='line_1_25' title="bbox 188 2986 558 3074; baseline 0.005 -22"><span class='ocrx_word' id='word_1_187' title='bbox 188 2986 348 3074; x_wconf 83' lang='lat' dir='ltr'><em>Sapphica</em></span> <span class='ocrx_word' id='word_1_188' title='bbox 371 2997 404 3054; x_wconf 91' lang='lat' dir='ltr'><em>et</em></span> <span class='ocrx_word' id='word_1_189' title='bbox 423 2987 558 3054; x_wconf 77' lang='lat' dir='ltr'><em>Alcaico.</em></span> 
     </span>
    </p>
   </div>
   <div class='ocr_carea' id='block_1_4' title="bbox 185 3117 1282 3310">
    <p class='ocr_par' dir='ltr' id='par_1_4' title="bbox 185 3117 1282 3310">
     <span class='ocr_line' id='line_1_26' title="bbox 272 3117 1282 3206; baseline -0.001 -23"><span class='ocrx_word' id='word_1_190' title='bbox 272 3119 296 3183; x_wconf 92' lang='lat' dir='ltr'><em>l.</em></span> <span class='ocrx_word' id='word_1_191' title='bbox 340 3118 478 3206; x_wconf 86' lang='lat' dir='ltr'><em>Stropha</em></span> <span class='ocrx_word' id='word_1_192' title='bbox 504 3118 706 3206; x_wconf 72' lang='lat' dir='ltr'><em>Asclepiadem</em></span> <span class='ocrx_word' id='word_1_193' title='bbox 733 3118 880 3205; x_wconf 59' lang='lat' dir='ltr'><em>fiptu&#39;mu),</em></span> <span class='ocrx_word' id='word_1_194' title='bbox 905 3119 1093 3204; x_wconf 75' lang='grc' dir='ltr'><strong><em>μονόκωλος</em></strong></span> <span class='ocrx_word' id='word_1_195' title='bbox 1116 3117 1282 3202; x_wconf 77' lang='grc' dir='ltr'><em>τετράστε-</em></span> 
     </span>
     <span class='ocr_line' id='line_1_27' title="bbox 185 3216 1197 3310; baseline -0.006 -22"><span class='ocrx_word' id='word_1_196' title='bbox 185 3249 260 3304; x_wconf 78' lang='grc' dir='ltr'><strong><em>χος,</em></strong></span> <span class='ocrx_word' id='word_1_197' title='bbox 283 3241 376 3288; x_wconf 75' lang='lat' dir='ltr'><em>versor</em></span> <span class='ocrx_word' id='word_1_198' title='bbox 396 3221 596 3310; x_wconf 77' lang='lat' dir='ltr'><em>Asclepiadeo</em></span> <span class='ocrx_word' id='word_1_199' title='bbox 618 3222 737 3288; x_wconf 82' lang='lat' dir='ltr'><em>minora</em></span> <span class='ocrx_word' id='word_1_200' title='bbox 759 3221 805 3304; x_wconf 74' lang='lat' dir='ltr'><em>(nl</em></span> <span class='ocrx_word' id='word_1_201' title='bbox 827 3219 889 3306; x_wconf 80' lang='lat' dir='ltr'><em>ld.)</em></span> <span class='ocrx_word' id='word_1_202' title='bbox 913 3228 1030 3307; x_wconf 84' lang='lat' dir='ltr'><em>quater</em></span> <span class='ocrx_word' id='word_1_203' title='bbox 1051 3216 1197 3305; x_wconf 85' lang='lat' dir='ltr'><em>repetito.</em></span> 
     </span>
    </p>
   </div>
   <div class='ocr_carea' id='block_1_5' title="bbox 314 3327 917 3685">
    <p class='ocr_par' dir='ltr' id='par_1_5' title="bbox 351 3327 917 3480">
     <span class='ocr_line' id='line_1_28' title="bbox 365 3327 917 3399; baseline -0.011 -1"><span class='ocrx_word' id='word_1_204' title='bbox 365 3327 917 3399; x_wconf 67' lang='lat' dir='ltr'><em>LLlLvut-lva-u!</em></span> 
     </span>
     <span class='ocr_line' id='line_1_29' title="bbox 351 3412 427 3480; baseline 0.026 -3"><span class='ocrx_word' id='word_1_205' title='bbox 351 3412 427 3480; x_wconf 89' lang='lat' dir='ltr'><em>l.l.</em></span> 
     </span>
    </p>

    <p class='ocr_par' dir='ltr' id='par_1_6' title="bbox 317 3516 442 3581">
     <span class='ocr_line' id='line_1_30' title="bbox 317 3516 442 3581; baseline -0.008 0"><span class='ocrx_word' id='word_1_206' title='bbox 317 3516 442 3581; x_wconf 85' lang='lat' dir='ltr'><em>lll.30.</em></span> 
     </span>
    </p>

    <p class='ocr_par' dir='ltr' id='par_1_7' title="bbox 314 3619 415 3685">
     <span class='ocr_line' id='line_1_31' title="bbox 314 3619 415 3685; baseline 0 -2"><span class='ocrx_word' id='word_1_207' title='bbox 314 3619 415 3685; x_wconf 86' lang='lat' dir='ltr'><em>lV.8.</em></span> 
     </span>
    </p>
   </div>
   <div class='ocr_carea' id='block_1_6' title="bbox 187 3749 1280 3919">
    <p class='ocr_par' dir='ltr' id='par_1_8' title="bbox 187 3749 1280 3919">
     <span class='ocr_line' id='line_1_32' title="bbox 273 3749 1280 3818; baseline 0.002 -4"><span class='ocrx_word' id='word_1_208' title='bbox 273 3751 321 3816; x_wconf 87' lang='lat' dir='ltr'><em>Da</em></span> <span class='ocrx_word' id='word_1_209' title='bbox 344 3749 438 3816; x_wconf 85' lang='lat' dir='ltr'><em>tertio</em></span> <span class='ocrx_word' id='word_1_210' title='bbox 461 3749 576 3816; x_wconf 91' lang='lat' dir='ltr'><em>horum</em></span> <span class='ocrx_word' id='word_1_211' title='bbox 607 3752 785 3818; x_wconf 86' lang='lat' dir='ltr'><em>carminum</em></span> <span class='ocrx_word' id='word_1_212' title='bbox 817 3751 892 3818; x_wconf 92' lang='lat' dir='ltr'><em>vide</em></span> <span class='ocrx_word' id='word_1_213' title='bbox 926 3752 1106 3818; x_wconf 82' lang='lat' dir='ltr'><em>Excursum</em></span> <span class='ocrx_word' id='word_1_214' title='bbox 1135 3749 1177 3817; x_wconf 88' lang='lat' dir='ltr'><em>ad</em></span> <span class='ocrx_word' id='word_1_215' title='bbox 1207 3769 1280 3817; x_wconf 89' lang='lat' dir='ltr'><em>ver-</em></span> 
     </span>
     <span class='ocr_line' id='line_1_33' title="bbox 187 3851 334 3919; baseline -0.007 -2"><span class='ocrx_word' id='word_1_216' title='bbox 187 3873 261 3918; x_wconf 90' lang='lat' dir='ltr'><em>sum</em></span> <span class='ocrx_word' id='word_1_217' title='bbox 282 3851 334 3919; x_wconf 84' lang='lat' dir='ltr'><em>l9.</em></span> 
     </span>
    </p>
   </div>
   <div class='ocr_carea' id='block_1_7' title="bbox 187 3983 1280 4380">
    <p class='ocr_par' dir='ltr' id='par_1_9' title="bbox 187 3983 1280 4380">
     <span class='ocr_line' id='line_1_34' title="bbox 272 3983 1280 4072; baseline 0.003 -25"><span class='ocrx_word' id='word_1_218' title='bbox 272 3983 308 4048; x_wconf 93' lang='lat' dir='ltr'><em>ll.</em></span> <span class='ocrx_word' id='word_1_219' title='bbox 333 3983 469 4071; x_wconf 89' lang='lat' dir='ltr'><em>Stropha</em></span> <span class='ocrx_word' id='word_1_220' title='bbox 490 3983 690 4070; x_wconf 83' lang='lat' dir='ltr'><em>Asclepiadea</em></span> <span class='ocrx_word' id='word_1_221' title='bbox 701 3985 807 4071; x_wconf 82' lang='lat' dir='ltr'><em>pm&#39;ma</em></span> <span class='ocrx_word' id='word_1_222' title='bbox 822 3983 994 4072; x_wconf 75' lang='lat' dir='ltr'><em>(secunda),</em></span> <span class='ocrx_word' id='word_1_223' title='bbox 1016 3992 1150 4062; x_wconf 66' lang='lat' dir='ltr'><em>athalae</em></span> <span class='ocrx_word' id='word_1_224' title='bbox 1169 3987 1280 4071; x_wconf 79' lang='grc' dir='ltr'><em>τετρά-</em></span> 
     </span>
     <span class='ocr_line' id='line_1_35' title="bbox 187 4085 1278 4174; baseline -0.001 -22"><span class='ocrx_word' id='word_1_225' title='bbox 187 4113 313 4166; x_wconf 79' lang='grc' dir='ltr'>στιχος,</span> <span class='ocrx_word' id='word_1_226' title='bbox 349 4106 389 4152; x_wconf 85' lang='lat' dir='ltr'><em>ex</em></span> <span class='ocrx_word' id='word_1_227' title='bbox 422 4107 514 4153; x_wconf 73' lang='lat' dir='ltr'><em>versor</em></span> <span class='ocrx_word' id='word_1_228' title='bbox 548 4085 700 4174; x_wconf 82' lang='lat' dir='ltr'><em>Glpooueo</em></span> <span class='ocrx_word' id='word_1_229' title='bbox 732 4088 777 4172; x_wconf 86' lang='lat' dir='ltr'><em>(n⁰</em></span> <span class='ocrx_word' id='word_1_230' title='bbox 801 4087 862 4173; x_wconf 77' lang='lat' dir='ltr'><em>lh.)</em></span> <span class='ocrx_word' id='word_1_231' title='bbox 892 4095 925 4154; x_wconf 90' lang='lat' dir='ltr'><em>et</em></span> <span class='ocrx_word' id='word_1_232' title='bbox 956 4107 1048 4154; x_wconf 86' lang='lat' dir='ltr'><em>versu</em></span> <span class='ocrx_word' id='word_1_233' title='bbox 1079 4085 1278 4174; x_wconf 80' lang='lat' dir='ltr'><em>Asclepiadeo</em></span> 
     </span>
     <span class='ocr_line' id='line_1_36' title="bbox 189 4187 1279 4278; baseline 0 -25"><span class='ocrx_word' id='word_1_234' title='bbox 189 4188 234 4271; x_wconf 87' lang='grc' dir='ltr'><em>(ιιο</em></span> <span class='ocrx_word' id='word_1_235' title='bbox 256 4187 318 4272; x_wconf 80' lang='lat' dir='ltr'><em>lh.)</em></span> <span class='ocrx_word' id='word_1_236' title='bbox 342 4187 523 4256; x_wconf 84' lang='lat' dir='ltr'><em>alternatim</em></span> <span class='ocrx_word' id='word_1_237' title='bbox 545 4210 581 4256; x_wconf 88' lang='lat' dir='ltr'><em>sc</em></span> <span class='ocrx_word' id='word_1_238' title='bbox 604 4188 839 4278; x_wconf 81' lang='lat' dir='ltr'><em>excipientibus</em></span> <span class='ocrx_word' id='word_1_239' title='bbox 862 4189 1056 4278; x_wconf 87' lang='lat' dir='ltr'><em>composita,</em></span> <span class='ocrx_word' id='word_1_240' title='bbox 1080 4191 1180 4258; x_wconf 87' lang='lat' dir='ltr'><em>itaut</em></span> <span class='ocrx_word' id='word_1_241' title='bbox 1202 4188 1279 4255; x_wconf 88' lang='lat' dir='ltr'><em>bina</em></span> 
     </span>
     <span class='ocr_line' id='line_1_37' title="bbox 188 4290 790 4380; baseline 0.005 -25"><span class='ocrx_word' id='word_1_242' title='bbox 188 4290 278 4376; x_wconf 88' lang='lat' dir='ltr'><em>paria</em></span> <span class='ocrx_word' id='word_1_243' title='bbox 299 4312 364 4359; x_wconf 87' lang='lat' dir='ltr'><em>una</em></span> <span class='ocrx_word' id='word_1_244' title='bbox 386 4292 518 4380; x_wconf 85' lang='lat' dir='ltr'><em>stropha</em></span> <span class='ocrx_word' id='word_1_245' title='bbox 541 4293 790 4380; x_wconf 82' lang='lat' dir='ltr'><em>coniungantur:</em></span> 
     </span>
    </p>
   </div>
   <div class='ocr_carea' id='block_1_8' title="bbox 0 0 1544 4980">
    <p class='ocr_par' dir='ltr' id='par_1_10' title="bbox 0 0 1544 4980">
     <span class='ocr_line' id='line_1_38' title="bbox 0 0 1544 4980; baseline 0 0"><span class='ocrx_word' id='word_1_246' title='bbox 0 0 1544 4980; x_wconf 95' lang='lat' dir='ltr'><em> </em></span> 
     </span>
    </p>
   </div>
  </div>
 </body>
</html>
