3080 4980
643 453 829 505 Panamara.
1239 453 1282 503 Vll

255 616 289 681 V.
328 613 438 680 Codex
467 613 634 678 Bennansrs
663 614 698 677 N.
722 611 795 676 bit.
817 610 860 676 tt
884 611 955 678 Sec.
979 611 1025 686 X,
1049 619 1084 676 ut
1105 609 1211 676 visum
1232 618 1283 676 est

195 747 227 802 et
253 736 389 802 Sinnero
419 733 516 802 Catal.
545 731 646 800 Codd.
672 734 766 798 Bern.
793 731 859 798 Vol.
885 733 907 798 l.
933 753 962 822 p.
988 732 1059 798 478.
1084 741 1116 800 et
1138 729 1280 798 Hautha-

195 859 279 942 lio*).
305 856 453 923 Continet
476 856 584 922 omnia
608 855 728 921 Horatii
757 861 922 941 poemata3
952 873 1037 942 quae
1060 854 1169 920 excisa
1191 863 1280 928 sunt,

195 979 309 1046 notavi.
334 980 384 1062 (c.)

257 1101 326 1167 Hoc
352 1109 460 1165 autem
485 1097 600 1164 ordine
621 1098 652 1162 in
675 1099 762 1163 Varr.
784 1097 882 1164 Lectt.
906 1115 1037 1184 semper
1065 1107 1193 1164 servato
1222 1116 1282 1183 pro

195 1221 354 1309 cuiusque
375 1219 518 1286 bonitate
541 1219 687 1307 quinque
709 1216 769 1284 hos
789 1218 921 1285 codices
946 1217 1112 1285 collocavi.

257 1340 382 1421 Quodsi
402 1339 452 1406 bis
471 1339 582 1406 aliisve
601 1338 843 1406 auctoritatibus
867 1340 966 1407 fretus
989 1339 1172 1406 alleinekii
1190 1359 1284 1406 reco-
1374 1353 1380 1364 ·

193 1464 336 1550 gnitionc
359 1461 511 1538 discessi,
535 1461 631 1528 buius
653 1460 748 1530 lectio
771 1463 819 1528 sic
840 1463 964 1548 signata
983 1473 1047 1528 est:
1071 1463 1110 1526 Μ.

255 1585 402 1651 bleorum
431 1593 539 1650 autem
568 1583 724 1650 Codicum
751 1582 896 1648 varietati
926 1580 1071 1648 subiecta
1100 1592 1150 1648 est
1179 1583 1283 1670 primo

193 1707 318 1793 integra
347 1705 487 1771 varietas
517 1704 680 1780 Lambini,
716 1704 869 1792 Cruquii,
903 1704 1078 1780 Torrentii,
1109 1704 1211 1779 Fene,
1242 1723 1283 1768 eo

194 1827 257 1895 linc
290 1836 462 1914 excerpta,
497 1836 532 1892 ut
559 1825 644 1892 facili
672 1844 774 1913 opera
806 1824 907 1892 lector
939 1823 1131 1913 perspiciat,
1167 1825 1283 1911 partim

193 1967 357 2036 quaenam
379 1947 582 2035 potissimum
604 1946 774 2024 londonen,
800 1967 873 2012 cum
900 1945 1017 2012 abhinc
1039 1945 1142 2012 tribus
1164 1944 1283 2012 seculis

194 2071 226 2136 in
247 2068 369 2136 Horatii
396 2067 522 2155 Eclogis
544 2067 633 2134 velut
654 2065 838 2134 dominatae
860 2076 983 2144 essent,
1011 2065 1081 2134 aliis
1104 2085 1190 2132 nunc
1212 2085 1285 2134 ces-

193 2192 310 2268 serint,
334 2189 466 2278 partim,
496 2209 595 2277 qnam
622 2208 722 2276 saepe
744 2189 840 2254 etiam
867 2189 932 2255 Fea
954 2187 1157 2254 deserendus
1179 2187 1283 2254 brerit.

195 2311 295 2378 Simili
325 2310 461 2378 consilio
495 2309 553 2378 has
585 2311 747 2397 excipiunt
780 2329 860 2384 eae,
897 2329 980 2397 quas
1012 2329 1087 2375 curn
1120 2308 1283 2376 Bentleius

194 2433 392 2519 recepisset,
427 2451 506 2518 ego,
536 2431 729 2519 plerumque
756 2430 826 2498 aliis
859 2430 1108 2517 praeeuntibus,
1143 2431 1283 2508 mutavi;

193 2563 310 2640 quarto
338 2553 480 2641 denique
506 2552 578 2620 loco
611 2552 759 2619 eiusdem
791 2551 993 2639 suspiciones
1021 2571 1085 2618 non
1115 2561 1282 2639 receptae,

193 2673 482 2761 quoniamquidem
516 2674 643 2750 omnia,
680 2693 765 2761 quae
799 2673 935 2740 Criticus
970 2671 1023 2740 ille
1054 2674 1282 2760 sagacissimus

193 2805 306 2862 contra
328 2793 466 2862 Codices
488 2795 653 2862 immutata
675 2793 845 2868 voluisset,
873 2814 971 2861 nosse
997 2805 1095 2882 atque
1116 2805 1190 2863 ante
1205 2815 1283 2864 ocu-

193 2915 243 2982 los
263 2915 386 2982 babere
405 2915 560 2982 lectorem
581 2915 693 2983 iuvare
709 2915 893 2982 censebam.
929 2916 985 2982 llis
1001 2926 1108 2982 autem
1124 2917 1282 2984 immiscui

193 3047 228 3104 ct
248 3035 386 3103 aliorum
408 3047 539 3124 praeter
561 3055 653 3103 meos
676 3035 832 3104 Codicum
855 3036 1012 3104 lectiones
1033 3048 1067 3104 et
1092 3037 1283 3104 Criticorum

193 3157 410 3234 coniecturas,
444 3167 604 3246 quotquot
632 3178 673 3224 ex
710 3179 784 3224 meo
814 3167 902 3225 certe
929 3177 1027 3224 sensu
1061 3167 1280 3234 mererentur,

193 3289 229 3344 ut
254 3279 306 3346 vel
336 3279 368 3344 in
392 3277 511 3346 scholis
539 3277 794 3345 diiudicarentur
815 3278 868 3345 vel
889 3279 1019 3345 omniuo
1046 3287 1180 3367 propter
1200 3299 1283 3368 qna-

194 3399 388 3488 lemcunque
408 3419 540 3466 causam
557 3401 597 3466 ab
613 3399 775 3467 oblivione
796 3400 1045 3468 vindicarentur.
1078 3403 1281 3491 Quamquam

194 3520 370 3609 permultas
393 3521 540 3588 consulto
565 3523 783 3609 praetermisi,
811 3524 933 3612 quippe
966 3541 1052 3610 quae
1081 3523 1280 3610 excogitatae

193 3652 304 3708 essent
332 3639 373 3707 ab
403 3642 539 3730 ingeniis
569 3643 752 3731 sagacitatis
780 3642 992 3711 ostentandae
1021 3663 1121 3711 causa
1149 3663 1281 3710 severas

194 3761 383 3850 discipliuae
405 3764 536 3832 criticae
568 3763 658 3852 leges
686 3765 820 3833 licenter
845 3765 1064 3854 migrantibus.
1109 3765 1194 3832 Sane
1220 3786 1280 3853 par

193 3884 338 3971 quinque
365 3882 425 3952 hos
450 3885 636 3953 Carminum
657 3885 757 3952 libros
785 3886 867 3953 duas
890 3884 1056 3953 dumtaxat
1077 3887 1279 3986 coniecturas

193 4023 287 4072 ame
308 4015 457 4093 receptas
479 4026 554 4074 esse
577 4008 707 4074 memini
737 4006 808 4091 (Od.
831 4009 868 4084 3,
895 4007 948 4083 l7,
971 4009 1000 4072 5.
1039 4007 1140 4094 lipod.
1164 4007 1201 4084 l,
1225 4008 1278 4092 8.);

257 4231 281 4290 ’l
304 4230 354 4290 Qui
376 4231 403 4280 iu
426 4231 548 4284 Seebode
570 4233 666 4284 Archiv
688 4233 760 4284 lata.
786 4246 812 4296 p.
831 4232 888 4282 23⁴.
908 4233 992 4284 Codd.
1011 4235 1052 4284 at.
1071 4235 1099 4284 et
1121 4233 1178 4286 tta.
1197 4246 1279 4284 accu-

194 4305 249 4352 rate
267 4303 415 4368 descripsit.
