2986 4974
491 443 549 493 444.
570 445 587 492 4.
625 445 653 494 c.
673 444 793 494 44444444,
1157 443 1218 505 4445

301 601 521 664 Contaminato
544 621 618 665 enm
639 621 737 686 grege
766 601 906 686 turpium

299 720 409 788 llorbo
432 721 589 796 virorum,
613 721 770 808 quidlibet
793 721 951 808 impotens
1179 721 1218 786 to

362 843 501 928 Spemne
524 843 716 930 fortunaque
739 842 823 908 dulci

413 963 517 1029 Ebria.
562 964 626 1029 Sed
649 965 762 1030 minuit
784 964 923 1030 40404440

299 1124 354 1186 Vix
377 1141 440 1187 una
463 1142 578 1208 sospes
602 1123 692 1188 navis
716 1121 757 1188 ab
780 1123 915 1209 ignibus,

194 1313 242 1360 40..
254 1311 341 1361 Morbo
356 1311 478 1375 0440444444]
497 1271 694 1374 0004οὸ440040
711 1311 827 1364 malebat
842 1311 925 1363 Bentl.

124 1471 178 1520 llos
206 1468 289 1518 multa
315 1481 377 1519 eum
402 1468 549 1520 acerbitate
574 1472 654 1520 40044
690 1467 746 1530 alii,
765 1469 899 1532 Virgilius,
924 1471 1023 1532 Livius,
1049 1474 1171 1524 Martialis
1189 1477 1212 1528 st.

122 1557 226 1608 04004444
243 1545 441 1592 contaminatum
460 1543 603 1608 (impurum
621 1557 652 1594 ac
690 1544 730 1593 94.
756 1545 785 1602 a,
808 1545 848 1593 44.
868 1545 1003 1608 spadones
1019 1549 1147 1598 semiviros
1166 1565 1215 1598 vo-

123 1618 250 1680 loedum)
275 1619 390 1668 virorum
413 1618 499 1668 morbo
525 1620 651 1680 4040444444,
690 1621 758 1668 cant.
779 1621 919 1680 Gregorius
943 1622 1062 1671 Nazianz.
1083 1623 1215 1687 40410444-

124 1693 149 1741 id
173 1693 230 1752 est,
259 1694 303 1756 qui
330 1694 399 1756 turpi
425 1692 521 1743 morbo
547 1691 651 1742 illicitae
688 1693 751 1755 phio
773 1691 859 1742 Basilii
882 1693 929 1744 Ed.
954 1696 1035 1744 Parmis
1062 1697 1133 1746 4778.
1153 1712 1212 1762 pag.

123 1765 241 1816 libidinis
264 1765 435 1827 laborabant,
462 1766 652 1817 morbosorum
688 1766 901 1817 memnonios
922 1772 1000 1818 vocat
1021 1765 1213 1838 τοὺςὲνγυ-

122 1841 290 1904 spadonum
311 1841 412 1890 morbus
429 1842 500 1892 enlm
516 1844 547 1891 04
562 1837 651 1902 νόσος
687 1836 763 1904 ναιξὶ
764 1857 780 1890 ν
796 1833 916 1911 ἄνδρας,
936 1841 966 1892 ἐν
984 1838 1105 1912 ἀνδράσι
1117 1853 1214 1912 γυναῖ-

123 1919 150 1964 et
179 1911 276 1976 πάθος
304 1915 338 1964 de
373 1917 477 1980 impura
504 1914 648 1979 voluptate
687 1931 749 1978 κας.
785 1914 850 1966 Male
875 1915 917 1966 alii
941 1917 1094 1979 (Scholiasta
1118 1921 1210 1985 4,.400,

122 1991 227 2040 Seneca
246 1991 293 2053 Ep.
312 1989 357 2039 83.
379 1991 520 2052 impudicus
536 1989 651 2039 morbum
687 1989 809 2051 lohusen)
823 1993 993 2040 construunt:
1007 2006 1064 2041 eum
1075 2001 1213 2058 04400404

122 2067 295 2129 sospitatores
302 2065 423 2126 00444404
443 2067 543 2114 Locum
555 2064 651 2114 obscu
683 2066 755 2127 044404
781 2068 896 2115 virorum
920 2069 1089 2118 cantaminum
1116 2071 1212 2132 4440440,

123 2141 224 2190 rior-em
253 2137 365 2189 illustrat
399 2141 529 2189 Lucienus
557 2143 647 2189 Amor
687 2154 747 2204 qur
759 2154 822 2203 grex
835 2140 929 2190 morbo
939 2143 1132 2194 contamrnatus
1142 2149 1211 2196 est

122 2216 179 2272 44.
207 2213 254 2263 0444
278 2213 312 2262 de
336 2214 464 2264 eunuchis
487 2212 591 2263 4000404
614 2213 649 2262 ita
720 2216 759 2264 to
779 2217 819 2264 44.
855 2217 978 2277 impotens
1005 2217 1118 2277 dieitur,
1150 2221 1210 2282 qui,

122 2289 222 2353 pergit:
246 2279 338 2350 οὕτως
360 2283 379 2352 ἡ
399 2282 491 2358 μιαρὰ
507 2289 557 2338 sol
576 2301 648 2337 παν·
686 2290 800 2339 0040404
813 2303 990 2353 4004004000
1004 2291 1051 2350 444,
1069 2296 1211 2376 propterea

121 2359 173 2426 τὸς
189 2358 283 2413 κακοῦ
301 2359 474 2426 4440404404ος
487 2377 583 2431 400400
574 2355 648 2412 ἄλ·
685 2362 814 2427 quidlibet
831 2363 912 2415 audet
927 2367 953 2414 et
969 2366 1091 2428 quamvis
1108 2368 1211 2431 cupidi-

122 2431 212 2504 lpv’
193 2436 241 2486 arr'
258 2431 349 2503 ἄλλης
366 2431 507 2502 ἡδονὰς
489 2433 648 2496 ανωσχύν-
685 2451 748 2489 0404
760 2438 866 2502 explere
878 2440 964 2502 gestit
985 2441 1039 2490 Cio
1050 2441 1082 2489 ad
1098 2442 1168 2491 Fam.
1183 2441 1206 2498 4

123 2527 193 2574 40ος
215 2509 376 2562 ἐπινοοῠσα
396 2513 483 2582 μέχρι
506 2509 558 2577 τῆς
581 2506 648 2562 οὐδὲ
685 2514 714 2572 9,
736 2513 764 2562 3:
791 2515 1032 2564 04444440-444044444·
1049 2517 1083 2563 od
1099 2517 1212 2566 4444440444

123 2582 249 2656 ῥηθῆναι
266 2585 428 2653 δυναμένης
444 2583 535 2638 νόσου
553 2583 648 2636 sarul-
683 2590 758 2648 004444,
771 2593 854 2638 tomen
863 2603 903 2638 404
913 2590 979 2650 40404
988 2589 1121 2652 ferociores
1132 2591 1212 2651 impo-

124 2661 231 2712 440444.
251 2663 384 2712 Eunuchis
403 2663 481 2724 igitur
497 2663 552 2713 suis
569 2661 647 2712 Cleo-
683 2664 845 2724 lentioresque
855 2665 945 2714 4044444.
963 2665 1001 2713 De
1013 2666 1209 2714 constructione

123 2739 198 2800 04440
215 2735 289 2786 abuti
306 2735 410 2786 solebat
421 2736 456 2786 444
467 2735 648 2786 libidinosissi·
684 2737 752 2786 4004.
766 2737 800 2786 ad
818 2737 865 2787 0d.
879 2740 904 2796 4,
922 2737 963 2799 35,
982 2739 1006 2788 4.
1028 2765 1055 2775 -
1073 2739 1212 2789 440444440-

124 2825 197 2862 444440
225 2812 374 2871 Veneram,
410 2824 492 2874 quam
518 2810 648 2874 significat
684 2813 879 2874 eatursortono
895 2812 974 2862 nimis
991 2811 1129 2861 4444044444
1146 2826 1210 2876 pro-

124 2887 209 2950 Prlap.
229 2885 275 2945 78,
293 2887 318 2935 i.
338 2888 365 2935 44
376 2884 485 2937 Martini.
503 2887 542 2947 44,
561 2885 602 2934 59.
618 2911 645 2920 -
683 2889 775 2950 pterea
787 2885 863 2936 fallax
875 2889 954 2948 atque
967 2887 1075 2936 exitium
1088 2885 1206 2936 allatura.

123 2961 152 3009 V.
171 2960 286 3020 4040444444
302 2961 404 3018 404440,
424 2963 453 3009 04
468 2960 646 3020 contaminato,
718 2962 757 3010 44.
776 2960 863 3023 Ebrio]
883 2958 981 3010 «rebus
999 2961 1124 3010 secundis
1143 2959 1210 3012 elata

123 3035 254 3098 imprimis
276 3032 310 3082 ad
332 3035 449 3084 animum
471 3034 585 3084 retertur
607 3034 648 3082 in·
685 3039 712 3085 et
739 3037 826 3098 impos
854 3035 986 3092 mentis,¹›
1022 3034 1098 3084 solito
1131 3037 1211 3084 etiam

122 3123 186 3160 sana
199 3107 307 3158 libidine
319 3109 489 3171 flagrantem,
507 3110 556 3160 etsi
568 3109 647 3158 etiam
685 3110 791 3159 Graecis
818 3113 902 3172 tropo.
928 3111 1022 3158 Aruer.
1047 3109 1148 3170 Fragm.
1169 3109 1208 3158 47.

122 3187 232 3234 externa
258 3185 355 3232 horum
380 3183 517 3234 hominum
542 3185 647 3247 species
685 3196 710 3247 p.
742 3182 798 3230 4445.
828 3183 937 3244 Bergk:
971 3176 1088 3244 μεθύων
1115 3175 1208 3249 ἔρωτι.

121 3259 282 3324 plerumque
305 3257 382 3308 400444
405 3261 453 3309 044.
484 3258 536 3308 Cir.
562 3257 644 3321 Epod.
684 3257 816 3319 Theophr.
841 3256 913 3320 apud
935 3254 1008 3305 Stob.
1027 3256 1075 3304 Tit.
1095 3256 1139 3314 444,
1164 3257 1206 3305 ⁴2:

121 3337 151 3394 9,
171 3335 216 3384 tl:
237 3333 576 3394 3044404404--4004444444444
586 3333 647 3380 Sar-
684 3326 802 3394 μεθύων
830 3333 893 3392 ταῖς
921 3327 1119 3392 φιλονεικ4αις.
1156 3331 1209 3380 De-

120 3411 174 3459 0444
196 3409 297 3472 44400444
315 3413 396 3470 004444
413 3407 581 3472 (praesertim
600 3407 648 3455 Po-
686 3405 783 3455 mosth.
803 3403 867 3454 Phil.
888 3406 911 3453 4.
931 3417 956 3468 p.
977 3405 1023 3455 bl:
1042 3397 1210 3469 04040ιέ4444-

121 3485 196 3534 tlrlno
222 3485 251 3532 et
275 3482 424 3544 Mordionll.
467 3481 646 3544 contemptim
685 3494 736 3528 νον
758 3476 878 3543 μεθύειν
898 3476 936 3545 τῷ
955 3479 1070 3544 μεγέθει
1087 3473 1143 3528 τῶν
1161 3493 1210 3529 444-

121 3560 203 3609 0444404
225 3571 251 3606 v
270 3571 353 3621 04000
373 3559 444 3606 Suet.
464 3557 558 3606 Titi·
554 3568 647 3616 ,400-
685 3555 863 3624 πραγμένων.
889 3553 1021 3604 Himerius
1040 3553 1093 3604 Eel.
1114 3557 1142 3613 4,
1163 3557 1207 3604 te:

120 3635 214 3684 4404444444
230 3645 325 3695 044044.
346 3631 485 3694 (44040440
505 3631 584 3680 Maro.
605 3628 645 3688 44,
685 3629 711 3677 04
726 3625 852 3716 σφόδρα
859 3641 902 3690 τις
910 3622 1105 3752 ’44404040ον
1115 3624 1208 3692 040944-

121 3710 149 3769 5,
179 3707 225 3757 tt:
252 3707 374 3768 spadones
397 3707 474 3755 44444444
489 3706 648 3766 distortoque
684 3718 726 3754 ειν
743 3697 800 3753 ὑπὸ
817 3699 870 3768 τῆς
887 3697 1022 3766 εὐτυχίας
1040 3702 1189 3768 4404.ληφε

120 3747 329 3832 tilreonreotomm
355 3793 475 3843 00400004
507 3778 648 3864 deformer.)
718 3778 756 3828 43.
780 3779 903 3842 Vienna]
923 3779 1010 3841 «quod
1028 3780 1069 3826 vir
1087 3790 1141 3827 une
1159 3790 1209 3826 na-

120 3857 202 3906 Tecit.
228 3857 296 3905 rinn.
316 3857 360 3915 45,
384 3855 428 3904 374
458 3855 525 3904 Naro
546 3853 591 3902 44444
615 3865 647 3902 eo
683 3855 723 3903 vis
742 3865 836 3916 sospes
854 3855 937 3902 0404.»
973 3855 1058 3902 Haase
1077 3851 1209 3913 adlteisig

120 3930 162 3979 tllo
187 3929 417 3979 contaminatorum
441 3941 517 3991 04004
543 3928 569 3976 40
590 3941 647 3975 4440-
685 3929 711 3977 t.
729 3929 773 3978 Gr.
795 3939 853 3990 pag.
874 3927 930 3976 634,
950 3928 1082 3990 inpugna
1101 3925 1207 3976 Actiaca

121 4005 180 4054 444444
190 4003 528 4066 4044044040444004440040444444
536 4001 649 4063 denupsit
684 4003 828 4052 commisso
851 4001 892 4050 IV.
915 4003 982 4050 Non.
1002 4002 1073 4064 Sept.
1093 4015 1117 4050 a.
1138 4013 1162 4049 u.
1184 4013 1207 4050 e.

122 4082 183 4139 044,
203 4078 250 4128 0444
268 4079 325 4128 4404
346 4079 435 4127 animo
455 4077 552 4126 lloratii
573 4075 647 4124 loeus
684 4077 740 4126 723.
771 4077 860 4139 regina
895 4075 1004 4139 quidem
1036 4075 1120 4125 evasit
1147 4087 1209 4124 oum

122 4153 280 4203 obversatus
297 4151 410 4202 videtur.
432 4179 459 4187 -
480 4152 508 4199 V.
522 4152 645 4210 04404004,
685 4149 770 4200 classe
789 4150 904 4214 sospite,
928 4149 977 4199 sad
994 4149 1097 4199 Antonii
1115 4147 1208 4198 classis

123 4229 147 4276 in
168 4240 222 4291 quo
246 4226 321 4277 multi
343 4227 499 4284 haeserunt,
527 4228 568 4274 est
584 4225 645 4273 κατ’
684 4223 744 4289 0404
763 4237 844 4287 quam
862 4224 934 4274 CCC.
955 4223 1067 4274 navibus
1083 4224 1208 4274 constans

124 4303 267 4372 εἰρωνείαν
293 4301 394 4352 dietum
421 4315 469 4364 040
499 4313 544 4359 eo,
575 4299 645 4362 quod
684 4311 769 4363 paene
789 4296 1076 4360 totaignetleletaest.
1097 4297 1208 4357 04444044
