3080 4980
287 425 309 474 ll
746 423 933 474 PRAEFATIO.

288 580 349 648 hac
372 553 460 647 recte
477 578 620 646 iudicare
636 578 862 646 adolescentes
877 577 1073 646 condiscant.
1119 578 1173 644 Sic
1188 597 1282 664 ergo,
1306 597 1376 643 cer-

287 712 355 768 tum
382 699 515 768 modurn
545 701 572 768 si
603 701 858 776 servaverimus,
892 698 978 766 haud
1009 699 1159 786 exiguam
1188 719 1283 764 omne
1317 697 1377 762 hoc

288 821 510 910 exemplorum
539 842 642 909 genus
669 821 837 890 utilitatem
859 821 1036 890 lectoribus
1059 819 1281 907 praebiturum
1304 837 1377 886 esse

288 943 425 1010 conlido.
1316 1012 1318 1020 ,

350 1067 386 1130 ln
419 1063 553 1152 singulis
585 1064 680 1132 huius
711 1064 784 1131 libri
818 1064 956 1152 plagulis
991 1072 1141 1132 accurate
1176 1059 1377 1151 corrigendis

286 1186 421 1254 multum
446 1207 499 1254 me
525 1187 605 1252 iuvit
627 1185 746 1254 Baiteri
772 1186 835 1252 mei
863 1185 966 1252 amica
992 1183 1174 1271 diligentia,
1199 1193 1376 1250 metrorum

287 1317 395 1374 autern
417 1308 664 1375 Horatianorum
683 1307 817 1374 brevem
840 1307 1073 1394 expositionem
1095 1305 1274 1374 elaboravit
1297 1303 1378 1391 opti-

288 1449 360 1496 mae
383 1430 454 1516 spei
487 1428 695 1504 adolescens,
729 1429 887 1498 Henricus
912 1428 1148 1504 Schweizerus,
1183 1424 1376 1494 Turicensis.

352 1623 540 1692 Scribebam
564 1625 669 1693 Turiei
691 1627 742 1690 Xl.
766 1628 803 1690 D.
827 1625 949 1692 mensis
972 1623 1083 1689 Martii.

543 1747 581 1810 ll,
606 1745 721 1814 DCCC.
744 1745 892 1812 XXXVll.

726 1980 942 1992 -nb—-u-——1

673 2199 986 2262 mulo

564 2351 814 2416 EDlTlONlS
850 2351 1111 2418 SECUNDAE.

763 2513 910 2521 ----.

353 2649 486 2714 Praeter
518 2649 792 2736 exspectationem
821 2667 894 2714 cum
924 2650 1085 2726 evenerit,
1120 2659 1155 2716 ut
1183 2649 1233 2717 vel
1266 2653 1380 2720 ferreis

290 2767 339 2834 his
363 2767 563 2854 temporibus
597 2770 660 2836 iam
682 2780 756 2856 post
787 2770 1044 2857 quinquennium
1074 2773 1259 2838 necessaria
1287 2773 1381 2842 lieret

291 2890 413 2957 Horatii
436 2890 499 2956 mei
523 2891 683 2978 repetitio,
715 2890 870 2978 equidem
891 2893 1036 2978 praestiti
1059 2893 1149 2981 quod
1170 2893 1277 2979 potui,
1307 2915 1381 2961 cor-

291 3011 360 3080 rexi
382 3031 526 3088 errores,
560 3010 684 3085 addidi,
719 3033 804 3100 quae
833 3011 886 3078 illo
909 3033 949 3078 en
975 3023 1121 3100 tempore
1144 3012 1259 3079 sedulo
1281 3013 1381 3081 colle-

291 3153 411 3222 geram.
457 3133 608 3202 Ceterum
638 3132 725 3200 haud
754 3153 859 3220 pauca
889 3132 996 3200 debeo
1018 3131 1279 3211 Walclrenaerio,
1313 3133 1380 3200 Dil-

290 3253 500 3342 lenhurgero,
524 3253 691 3330 Ldbkero,
716 3254 869 3330 Frankio,
894 3253 1041 3342 Regelio‚
1068 3265 1165 3343 atque
1181 3256 1213 3322 in
1228 3255 1379 3343 Epistolis

292 3373 437 3442 Obbario
460 3385 493 3442 et
514 3373 686 3440 Schmidio.
731 3376 821 3442 Nova
843 3385 951 3442 autem
973 3375 1119 3442 subsidia
1134 3376 1244 3443 critica
1266 3385 1379 3444 nactus

292 3513 357 3560 non
385 3513 472 3572 sum,
506 3503 734 3582 praeterquam
763 3497 795 3562 in
824 3495 975 3584 Epistolis
1003 3496 1111 3563 lacera
1132 3497 1295 3584 quaedam
1316 3497 1380 3564 lra-

292 3623 420 3702 gmenta
449 3615 527 3682 Cod.
557 3615 788 3684 Einsiedlensis
820 3619 892 3685 Sec.
921 3618 957 3682 ll.
999 3618 1065 3702 (lll3
1110 3617 1169 3685 sed
1198 3618 1380 3686 accuratius

294 3756 379 3802 nunc
412 3736 537 3824 inspexi
566 3737 755 3805 varietatem
789 3737 943 3806 Codicum
976 3737 1121 3806 Oberlini
1153 3761 1192 3806 ac
1226 3739 1379 3806 Pottierii.

293 3859 466 3926 Praeterea
496 3879 536 3926 ex
566 3859 651 3926 dono
682 3859 872 3934 amicorum,
906 3859 1074 3947 Borbergii
1098 3873 1130 3927 et
1157 3860 1298 3948 llettigii,
1333 3860 1382 3924 in-

294 3979 487 4066 scriptiones
516 3979 618 4048 Codd.
639 3979 852 4047 Bernensium
881 3979 948 4047 Bbc
980 3991 1012 4047 et
1042 3980 1259 4070 sangallensis
1288 3980 1381 4069 oppi-

295 4099 370 4166 dani
394 4101 436 4184 (S)
461 4100 597 4189 adeptus
619 4121 706 4176 sum3
741 4098 819 4167 Ccd.
842 4101 1040 4178 Turicensis,
1073 4123 1172 4190 quem
1194 4111 1294 4169 totum
1323 4102 1381 4169 de-

297 4243 361 4286 nuo
391 4221 525 4295 contuli,
560 4221 784 4306 inscriptiones
816 4221 887 4308 ipse
918 4223 1075 4310 excerpsi.
1120 4223 1219 4291 Cuius
1249 4224 1381 4312 quidem
