2992 4978
677 486 680 492 ¹
707 411 835 477 nonarn
856 412 1023 465 canninosi

494 579 607 644 Portas
627 571 676 638 vir
698 567 831 636 Macedo
853 577 885 634 et
906 567 1031 634 subruit
1053 570 1197 637 aemulos
1229 559 1234 570 '

493 701 598 784 Reges
620 689 825 768 muneribus3
849 709 984 756 munera
1005 691 1135 757 navium
1353 691 1385 757 it

577 817 699 883 Saevos
722 811 896 901 illaqueant
916 814 1027 880 duces.

493 961 698 1026 Crescentem
720 957 868 1045 sequitur
890 976 967 1022 cura
989 955 1159 1041 pecuniam

494 1081 715 1168 Maiorumque
737 1078 848 1144 sames.
893 1077 965 1143 lure
989 1075 1160 1164 perhorrui

491 1205 569 1270 Late
590 1201 802 1288 conspicuum
825 1197 938 1265 toMere
959 1198 1129 1274 verticem,

575 1325 758 1398 Maecenas,
788 1320 934 1408 equitum
955 1319 1066 1386 decus.

489 1467 616 1546 Quanto
638 1462 778 1552 quisque
801 1459 862 1528 sibi
884 1459 977 1548 plura
996 1459 1177 1548 negaverit,

493 1586 541 1652 Ab
564 1585 614 1652 dis
636 1584 729 1673 plura
750 1583 848 1649 teret:
872 1581 915 1646 nil
937 1581 1134 1668 cupientium

385 1769 426 1818 22.
444 1767 465 1817 A
482 1765 593 1826 nacti.

257 1943 262 1950 ·
321 1914 460 1968 44444444
482 1914 612 1986 χρυσίον.
648 1912 679 1962 Et
702 1911 842 1962 vaticinata
878 1913 1034 1974 rumpunt.»
1065 1909 1145 1963 Multo
1171 1911 1334 1976 trequentius
1359 1913 1391 1960 est

319 1985 841 2054 eieraththiatesteDiogenianoAdag.
879 1985 988 2036 irretire.

320 2067 395 2117 Cent.
414 2066 444 2126 4,
462 2064 511 2116 84;
532 2057 692 2134 Ἀργυρέαις
708 2055 843 2126 λόγχαισι
913 2061 952 2109 47.
975 2061 1015 2110 48.
1041 2061 1208 2126 0444444444]
1235 2062 1343 2112 Theocr.
1358 2059 1391 2114 44,

316 2135 415 2206 μάχου
433 2139 482 2190 aul
499 2133 593 2188 πάντα
606 2130 767 2208 κρατήσεις.
787 2135 841 2185 Cic.
879 2131 928 2184 ot:
947 2127 1110 2204 ἅνὴριθμος
1120 2132 1152 2186 δέ
1163 2134 1194 2184 cl
1205 2132 1252 2202 εἴη
1260 2129 1391 2208 'Mpyepoe'

318 2215 353 2265 ad
369 2216 421 2265 Ati.
441 2216 470 2276 4,
485 2215 531 2264 lo:
554 2213 681 2275 Philippus
697 2211 782 2261 onmia
797 2223 843 2260 ea-
878 2207 975 2260 aletes
984 2207 1111 2261 πλεόνων
1121 2202 1186 2270 ἔχοι
1198 2203 1391 2282 {pupugeritis

317 2290 389 2339 stella
413 2288 557 2352 ecpupnaal
578 2301 652 2350 posse
676 2285 788 2347 dicebat,
817 2285 843 2333 44
878 2285 967 2335 iuven.
983 2285 1026 2348 44,
1046 2285 1110 2337 439τ
1130 2285 1224 2337 Crescit
1241 2301 1314 2337 aanor
1328 2297 1391 2334 4444·

319 2377 384 2426 quae
399 2364 472 2412 niodo
489 2363 579 2412 asellas
596 2366 697 2412 4444444
714 2375 779 2411 aero
786 2372 845 2422 pos-
877 2360 928 2422 mi,
947 2365 1070 2422 44444444
1080 2361 1255 2423 444444444ιί4
1265 2361 1355 2412 matii.
1367 2381 1393 2430 ”.

319 2442 354 2486 set
370 2437 510 2486 4444444444.
541 2434 658 2486 iuvenali
678 2436 722 2497 44,
742 2434 782 2486 ii.
801 2435 844 2484 est
878 2433 1061 2498 Maioremque]
1080 2435 1235 2486 «maiorum
1252 2448 1355 2500 opum·

317 2510 423 2560 44444444
439 2514 535 2571 eneptor
551 2509 658 2569 0444444.
684 2535 711 2544 -
737 2507 841 2573 alentii]
912 2509 951 2558 48.
980 2509 1019 2559 ie.
1048 2510 1106 2559 lare
1120 2509 1273 2575 perhorreat]
1291 2507 1392 2560 «Divitiis

318 2583 465 2635 «subvertit
489 2597 560 2648 repes
587 2583 714 2644 44444444,
743 2584 843 2632 Ρ4444-
879 2584 997 2633 eminere
1010 2583 1196 2634 interceteros
1209 2598 1243 2635 ac
1261 2584 1390 2649 propterea

317 2661 402 2720 niam,
425 2660 558 2721 argaeum
575 2660 624 2720 44.,
651 2660 681 2707 44
697 2658 726 2706 44
740 2657 843 2718 Arrhy-
878 2659 958 2720 capnt
974 2655 1112 2719 attollere,
1142 2658 1286 2722 superbire
1309 2657 1390 2708 merito

316 2735 382 2784 ham
412 2732 601 2795 Molossorum,
632 2729 842 2794 Chersoblepten
878 2743 987 2795 semper
1009 2735 1166 2796 aspernatus
1183 2746 1275 2784 sum..
1304 2759 1329 2769 -
1354 2729 1391 2778 iol·

315 2808 449 2858 Threcum
466 2819 571 2869 regem,
590 2807 722 2870 corruptis
739 2805 843 2855 exerci-
878 2806 928 2855 lere
943 2806 1071 2870 44444444]
1090 2806 1137 2856 0d.
1153 2809 1181 2868 4,
1196 2807 1243 2870 48,
1258 2808 1304 2858 to:
1322 2804 1393 2856 444444

316 2885 391 2933 tuum
409 2881 548 2932 ducibus.»
584 2882 663 2944 Quid,
683 2879 755 2946 quod
770 2880 842 2945 apud
877 2893 986 2930 44444444
999 2881 1057 2943 plia
1077 2881 1155 2932 444444
1177 2883 1266 2946 plotae
1280 2881 1391 2934 celaen-

314 2960 423 3021 poetem
448 2969 473 3007 v.
499 2969 570 3020 repes
595 2955 737 3020 complecti
763 2953 841 3006 simul
880 2983 907 2992 -
926 2956 1097 3020 conspicatae]
1114 2969 1165 3020 per
1180 2957 1333 3023 prolepsin:
1352 2955 1391 3002 «ite

316 3033 396 3081 etiem
417 3031 505 3096 potest
521 3029 711 3094 Euthycratem
742 3032 769 3080 44
791 3031 842 3079 La·
877 3028 983 3092 tollere,
1013 3033 1042 3081 ut
1059 3033 1202 3095 propterea
1225 3030 1280 3084 late
1301 3029 1394 3092 conmi-

315 3106 447 3166 sthenem,
466 3104 651 3169 Olynthiorum
661 3106 806 3170 principes,
825 3117 839 3153 4
878 3117 944 3155 4444
961 3105 1032 3156 flat.»

218 3205 221 3214 .
315 3187 455 3232 4444444444
472 3181 594 3230 Graeciae
611 3177 675 3244 (Vel.
694 3181 762 3230 Max.
776 3179 800 3240 4,
814 3180 838 3229 4.
909 3180 950 3229 44).
969 3181 1080 3242 equitem
1091 3180 1172 3245 (4444]
1188 3181 1393 3234 Monslueouuso

316 3256 369 3305 ext.
390 3253 441 3316 iil.)
460 3255 622 3318 corruptos?
642 3280 668 3289 -
698 3255 788 3318 Imago
814 3254 841 3303 in
878 3255 904 3304 in
921 3253 965 3305 tali
982 3255 1175 3306 sententiarum
1192 3255 1265 3307 serie
1289 3257 1337 3306 hac
1358 3265 1394 3318 ap

314 3342 341 3378 v.
359 3328 456 3378 44444444
472 3340 488 3377 4
505 3324 633 3378 cuniculis
650 3329 677 3378 in
694 3326 777 3379 urbes
794 3327 842 3378 ob·
877 3327 1017 3392 peMatione
1039 3341 1105 3380 usus
1123 3330 1176 3391 est,
1204 3343 1260 3393 qua
1283 3327 1393 3394 qnemns

315 3415 404 3454 sessas
421 3403 486 3452 actis
503 3403 617 3466 repetita
635 3404 684 3452 est.
878 3403 995 3466 equitem
1012 3404 1161 3454 Romanum
1178 3401 1312 3455 iMustrem
1333 3400 1395 3454 saln-

349 3479 389 3528 ltt.
404 3477 443 3527 46.
462 3477 566 3528 maura
577 3476 714 3542 nauem]
733 3477 839 3538 Menas,
877 3479 933 3527 tare
951 3479 1070 3542 poterat,
1093 3477 1247 3542 significans
1265 3481 1395 3530 44444444-

316 3551 363 3602 Cn.
382 3552 500 3615 Pompeii
520 3551 649 3615 libertus,
675 3553 728 3602 dux
748 3551 841 3604 classis
877 3553 932 3602 tem
950 3552 1028 3602 buius
1044 3551 1144 3603 ordinis
1155 3553 1208 3603 flne
1220 3565 1332 3617 semper
1341 3563 1395 3601 eon

316 3626 375 3674 Sex.
390 3627 523 3689 Pompeii,
542 3627 594 3678 hoo
613 3627 720 3678 deserto
737 3639 761 3676 a.
775 3641 801 3678 u.
815 3640 838 3678 c.
877 3627 980 3676 tentum
989 3627 1080 3686 luisse,
1094 3641 1154 3687 nec,
1168 3627 1242 3691 quod
1252 3625 1394 3678 iaciMimam

315 3698 373 3748 746.
384 3698 419 3748 ad
428 3697 600 3752 Octavianum
609 3701 768 3763 desciverat,
778 3713 841 3751 mox
878 3702 902 3751 el
919 3700 1026 3761 luisset,
1048 3699 1164 3751 voluisse
1183 3703 1298 3752 44444444
1316 3701 1341 3750 44
1357 3709 1395 3746 ar-

316 3785 349 3822 eo
361 3770 452 3822 relicto
464 3774 498 3823 ad
510 3776 628 3838 Pompeii
644 3787 737 3825 rursus
749 3777 841 3839 partes
877 3775 967 3824 (444444
984 3776 1149 3826 senatorium
1166 3779 1212 3826 aut
1228 3774 1298 3827 ullos
1310 3783 1394 3838 gerere

315 3845 457 3896 transierat
465 3846 581 3912 indeque
591 3849 688 3899 iterum
697 3851 842 3900 cumocta-
877 3849 1046 3912 magistratus
1076 3849 1241 3909 ordinarios;
1277 3849 1305 3900 id
1331 3843 1393 3912 quod

314 3921 393 3972 viano
402 3935 431 3972 se
442 3923 623 3972 coniunxerat.
636 3925 743 3974 Poterat
750 3925 840 3976 autem
876 3923 1014 3988 perspexit
1030 3924 1083 3974 iam
1100 3926 1197 3975 Acron.

316 3997 389 4046 hunc
414 3995 551 4047 hominem
577 3997 699 4050 Horatius
721 4011 753 4048 eo
776 3997 841 4050 iaci·
909 3998 951 4048 44.
971 3999 1081 4062 Quanto]
1101 3999 1220 4059 4044444
1231 3996 1394 4062 paucioribus
1485 4019 1486 4042 i

314 4069 365 4121 lius
382 4071 489 4132 notare,
509 4069 840 4136 cumabipsooctaviano
876 4073 946 4123 vitae
971 4072 1119 4124 commodis
1153 4073 1234 4124 homo
1264 4071 1394 4123 4444444444

314 4144 449 4212 proditor,
485 4147 514 4196 ut
539 4145 580 4208 fit,
614 4149 839 4198 contemneretur.
877 4149 935 4209 444,
963 4159 995 4198 44
1021 4147 1141 4212 pluribus
1166 4146 1270 4212 gaudiis
1297 4145 1393 4200 nator.

315 4220 365 4270 llio
382 4217 428 4282 48,
447 4219 488 4271 io.
508 4223 536 4272 et
552 4219 597 4284 49,
612 4222 635 4273 4.
655 4223 762 4274 sueton,
782 4222 838 4272 Oct.
877 4235 939 4272 cum
956 4222 1115 4288 praesertim
1137 4221 1205 4273 liber
1220 4222 1255 4272 nt
1277 4220 1312 4270 sb
1329 4215 1393 4270 omni

315 4291 356 4346 ii.
373 4321 399 4331 —
419 4295 568 4360 illaqueant]
588 4295 725 4348 «alliciunt
742 4299 768 4347 ei
784 4309 842 4346 cor
877 4297 964 4348 taedio
990 4309 1021 4349 sc
1047 4295 1168 4362 lastidio,
1197 4309 1267 4362 quae
1294 4291 1393 4360 quiden
