3012 4978
676 422 817 500 ,uonnru
835 431 1004 484 cnamuuu

437 585 591 672 Spiritum
613 584 764 653 Phoebus
785 585 878 662 mihi,
903 585 1053 654 Phoebus
1075 597 1177 653 artem

436 707 593 773 Carminis
614 729 798 796 nomenque
820 708 909 776 dedit
929 717 1054 798 poetae.

436 827 601 916 Virginum
622 829 746 916 primae
768 831 928 918 puerique
950 830 1046 898 claris

520 949 667 1016 Patribus
689 952 765 1028 orti,

436 1105 548 1175 Deliae
570 1107 670 1174 tutela
696 1107 779 1176 deae
801 1109 933 1197 fugaces

435 1230 562 1317 Lyncus
584 1239 617 1296 et
637 1250 753 1296 cervos
775 1229 954 1298 cohibentis
976 1253 1074 1308 arou,

435 1349 587 1416 Lesbium
609 1360 736 1417 servate
757 1349 875 1439 pedem
898 1353 1027 1440 meique

520 1470 647 1539 Polliois
670 1472 782 1548 ictum,

376 1671 416 1721 aa.
434 1671 533 1735 namo
549 1672 577 1720 s.

342 1838 382 1888 29.
409 1840 450 1889 30.
479 1842 568 1892 Naxus
586 1845 654 1893 inter
680 1845 749 1895 hanc
767 1845 837 1894 stro-
875 1846 921 1907 qui
937 1841 1039 1909 pollicis
1057 1846 1132 1893 motu
1154 1842 1333 1905 indicabatur,
1358 1843 1394 1894 io

309 1913 380 1976 phen
404 1915 431 1963 et
451 1916 645 1978 praecedentes
663 1933 677 1968 a
701 1918 837 1983 plerisque
875 1919 973 1981 quitur.
992 1917 1141 1968 Terentiam
1157 1919 1240 1968 Maur.
1251 1919 1332 1969 2253:
1350 1920 1394 1969 od-

313 1987 503 2051 inierpreiibus
522 1991 608 2041 minus
620 1995 779 2056 perspectus
793 1993 837 2042 hio
873 1999 970 2042 autom
980 2005 1096 2054 moram,
1116 1994 1395 2054 Qacmpouiwcsom

313 2065 365 2112 esi:
390 2065 504 2114 «Preces
522 2078 597 2116 mess
617 2066 709 2131 Apollo
728 2068 836 2118 iamiam
873 2067 912 2116 oei
934 2067 1030 2129 plausu
1050 2067 1123 2129 pedm
1138 2067 1334 2130 Discrimioare,
1357 2069 1396 2128 qui

312 2137 462 2200 exaudivii;
481 2139 538 2203 ipse
558 2153 602 2191 me
622 2143 727 2205 poetico
747 2143 836 2192 iurore
874 2144 961 2191 docem
975 2147 1068 2202 arian,
1087 2142 1171 2192 somni.
1192 2143 1255 2204 Qui,
1274 2145 1304 2193 ut
1315 2155 1394 2207 nuper

311 2211 456 2274 perculit;»
474 2215 546 2264 unde
559 2217 655 2267 missas
666 2217 766 2268 iaciens
777 2230 839 2282 pre·
875 2217 954 2266 etiarn
973 2215 1158 2280 Diiienburger
1178 2229 1239 2281 pag.
1259 2217 1317 2276 93,
1336 2227 1391 2267 cum

311 2297 372 2346 cce,
392 2288 489 2350 quibus
501 2289 563 2340 doni
576 2290 643 2342 iliius
655 2293 773 2356 compoti
785 2293 837 2341 iam
875 2289 1026 2340 Scholiasiis
1052 2289 1199 2355 explicant:
1226 2290 1395 2341 «modulatio-

311 2373 365 2410 non
383 2374 450 2424 opus
472 2368 527 2424 est,
554 2365 666 2416 fiduciae
692 2366 787 2430 plenus
807 2379 837 2416 se
875 2377 938 2416 nem
956 2366 1096 2424 carminis,
1126 2363 1206 2414 veluti
1232 2366 1291 2429 ipse
1317 2365 1395 2430 lyram

312 2433 400 2498 ipsum
409 2439 516 2498 poetam
528 2440 677 2502 profitetur.
696 2444 776 2506 igitur
787 2444 838 2492 hoc
874 2441 1053 2504 percutiamn,
1073 2438 1144 2489 baud
1156 2441 1219 2490 satis
1232 2440 1396 2490 attendemut

313 2507 546 2562 rursuslocoiilud
560 2515 735 2566 recordemur
745 2521 839 2567 neees-
875 2514 910 2564 ad
927 2515 981 2564 vim
994 2515 1067 2564 vocis
1078 2515 1172 2576 mimo,
1190 2513 1269 2579 longe
1282 2516 1396 2566 diversae

313 2593 343 2630 se
362 2583 419 2631 est:
444 2583 520 2634 Some
536 2589 678 2650 supermom
695 2591 838 2652 Quaesitum
876 2585 910 2638 ab
933 2589 981 2650 iis,
1007 2601 1077 2651 quae
1102 2586 1137 2638 ad
1158 2601 1183 2637 v.
1207 2589 1303 2650 petiere
1320 2591 1395 2651 m

312 2656 416 2706 meritis.
436 2658 492 2719 (od.
503 2660 527 2720 3,
538 2661 578 2722 30,
593 2661 644 2726 44.)
657 2693 685 2700 -
706 2665 837 2731 Spiritum]
876 2663 1022 2726 pertinent,
1042 2675 1130 2726 neque
1149 2662 1337 2728 expenderunt
1349 2665 1396 2714 iio-

312 2727 545 2798 ἐνθουσιασμόν,
565 2739 610 2800 qui
622 2740 673 2788 orii
687 2743 836 2805 opponitur.
876 2739 974 2788 ratium
995 2749 1030 2788 ne
1052 2738 1157 2802 poetice
1179 2738 1291 2801 quidem
1314 2739 1396 2789 uicere

314 2805 368 2856 Cir.
379 2807 426 2858 Od.
440 2809 465 2868 3,
477 2809 517 2870 46,
528 2811 569 2861 38.
583 2811 630 2862 0d.
642 2813 668 2874 4,
681 2815 705 2876 3,
718 2814 760 2866 si.
779 2817 837 2866 Tria
876 2813 1008 2876 potuisse,
1026 2814 1115 2862 semei
1131 2813 1220 2876 ipsum
1236 2811 1326 2875 lyram
1343 2823 1396 2862 esse

314 2874 404 2922 autem
427 2874 494 2924 haec
511 2876 654 2941 perficiunt
670 2885 778 2944 poetam
796 2882 838 2933 tali
876 2886 1024 2950 pulsurum.
1070 2887 1127 2936 iioc
1156 2885 1235 2936 dicii:
1276 2885 1396 2938 «nocem

313 2947 421 2997 nomine
444 2947 569 3012 dignum,
600 2955 752 3018 ingenium,
782 2961 840 3009 siu·
877 2962 975 3012 choros
998 2961 1098 3026 (dociles
1114 2973 1238 3012 meorum
1261 2961 1395 3022 sinodorum,i

314 3020 402 3084 dium,
421 3023 491 3075 iama
508 3027 614 3090 uirique
628 3032 804 3095 respondens.
876 3029 991 3106 ῥυθμὸν
1003 3035 1167 3100 sapphicum
1184 3037 1312 3088 carminis
1329 3049 1397 3087 secu

347 3097 388 3148 34.
418 3100 671 3169 Virainumpiimoe]
694 3107 838 3160 mobiles.»
876 3109 966 3160 iaris.»
1287 3162 1293 3174 ,

314 3171 395 3223 Erant
428 3177 518 3228 sutem
554 3179 670 3242 virgines
704 3184 731 3233 et
762 3185 840 3248 pueri
910 3185 949 3234 37.
969 3184 1010 3235 38.
1029 3185 1095 3246 Rite]
1115 3185 1397 3236 «examinamus

314 3247 422 3308 patrimi
447 3251 475 3300 ei
498 3254 627 3315 matrimi,
658 3269 690 3306 ex
715 3257 840 3321 gentibus
877 3259 997 3310 rimoniis
1017 3259 1161 3323 antiquitus
1181 3259 1260 3310 nobis
1280 3260 1396 3310 madito.-

314 3323 446 3385 patrieiis,
481 3328 637 3389 parentibus
669 3332 841 3384 coniarreatis
880 3361 908 3372 —
926 3335 990 3398 soce]
1009 3333 1153 3384 «iumine.-
1183 3334 1267 3384 Diana
1285 3335 1396 3385 uaniora

316 3397 406 3458 44444ῑί44·
877 3411 904 3462 in
921 3409 1036 3472 antiquis
1054 3409 1235 3458 monumentis
1252 3410 1299 3458 aut
1316 3408 1396 3459 iunarn

351 3471 382 3521 33
394 3473 460 3524 -36,
479 3477 569 3545 tuicio]
589 3482 655 3544 «qui
674 3483 738 3534 estis
755 3484 781 3532 in
798 3485 841 3533 iu·
878 3483 1047 3534 crescentem
1072 3493 1095 3532 s.
1118 3479 1241 3533 iaicatam
1267 3483 1295 3533 iu
1318 3482 1396 3546 capite

318 3543 507 3600 ieiaDiauae.»
526 3553 619 3606 Catuli.
633 3555 679 3617 34,
693 3557 722 3607 i:
741 3559 842 3608 Dionae
878 3557 961 3607 habet
983 3558 1030 3607 aut
1051 3555 1138 3606 iacem
1160 3555 1253 3606 dextra
1271 3558 1346 3608 tenet
1359 3553 1397 3605 aut

317 3631 402 3669 uanus
418 3623 839 3696 infidePueitoeetpueiinioqii.
878 3633 992 3694 utroque
1019 3629 1144 3694 symbolo
1162 3632 1255 3680 ornata
1273 3629 1397 3695 conspici-

319 3717 348 3729 -
358 3695 499 3762 cohibentis]
511 3701 643 3755 «sistentia
655 3707 680 3756 in
693 3707 762 3770 iuga,
776 3708 841 3758 dum
879 3709 930 3756 tur.
951 3704 1004 3756 Cir.
1024 3703 1103 3756 Millin
1121 3705 1187 3755 Gali.
1200 3705 1305 3766 mutiat.
1319 3707 1348 3756 N.
1360 3702 1395 3752 ‘B-

318 3778 366 3816 eos
382 3770 482 3832 sagittis
505 3775 659 3840 transfigit.»
688 3780 790 3832 Gallim.
810 3783 840 3832 H.
880 3781 937 3830 447.
957 3780 1014 3830 448.
1029 3779 1085 3829 isi.
1105 3779 1172 3829 ilinc
1189 3779 1269 3844 Soph.
1283 3779 1395 3830 Trachin.

318 3839 393 3891 Dian.
414 3842 461 3893 io:
487 3841 597 3900 ὁππότε
612 3855 717 3917 μηκέτι
736 3851 843 3922 λύγκας
879 3853 937 3905 sti.
967 3856 1046 3904 vocat
1072 3846 1204 3925 'Aprem
1243 3849 1396 3921 Ὀρτυγὶω,

319 3909 392 3980 Μήτ’
409 3915 538 3986 ἐλάφους
554 3922 700 3992 βάλλοιμι.
719 3957 746 3966 -
760 3931 843 3982 Lesbi-
880 3924 1086 3991 ἑλαφαβόλον,
1113 3920 1293 3997 ἀμφίπυρον.
1325 3927 1397 3980 Dicti-

317 3995 487 4060 tim-pedem]
503 4001 799 4068 metrumsapphicum.
814 4035 841 4045 -
881 4017 942 4056 mus
964 4007 991 4055 in
1012 4002 1116 4056 Antinoi.
1140 4003 1194 4055 Psi.
1218 4007 1237 4055 4.
1261 4019 1322 4070 pag.
1339 4003 1394 4055 sii:

319 4067 416 4120 Poiiicis
437 4073 527 4138 ictum]
550 4076 779 4146 χειρονομοῦντά
795 4096 840 4146 με,
881 4069 1394 4152 Φωσφόρος,ὦσῶτειρ·-·Ἀρτεμι.-

322 4144 386 4194 Vide
412 4147 576 4201 Boissonade
602 4150 636 4201 ad
660 4155 790 4206 Aristaeo.
814 4170 841 4220 p.
881 4157 1022 4218 Nociiiaco]
1050 4151 1231 4220 νυκτιφαὴς,
1250 4153 1396 4216 matriqu-

320 4219 376 4270 384.
407 4222 464 4271 Non
487 4222 522 4274 ds
545 4225 601 4289 ipsa
619 4227 736 4279 citharae
753 4229 841 4294 pulsa·
882 4226 948 4295 πῆς.
984 4232 1051 4282 ltem
1080 4225 1267 4300 σελασφόρος
1296 4233 1393 4280 Pausan-

320 4295 406 4359 tione,
441 4297 490 4350 sed
516 4297 550 4349 do
576 4303 701 4355 carminis
722 4298 843 4374 ῥυθμῷ,
884 4305 1008 4368 4,34,3,
1028 4307 1055 4356 et
1071 4300 1234 4376 φωσφόρος
1260 4305 1298 4355 id.
1317 4304 1343 4358 4,
1360 4300 1393 4353 34.
