3002 4974
595 515 597 522 Α
676 443 804 494 ιιοιιιιιι
823 443 991 494 cinmuuu

542 602 625 669 Clari
648 601 803 688 Giganteo
826 596 1006 686 triumpho,

588 723 709 790 Cuncta
732 718 905 808 supercilio
927 719 1095 785 moventis.

502 883 571 958 Est,
596 891 632 947 ut
652 880 722 946 viro
744 881 792 945 vir
815 879 908 944 letius
931 878 1059 944 ordinet

501 1003 639 1069 Arbustn
663 1002 778 1078 sulcis,
802 1001 855 1067 hic
876 1001 1067 1089 generosior

545 1124 729 1191 Descendat
752 1125 783 1188 in
806 1124 963 1211 Campum
985 1123 1115 1211 petitor,

587 1245 729 1313 lloribus
753 1245 805 1312 hic
827 1245 1008 1333 meliorque
1031 1245 1113 1312 lama

503 1405 694 1482 Contendat‚
718 1404 761 1470 illi
785 1403 880 1471 turba
903 1402 1067 1472 clientium

356 1609 379 1658 o.
399 1608 458 1658 Esto
476 1604 593 1657 molebat
610 1603 752 1656 Bentleius.

290 1779 320 1838 5,
339 1777 368 1836 T,
387 1775 433 1825 ll:
464 1775 492 1823 Si
509 1773 576 1835 quod
591 1774 681 1835 impert
699 1779 733 1822 est
750 1773 776 1822 in
794 1777 817 1822 te
853 1772 953 1822 Verum
976 1785 1040 1822 sune
1074 1773 1113 1822 sic
1144 1772 1293 1835 procedunt
1317 1774 1368 1822 iun-

289 1853 358 1901 miti.
394 1851 466 1899 Pers.
487 1848 516 1908 3,
536 1849 564 1908 i,
583 1849 629 1896 lt:
648 1849 740 1907 ileum,
759 1847 816 1908 opi-
854 1847 1004 1909 grinturque
1033 1847 1199 1897 sententiae:
1240 1847 1301 1898 «Vel
1326 1848 1368 1911 ipsi

290 1939 347 1987 nor,
365 1925 498 1986 inperium
514 1925 541 1972 in
558 1928 589 1982 ts,
607 1937 658 1972 non
674 1924 701 1970 in
717 1935 756 1970 mo
773 1920 817 1969 itti
854 1932 945 1983 reges,
984 1921 1028 1984 qui
1053 1922 1132 1985 primi
1158 1921 1228 1971 inter
1253 1920 1369 1972 mortales

290 2005 333 2050 ost.
353 1999 405 2049 Clr.
419 1996 532 2047 Lublrer.
549 2023 576 2032 -
596 1997 717 2060 quanieo
729 1996 817 2044 trium-
854 1995 988 2045 ducuntur
1005 1998 1032 2044 et
1048 1995 1222 2060 popularibus
1233 1999 1289 2048 suis
1300 1999 1371 2048 timo-

286 2073 350 2138 plio]
369 2085 422 2136 quo
437 2073 494 2136 ipse
511 2070 657 2133 legitimum
675 2068 748 2119 orbis
761 2071 816 2118 ter-
854 2083 913 2122 rem
938 2071 1080 2131 incutiunt,
1110 2085 1217 2122 summo
1243 2073 1311 2123 lovis
1328 2073 1373 2122 im·

290 2161 383 2199 mrum
406 2148 538 2211 totiusque
556 2146 648 2198 mundi
674 2145 815 2209 imperium
854 2147 930 2210 perio
948 2145 1060 2196 subiecti
1087 2150 1161 2196 sunt:
1192 2149 1293 2212 pariter
1311 2159 1374 2210 quo-

290 2224 404 2287 adeptus
416 2225 481 2272 erat.
498 2249 524 2258 —
540 2222 627 2270 Curru
639 2221 664 2270 in
677 2219 816 2282 Gigantum
855 2235 907 2285 que
925 2219 1089 2284 locupletes,
1119 2224 1255 2284 generosi,
1285 2225 1375 2286 poten·
1483 2227 1484 2238 ¹

290 2301 379 2361 strage
414 2299 549 2346 invectum
583 2297 673 2345 lovem
709 2291 817 2343 exhibet
854 2296 947 2346 tissimi
966 2296 1065 2359 quique
1083 2296 1154 2346 inter
1170 2301 1277 2346 ceteros
1294 2296 1375 2346 homi-

291 2370 492 2424 Winclielmnnn
513 2372 581 2420 ilion.
601 2371 665 2419 ined.
684 2381 711 2432 p.
733 2369 757 2417 9.
785 2369 814 2416 N.
855 2383 903 2420 nes
920 2371 1078 2420 Necessitati
1089 2373 1198 2434 parent,
1217 2371 1293 2421 cuius
1309 2371 1374 2420 iussa

291 2443 697 2497 summouentium.
721 2442 817 2504 Gigan-
855 2459 949 2496 severe
982 2445 1079 2496 eadem
1105 2459 1170 2497 sano
1206 2449 1269 2496 sunt
1300 2449 1375 2508 etque

291 2521 439 2581 lomenia,
467 2521 492 2568 in
517 2532 569 2583 qun
596 2515 723 2568 lleroules
748 2517 816 2566 lovis
855 2522 923 2574 iovis
940 2523 1059 2585 supremi
1080 2522 1249 2585 imperiumn·

292 2598 334 2645 est
357 2595 457 2656 auriga.
484 2595 549 2644 iius.
572 2593 677 2655 Grepor.
704 2593 731 2642 T.
761 2591 815 2639 Vll.
887 2596 911 2646 9.
938 2598 996 2657 Est,
1022 2597 1061 2660 nt]
1081 2590 1194 2654 «ἔστιν,
1213 2588 1293 2657 ὅπως
1309 2592 1374 2647 κτλ..

293 2671 422 2734 imprimis
452 2667 570 2718 Gerhnrd
600 2669 702 2730 Vnsenq.
730 2667 760 2715 ll.
787 2666 815 2715 T.
855 2683 906 2721 usu
923 2672 1007 2730 venit,
1026 2669 1138 2720 utullus
1156 2669 1226 2720 ello»
1245 2673 1297 2720 cet.
1327 2669 1375 2720 Clr.

292 2744 422 2794 LXXXIV.
440 2743 568 2793 Arctoeot.
587 2743 640 2806 th.
664 2742 695 2791 il.
714 2753 739 2804 p.
759 2737 815 2788 26i.
856 2747 920 2809 Epp,
941 2747 969 2806 i,
989 2746 1035 2804 ⁴2,
1055 2746 1078 2794 ἰ,
1116 2744 1322 2808 «Qualecunque
1340 2746 1378 2793 est

292 2821 319 2869 et
337 2817 395 2868 380.
429 2819 547 2882 luppiter
564 2815 694 2867 imberbis
712 2815 817 2864 Titanus
857 2822 925 2872 iuter
942 2819 1068 2870 mortales
1086 2818 1245 2878 discrimen,
1270 2818 1377 2869 utullus

293 2893 414 2944 fulminet
435 2894 461 2942 in
485 2907 591 2956 gemma
609 2891 679 2956 apud
698 2888 819 2939 Schllcb·
856 2893 968 2945 excellet
984 2891 1182 2944 latifundiorum
1201 2896 1375 2957 possessione,

292 2967 385 3032 tegroll
413 2970 510 3019 Pterres
534 2983 574 3032 qr.
609 2967 637 3016 T.
665 2967 705 3015 20.
752 2965 819 3014 ilinc
857 2971 961 3031 generis
979 2967 1114 3018 nobilitate
1132 2967 1213 3028 nlius,
1232 2968 1299 3019 nlius
1319 2981 1378 3032 pro-

292 3045 424 3094 Lucianus
441 3045 506 3094 Tim.
520 3044 544 3094 i.
564 3041 669 3093 deridet
686 3039 743 3090 eius
762 3038 820 3102 epi·
856 3043 938 3093 bitete
957 3055 1076 3104 morum,
1104 3041 1171 3092 allus
1188 3055 1283 3093 rursus
1301 3042 1378 3092 clien-

292 3119 364 3168 thetu
391 3132 406 3168 a
432 3119 519 3182 poclis
536 3119 664 3181 usurpato
682 3115 819 3180 Γιγαντο-
857 3121 913 3168 tum
943 3116 1126 3178 multitudine,
1164 3130 1260 3168 omnes
1293 3122 1378 3167 umen

292 3190 381 3264 λετωρ
398 3199 447 3242 καὶ
465 3187 694 3262 Τιτανοκράτωρ.
857 3207 943 3256 aeque
969 3195 1064 3257 parent
1089 3205 1234 3256 supremae
1260 3192 1379 3242 Necessi-

325 3269 349 3318 8.
377 3267 522 3331 supercilio]
550 3265 622 3316 llind.
642 3279 676 3326 α,
694 3265 760 3316 528:
784 3257 823 3312 Ἦ
857 3271 929 3318 tuti.»
957 3293 985 3304 -
1015 3267 1104 3331 totius]
1133 3267 1214 3316 «Fieri
1232 3268 1337 3331 potest,
1355 3269 1379 3315 ul

292 3345 342 3392 καὶ
361 3345 517 3412 κυανέῃσιν
543 3341 585 3390 εντ’
607 3335 718 3411 ὀφρύσι
735 3336 820 3389 νεῦσε
858 3341 952 3406 aliquis
969 3355 1018 3406 per
1035 3340 1207 3405 ampliorem,
1237 3353 1320 3404 quem
1340 3339 1378 3390 ulii

294 3419 431 3488 Κρονίων·
448 3413 617 3486 Ἀμβρόσιαι
634 3414 658 3465 δ’
677 3409 736 3486 ἄρα
753 3419 819 3474 και·-
857 3416 966 3476 habent‚
978 3414 1378 3466 lundumserntvitesetolees.·

293 3507 340 3542 τω
365 3485 565 3562 επιῤῥώοαντο
591 3484 717 3554 ἄνακτος
742 3491 821 3561 an-
858 3491 1003 3552 columi,
1019 3491 1066 3541 ⁴3:
1087 3496 1132 3541 aut
1142 3489 1269 3540 scrobibus
1280 3489 1380 3540 ιιιιιιιιι-

293 3562 344 3628 τὸς
362 3561 409 3615 ἀπ’
420 3563 592 3617 ἀθανάτοιο·
610 3568 703 3632 μέγαν
722 3562 747 3614 δ’
758 3563 820 3615 ελὲ-
857 3568 893 3616 cis
907 3567 995 3618 ninom
1009 3567 1156 3628 plenaeque
1168 3571 1341 3616 oonsenmtw.
1353 3589 1377 3600 -·

294 3634 534 3706 λιξινὌλομπον.
571 3639 664 3692 Catuli.
685 3640 734 3701 lii,
752 3639 818 3690 sot:
858 3641 968 3704 ordinet]
1006 3643 1054 3690 «in
1078 3643 1258 3703 quincuncem
1287 3639 1378 3690 seret·

292 3717 387 3766 Annuit
423 3718 514 3766 invicto
547 3717 679 3766 casletum
720 3715 821 3764 nurnine
858 3718 942 3766 Varro
960 3717 989 3766 lt.
1009 3717 1037 3765 ii.
1057 3717 1085 3776 i,
1104 3715 1134 3776 l,
1153 3717 1178 3764 T.

293 3797 389 3852 rector,
427 3793 481 3852 (luo
514 3797 572 3840 turio
597 3795 621 3840 ot
646 3790 718 3840 tellus
745 3795 822 3851 atquo
892 3793 932 3841 i0.
952 3792 992 3840 lt.
1014 3790 1131 3854 Arbrotn]
1150 3791 1266 3840 maxime
1282 3790 1377 3840 vinens.

293 3865 399 3914 torrida
411 3869 611 3915 connnnuomnt
627 3864 745 3926 Aequora
760 3878 821 3914 con-
858 3867 929 3928 Virg.
943 3865 997 3916 Ecl.
1011 3866 1041 3926 3,
1056 3867 1101 3915 io:
1127 3879 1184 3916 οιιιιι
1199 3879 1240 3915 me
1256 3863 1380 3915 arum

294 3941 416 4002 nonique
447 3941 570 3990 micantia
594 3939 678 3990 sidero
702 3939 818 3989 mundus.
857 3941 943 3990 nidero
957 3941 1063 3990 Miconis
1078 3940 1159 4002 Atque
1173 3941 1246 3989 muln
1267 3941 1328 3988 cun
1342 3939 1379 3987 in-

294 4017 364 4078 Virg.
397 4017 463 4064 den.
490 4014 521 4074 9,
550 4014 613 4063 406ι
652 4019 730 4063 toturn
759 4021 821 4064 nutu
858 4015 941 4063 cidere
955 4014 1148 4077 [αιοοιιουοιιοι.
1174 4011 1377 4077 Georg.2‚llt:

294 4091 427 4152 tronesectt
444 4089 583 4151 Olympum.
600 4116 626 4124 —
651 4088 769 4138 Fuerunt
786 4089 820 4151 lin
858 4090 914 4138 lam
936 4089 1035 4138 virulos
1057 4090 1133 4151 nim,
1162 4090 1215 4138 tom
1230 4088 1321 4151 folconi
1336 4099 1379 4136 ιιι·-

295 4164 393 4228 quibus
417 4164 573 4227 Boettigerl,
601 4163 645 4226 qui
672 4166 822 4214 statuerent
858 4164 932 4214 burto
947 4170 1078 4227 reponunt¹
1103 4189 1130 4200 -
1150 4164 1286 4228 Οοιιιριιιιι]
1305 4163 1378 4213 etism

295 4237 395 4289 nullum
420 4251 529 4304 prorsus
552 4251 611 4288 esse
635 4251 734 4288 nexum
753 4239 822 4288 inter
859 4241 886 4290 in
903 4239 1021 4304 pedestri
1047 4241 1165 4289 oratione
1183 4250 1316 4304 persaepe
1334 4247 1379 4300 pro

295 4327 337 4362 vv.
356 4313 438 4363 tat.
458 4316 485 4363 et
501 4327 546 4374 oe,
574 4326 643 4376 quae
661 4315 819 4376 sequuntur.
860 4315 962 4378 Campo
979 4315 1081 4366 llnrtio.
1125 4315 1253 4364 Cetemm
1271 4312 1380 4376 loquitur
