3078 4978
293 384 355 450 734
619 443 623 450 ,
695 385 824 435 uonnrn
842 384 971 436 eronou

377 545 489 630 Neque
514 539 675 629 impudica
700 540 827 608 Colchis
850 539 953 607 intulit
974 539 1115 628 pedem;

335 667 404 730 Non
425 663 489 730 huc
512 662 635 730 Sidonii
657 671 822 730 torserunt
843 683 965 730 cornua
988 673 1105 728 nautae

380 785 557 852 Laboriosa
580 805 641 852 nec
663 784 782 852 cohors
805 783 917 853 Ulixei.

335 906 427 973 Nulla
448 917 565 974 nocent
585 907 696 994 pecori
719 907 879 993 contagia,
905 904 1023 971 nullius
1046 906 1123 972 astri

380 1029 518 1116 Gregem
540 1038 692 1095 aestuosa
715 1037 815 1094 torret
836 1027 1032 1113 impotentia.

360 1237 400 1286 64.
419 1237 500 1288 austri
517 1237 550 1298 B,
569 1237 686 1287 Pottierii
704 1235 733 1294 l,
752 1235 781 1297 t,
800 1235 824 1286 8.
847 1261 873 1270 -
894 1235 934 1284 64.
953 1235 1092 1297 inpotentia
1109 1235 1138 1286 T.

214 1425 215 1430 ’
294 1424 402 1488 vestigia
439 1436 533 1474 secum
571 1421 667 1472 efferre
701 1419 818 1473 solent.»
856 1421 952 1484 geutea
969 1423 1175 1485 praetermissa,
1195 1421 1265 1474 duas
1284 1425 1385 1474 tantum

295 1500 376 1551 Cuius
393 1497 503 1562 quidem
520 1498 559 1547 rei
577 1493 819 1560 exemplapoettca
856 1494 926 1558 virg.
947 1496 992 1545 Ge.
1012 1496 1040 1557 4,
1066 1496 1122 1546 tat.
1151 1496 1204 1548 Cir.
1223 1497 1336 1548 Hesiod.
1356 1498 1384 1546 0.

294 1575 384 1635 644644,
403 1585 499 1624 navem
516 1575 600 1635 Argo,
619 1584 673 1634 qua
690 1572 820 1622 recteest
857 1570 931 1618 etc.
952 1569 1009 1619 tet.
1028 1569 1063 1620 de
1088 1569 1233 1622 heroibus:
1263 1572 1333 1634 Τοῖς
1357 1567 1386 1620 et

293 1647 401 1708 Medea,
428 1647 532 1697 abiecto
555 1644 658 1710 pudore
679 1647 819 1695 externum
856 1640 911 1702 δίχ’
929 1636 1093 1734 ἀνθρώπων
1117 1643 1219 1705 βίοτον
1246 1648 1298 1696 καί
1324 1639 1385 1710 ἧθε

293 1724 381 1773 uirum
400 1723 504 1782 secuta,
523 1723 688 1771 mercatores
706 1720 820 1770 Phoeni·
856 1711 993 1781 ὀιιάσσας
1026 1715 1097 1782 Ζεὺς
1130 1718 1276 1790 Κρονίδης
1303 1721 1387 1770 κατέ-

294 1799 365 1858 eice,
389 1795 546 1849 Ulixem-
518 1794 670 1859 -Sitionii]
692 1796 748 1845 lam
765 1796 820 1846 llo-
856 1807 948 1844 aaaae
973 1789 1068 1865 πατὴρ
1089 1792 1119 1856 ἐς
1142 1795 1266 1882 πείρατα
1291 1797 1381 1862 γαίης.

294 1871 447 1922 merusOd.
461 1885 487 1930 ο,
506 1869 567 1921 tta:
587 1869 717 1931 Φοίνικες
734 1867 820 1919 trolia-
856 1867 913 1918 Kal
929 1868 975 1919 τοί
991 1867 1047 1934 μὲν
1062 1870 1195 1920 ναίουσιν
1210 1865 1385 1936 ἀκήδεαθο-

294 1943 485 1998 παίιιαλοι.-
502 1945 608 2005 cornua]
627 1946 701 1994 «Nou
718 1956 819 1994 cornua
854 1936 940 2008 μὸν
924 1957 1042 2006 εχοντες
1050 1938 1097 1994 Ἐν
1110 1959 1255 2015 μακαρων
1266 1959 1382 2010 epactae

294 2024 471 2072 antennarum
488 2019 552 2084 (die
572 2017 691 2082 446464)
709 2016 784 2068 illis
778 2031 820 2068 m-
855 2020 920 2108 παρ’
930 2012 1188 2079 Ὠκεανὸνβαθοδί
1189 2035 1259 2086 νην,
1270 2016 1380 2080 Ολβιοι

294 2095 358 2149 sulis
376 2095 564 2153 obverterunt
583 2106 636 2142 non
654 2092 691 2142 ihi
707 2092 820 2157 appula·
856 2087 965 2184 ἥρωες,
994 2099 1088 2145 τοῖσιν
1112 2093 1253 2160 μελιηδέα
1274 2089 1383 2166 καρπὸν

294 2173 357 2221 runi
380 2169 474 2220 litorio
504 2167 578 2218 Ouid.
597 2169 659 2218 Met.
681 2169 726 2228 44,
753 2167 816 2217 tte:
857 2163 956 2254 Τρίς
941 2183 1021 2231 ειεος
1036 2167 1183 2220 θάλλοντα
1193 2168 1382 2241 φέρειζείδω-

294 2244 473 2307 Cornuaque
464 2258 492 2293 ιιι
513 2255 611 2292 amunta
631 2243 697 2294 locat
718 2204 817 2292 hrbcre.
856 2259 906 2314 ρος
926 2237 1097 2315 ἄρονραμ
1116 2246 1269 2308 inquinavit]
1288 2244 1384 2310 «epta-

328 2321 368 2370 64.
388 2319 428 2369 64.
452 2319 538 2368 astri·
549 2322 685 2367 aestuosa-
673 2317 819 2379 -impoten-
856 2333 918 2380 νεν,
946 2317 1117 2382 adulteravit,
1144 2322 1170 2371 in
1188 2319 1311 2372 deterius
1328 2331 1383 2370 me·

294 2394 340 2455 tia]
358 2392 526 2444 Pestilentiae
550 2391 656 2443 subiicit
679 2393 736 2442 eius
754 2405 820 2442 curr-
857 2392 949 2442 4444444444
974 2395 1111 2444 mutavit.»
1137 2394 1263 2457 -Δινι,
1291 2395 1381 2455 dehinc]

295 2481 375 2528 sam,
418 2468 595 2528 impotentem,
630 2467 820 2517 vehementem
855 2469 886 2518 ln
902 2468 954 2518 hac
970 2469 1128 2532 repetitione
1145 2468 1259 2532 (6444444444
1278 2472 1382 2520 etiam

296 2542 353 2608 (cd.
370 2542 397 2601 3,
417 2541 463 2602 36,
482 2540 526 2602 3.),
547 2541 605 2590 Sirii
622 2543 741 2602 nestum,
765 2553 818 2602 quo
858 2543 961 2593 Corum.
987 2543 1093 2606 Cruq.)‚
1119 2545 1150 2592 ut
1166 2544 1193 2593 in
1217 2541 1261 2593 illa
1288 2557 1314 2594 v.
1332 2543 1380 2602 tt..

294 2631 359 2683 grex
383 2618 509 2668 torretur.
532 2617 561 2665 ln
585 2615 710 2666 omnihus
733 2614 817 2665 Codd.
857 2619 927 2667 inest
938 2615 1011 2667 color
1023 2617 1209 2680 eucraticum,
1229 2621 1383 2682 quempoe'·

294 2694 323 2744 hi
339 2706 383 2744 vv.
405 2691 511 2751 ordine,
540 2703 594 2753 quo
612 2703 661 2740 nos
678 2703 726 2740 eos
744 2691 820 2740 exhi·
858 2693 913 2742 tam
922 2691 1088 2754 singulariter
1098 2691 1239 2743 ademerat
1251 2694 1379 2745 Horatius.

295 2768 405 2829 bemus,
435 2765 574 2829 leguntur,
610 2765 646 2814 ita
672 2766 821 2816 cohaereu-
858 2766 911 2817 Cir.
929 2765 985 2816 Lib.
1005 2766 1034 2828 3,
1054 2767 1097 2817 ta:
1126 2767 1218 2817 044446
1234 2783 1283 2818 aaa
1302 2768 1380 2818 itidem

294 2843 367 2894 titus
388 2841 540 2894 sententiis:
568 2839 646 2903 upuri
664 2852 679 2890 a
696 2840 821 2890 vitiorum
857 2842 1016 2904 depascimur
1027 2842 1202 2904 curtadiam,
1213 2842 1314 2904 Αιινοα,
1327 2854 1382 2905 pa·

295 2919 417 2980 contagio
440 2915 492 2966 illic
508 2915 601 2964 vivunt
621 2914 760 2975 homines,
779 2927 821 2965 se·
853 2923 933 2978 petua
957 2930 1054 2979 suaper
1078 2918 1226 2981 4449446ιὶ4446
1250 2920 1315 2968 uita.
1347 2918 1377 2974 44,

295 2993 353 3043 curi
376 3004 392 3040 a
421 2987 585 3055 pestilentiae
612 2990 733 3052 contagio
759 3001 821 3052 gre-
858 2989 918 3041 9484
944 2990 1058 3052 pronote
1081 2991 1158 3055 larqa
1178 2992 1263 3042 laum
1283 2991 1380 3042 humida

295 3079 375 3131 gesa
402 3067 428 3116 in
454 3077 507 3128 quo
530 3063 596 3126 quid
612 3064 820 3127 reprehensione
856 3079 939 3127 saca,
957 3066 1067 3116 Humida
1083 3079 1151 3116 aaran
1160 3081 1236 3130 super
1245 3063 1380 3116 6444444444-

295 3141 405 3204 dignum
430 3141 478 3202 sit,
506 3138 633 3202 equidem
655 3151 709 3188 non
731 3137 818 3187 video.
857 3140 938 3190 464446
953 3153 1046 3191 maaca.
1066 3140 1119 3192 Sed
1137 3140 1252 3191 eandem
1269 3135 1377 3202 ἀναφο-

295 3215 469 3267 Nihllominus
487 3216 561 3266 varie
583 3225 630 3262 eos
646 3215 821 3276 transposue-
857 3210 920 3286 ράν,
939 3216 969 3264 ut
985 3217 1196 3266 consentaneum
1214 3219 1286 3274 erat,
1305 3225 1378 3265 usur·

295 3294 370 3353 runt,
406 3290 479 3354 quod
505 3291 594 3355 ipsum
630 3289 730 3338 erroris
767 3288 821 3336 evi·
857 3289 929 3353 pavit
950 3289 1003 3338 iam
1026 3289 1166 3340 Homerica
1189 3290 1280 3353 poesis
1302 3291 1327 3338 in
1343 3287 1377 3336 si-

295 3367 363 3417 dens
380 3366 486 3429 signum
503 3367 553 3416 est.
582 3363 687 3414 Etenim
707 3363 820 3413 criticus
857 3362 1012 3428 gnificaudis
1029 3363 1126 3424 rebus,
1154 3362 1252 3426 quihus
1275 3363 1377 3428 propter

295 3445 322 3492 in
338 3442 412 3493 illiso.
426 3440 503 3492 Ohss
520 3441 552 3490 11.
565 3451 626 3504 pag
639 3438 696 3488 384.
714 3439 818 3502 postv.
857 3437 1072 3502 qualemcunque
1091 3451 1200 3489 causam
1217 3450 1296 3489 mens
1316 3440 1376 3501 pat-

295 3519 336 3568 64.
352 3517 462 3568 Vossius
473 3517 571 3581 postu
584 3515 637 3574 to,
656 3515 707 3564 Fea
721 3515 747 3563 64
759 3513 821 3563 4464
857 3517 900 3564 tae
923 3515 1095 3572 immoratur,
1119 3515 1150 3562 ut
1166 3511 1239 3562 lliad
1257 3509 1294 3574 β,
1319 3510 1375 3560 att:

295 3603 376 3642 mann
400 3590 557 3654 Peerlkamp
582 3591 644 3654 post
665 3603 691 3639 v.
712 3589 753 3640 66.
773 3601 820 3639 eos
856 3585 972 3678 Νιρεύς,
1001 3589 1050 3636 ter.
1069 3586 1165 3650 odyss.
1184 3602 1218 3644 α,
1243 3588 1288 3636 444
1313 3579 1374 3634 Ἀλλ

295 3665 445 3716 statuerunt
461 3663 639 3716 collocandos.
857 3679 875 3713 o
865 3659 946 3728 μὲν
958 3659 1099 3724 Αἰθίοπας
1115 3661 1270 3726 μετεκίαθε
1283 3655 1375 3727 τηλόθ

329 3737 417 3788 63-66.
436 3739 582 3800 tapetum
570 3741 703 3803 «altaque
722 3738 818 3802 inquit,
857 3735 974 3800 ἐόντας,
992 3733 1149 3799 Αἰθίοπας,
1167 3737 1212 3786 τοί
1229 3732 1316 3796 διχθὰ
1334 3731 1375 3782 64-

297 3824 375 3864 464444]
393 3809 463 3862 nulla
481 3812 517 3861 ibi
534 3812 714 3875 animalem,
733 3811 820 3863 nuhaa
857 3811 988 3874 δαίοιται,
1022 3805 1145 3872 ἔσχατοι
1177 3805 1298 3896 ἀνδρῶν.
1337 3808 1376 3857 Sia

294 3887 401 3954 pestes,
425 3885 475 3949 pits
491 3884 562 3936 illam
585 3889 723 3950 tamquam
740 3900 821 3952 sepa·
857 3888 968 3938 Theocr.
990 3886 1037 3948 43,
1064 3887 1106 3937 60.
1131 3887 1177 3937 64.
1210 3880 1375 3953 ἠυγένειος-

295 3963 382 4014 ratem
399 3973 414 4010 a
432 3959 569 4012 sceleratis
589 3960 685 4011 sedem
701 3961 821 4013 destina·
857 3961 911 4025 λῖς,
929 3955 1092 4027 ὠμοφάγος
1109 3959 1162 4023 λῖς.
1181 3959 1286 4025 (Dauno
1302 3955 1376 4020 bisyl·

295 4036 478 4102 444146ρί464,
500 4047 533 4086 ex
551 4046 605 4100 quc
622 4048 733 4086 auream
750 4038 822 4087 aeta·
857 4037 963 4099 tabum,
986 4038 1016 4086 ut
1031 4039 1062 4086 Α.
1076 4038 1104 4087 Ρ.
1122 4035 1178 4087 tii.
1197 4037 1268 4100 Vri-g.
1287 4037 1331 4086 Ge.
1348 4031 1373 4088 3.

295 4113 352 4162 tem
368 4113 395 4162 in
412 4123 534 4172 aeream,
557 4122 620 4160 mox
637 4110 706 4160 hanc
722 4111 749 4162 in
768 4111 821 4161 464·
858 4113 916 4164 toa.
936 4113 963 4162 64
981 4110 1062 4170 alibi.)
1092 4112 1164 4162 llaec
1189 4113 1280 4162 autem
1304 4107 1374 4159 lectio

296 4199 381 4247 ream,
394 4187 420 4237 in
433 4184 551 4237 deterius
562 4197 672 4249 semper
683 4185 821 4235 mutavit.»
858 4188 941 4239 464644
967 4187 1087 4237 animum
1116 4189 1299 4246 commotum,
1326 4193 1374 4246 quo

296 4262 361 4311 Tres
389 4263 490 4312 aetates
522 4260 566 4310 hic
596 4261 742 4320 memorat,
777 4271 822 4309 ar·
858 4263 936 4324 poeta
952 4261 1089 4312 inmeatur
1100 4261 1205 4324 generis
1218 4259 1324 4310 humani
1333 4255 1374 4304 ‹le-
