2986 4974
495 445 553 495 LlB.
572 447 590 494 l.
627 446 654 494 C.
675 444 794 494 XXXVll.

363 605 498 668 Venator
521 602 553 664 in
575 600 697 688 campis
720 599 834 666 nivalis

406 723 617 796 Haemoniae,
646 721 737 786 daret
758 733 793 788 ut
815 723 936 787 eatenis

298 879 404 946 Fatale
428 891 620 945 monstrum:
648 901 733 967 quae
756 881 946 967 generosius

298 1003 408 1068 Perire
432 1021 593 1089 quaerens
617 1021 677 1068 neo
698 1001 899 1068 muliebriter

361 1123 495 1210 Expavit
517 1143 628 1188 ensem
651 1143 711 1188 neo
733 1122 868 1189 latentes

195 1321 236 1372 20.
255 1321 377 1371 Paeoniae
395 1319 513 1370 tisineke
531 1319 616 1369 Ptitot.
635 1321 666 1369 ll.
685 1333 711 1384 p.
732 1321 787 1370 464.
810 1347 835 1356 -
856 1319 897 1370 33.
915 1321 1014 1370 latentis
1030 1321 1079 1372 ΒΤ.

124 1492 260 1547 nominat;
280 1486 505 1538 similiterutltali
518 1487 652 1536 interdum
688 1488 751 1535 ratis
770 1487 889 1548 Erinnys.
924 1487 1038 1537 attende
1064 1492 1154 1540 autem
1177 1492 1212 1541 ad

124 1565 209 1614 totam
228 1560 376 1612 Helvetium
393 1562 530 1625 perpetuis
547 1559 652 1611 nivibus
688 1554 847 1611 ἀσύνδετον
868 1561 1059 1612 sententiarum
1081 1563 1150 1613 inter
1166 1579 1209 1614 vu.

123 1641 282 1703 coopertam
293 1636 343 1686 sibi
355 1635 464 1698 tingunt.
499 1634 548 1684 Vel
563 1636 652 1699 potius
689 1635 795 1686 44-34.
815 1637 842 1684 et
859 1635 976 1685 subitum
1000 1634 1063 1685 illud
1086 1651 1150 1699 quoe
1171 1652 1213 1702 pe-

124 1713 240 1776 intellige
259 1712 293 1761 de
310 1711 423 1760 hiberno
441 1712 575 1773 tempore,
598 1721 652 1772 quo
688 1711 799 1760 neronior
816 1736 838 1770 -,
860 1723 913 1774 quo
930 1704 1076 1777 ἀσονδέτῳ
1094 1715 1212 1776 repenti-

122 1789 296 1854 potissimum
304 1785 435 1835 vacabant
443 1785 583 1834 venationi.
598 1785 650 1833 Sat.
688 1797 750 1834 nam
767 1783 839 1834 illam
856 1787 937 1848 atquo
954 1785 1140 1836 admirabilem
1156 1800 1213 1838 mu-

122 1867 154 1924 3,
186 1863 216 1922 3,
247 1860 304 1911 334.
346 1862 396 1910 Pro
425 1873 472 1909 sua
499 1860 652 1908 coniectura
688 1860 815 1910 tationem
832 1860 858 1909 in
876 1859 982 1922 reginae
1000 1861 1089 1910 auimo
1105 1861 1210 1924 iactam,

123 1937 246 1988 Heineke
269 1933 346 1984 affert
367 1933 441 1986 ovid.
460 1933 521 1984 liet.
540 1935 569 1993 4,
587 1933 649 1982 343ε
688 1937 717 1984 ut
734 1949 749 1984 a
765 1935 841 1989 vanis
862 1947 948 1997 aeque
971 1938 998 1984 et
1016 1949 1030 1984 a
1047 1937 1118 1986 veris
1137 1938 1213 1987 timo-

123 2015 238 2061 Pnoonas
251 2010 378 2058 -m'ooaos¹
415 2007 467 2057 Sed
483 2009 590 2056 Paeones
607 2006 653 2055 de-
687 2011 762 2060 ribus
780 2010 905 2058 transiret
921 2009 955 2058 ad
977 2011 1213 2072 generosissimum

125 2083 247 2135 mumab
260 2082 351 2132 Ouidio
363 2083 561 2141 memorantur,
577 2081 653 2144 quip-
689 2083 818 2134 moriendi
845 2082 996 2142 eonsilium,
1028 2098 1123 2148 magna
1149 2099 1212 2135 oum

124 2175 157 2225 pe
182 2172 247 2210 oum
269 2157 348 2206 huius
374 2158 495 2219 tempore
521 2155 566 2206 diu
591 2157 652 2218 post
688 2161 744 2208 arte
774 2158 913 2220 expressit.
960 2159 1128 2221 Quamquam
1157 2161 1212 2209 seio

124 2233 262 2297 Virgilium
290 2234 370 2294 atque
395 2231 530 2280 Horatium
555 2229 651 2279 devicti
689 2232 878 2294 «improvisum
910 2231 981 2280 hunc
1015 2231 1149 2294 saltum,»
1185 2238 1213 2284 ut

125 2311 226 2360 essent.
262 2307 299 2357 Er
316 2309 400 2356 Ponto
417 2307 447 2365 3,
466 2307 494 2366 3,
513 2305 558 2354 75:
585 2303 652 2354 Adde
688 2308 772 2368 aiunt,
795 2305 829 2355 ab
847 2308 975 2370 imperitis
992 2307 1123 2360 iudicibus
1143 2311 1213 2359 aeri-

125 2381 390 2445 tiimnptutosmocto
404 2381 529 2439 Paeonas,
548 2391 571 2428 a.
585 2391 611 2426 u.
626 2392 649 2427 e.
688 2386 730 2432 ter
745 2381 940 2446 reprehensum
959 2395 1028 2431 esse.

125 2459 182 2508 764.
204 2484 232 2493 -
251 2457 324 2505 dorsi
340 2459 368 2504 444
379 2453 480 2518 catanis]
493 2455 523 2502 ln
535 2466 567 2502 eo
580 2454 650 2502 enim
720 2459 761 2508 33.
778 2457 818 2506 33.
839 2457 924 2506 Perire
939 2456 1068 2520 quaerens]
1082 2459 1213 2508 «mortem

126 2532 216 2582 omnia
241 2531 400 2594 reposuerat
425 2529 595 2587 Octavianus,
623 2529 652 2576 ut
688 2533 817 2596 appetens
839 2533 949 2594 viasque
969 2531 1100 2581 moriendi
1118 2545 1212 2583 omues

125 2604 197 2656 illam
226 2604 362 2667 triumpho
391 2604 549 2652 reservaret
582 2566 649 2650 l’lut
687 2606 874 2668 investigans.»
862 2606 970 2655 »Amat
987 2607 1078 2655 autem
1089 2607 1212 2657 Horatius

127 2681 251 2731 Ant'18:
279 2673 330 2728 τὸν
350 2673 516 2748 Προκλήϊον
535 2668 651 2739 ἔπεμψε
687 2681 817 2730 rariorem
843 2679 912 2728 hanc
936 2693 961 2728 v.
989 2682 1124 2741 quanam
1151 2693 1213 2731 eum

88 2797 90 2802 .
126 2749 278 2814 κελεύσας,
305 2746 342 2816 ἢν
363 2749 497 2816 δύνηται,
523 2746 651 2814 μάλιστα
687 2755 814 2805 infinitivo
827 2755 1061 2805 constructionem
1074 2755 1105 2804 V.
1117 2755 1211 2805 adod.

127 2825 177 2895 τῆς
207 2823 393 2914 Κλεοπρὶτρης
421 2823 516 2890 ζώσης
544 2823 651 2896 κρατῆ-
688 2829 716 2890 3,
736 2828 763 2888 4,
783 2827 873 2877 39-
846 2841 936 2877 noe
947 2829 1108 2893 muliebriter]
1120 2827 1211 2878 Vellei

126 2919 190 2955 σοι·
210 2903 260 2952 καὶ
281 2897 337 2973 γὰρ
359 2899 496 2962 ἐφοβεῖτο
514 2901 577 2971 napi
594 2898 651 2950 τῶν
687 2905 716 2964 3,
735 2903 780 2953 87:
808 2902 942 2963 Cleopatra
958 2903 1088 2966 frisii-otis
1103 2903 1213 2952 444440444-

127 2975 304 3066 χρημάτων
306 2977 356 3026 καὶ
376 2979 451 3042 μέγα
472 2969 543 3047 πρὸς
562 2971 651 3040 δόξαν
688 2943 732 3026 4444
754 2977 827 3026 illoto
850 2977 950 3037 aspide,
973 2989 1060 3025 morso
1081 2977 1134 3026 44444
1154 2989 1214 3026 sane

127 3049 242 3140 ἡγεῖτο
252 3047 305 3102 τοῦ
332 3047 495 3123 θριάιιβον,
525 3063 651 3118 mapa·
688 3065 779 3114 erpere
795 3049 921 3100 muliebris
937 3056 1016 3100 metro
1032 3051 1214 3112 4444444444οώ-

127 3135 188 3195 γεϊν
205 3121 306 3192 αὐτήν.
689 3127 806 3176 444444.-
825 3125 938 3185 Exponit
955 3123 1043 3188 4444444]
1068 3123 1134 3174 Plut.
1152 3125 1211 3174 Ant.

157 3205 199 3254 34.
220 3200 413 3266 ammirato
436 3200 596 3250 destinatum
618 3200 651 3249 ad
689 3199 738 3249 79·
769 3197 941 3262 Θεαοαμένη
969 3193 1021 3247 τὸν
1047 3195 1214 3284 Προκλήϊον

126 3275 296 3343 perdendum
307 3287 390 3340 prope
405 3275 546 3338 imperium
559 3277 653 3324 Roma·
689 3265 807 3345 ω’ρμησε
823 3271 877 3338 μὲν
894 3267 986 3337 αὑτὴν
1004 3269 1129 3337 τατοίξαι
1146 3272 1214 3338 (πα-

128 3367 218 3404 numn
247 3379 274 3388 -
300 3355 455 3400 monestrum:
482 3349 554 3414 quoe]
582 3351 652 3398 Con·
689 3348 852 3420 ρεζωσμένη
876 3343 931 3419 γὰρ
954 3343 1093 3415 ἐτύγχανέ
1112 3345 1214 3398 τιτῶν

127 3428 237 3479 structio
264 3421 337 3497 πρὸς
361 3421 395 3474 τὸ
419 3420 651 3513 σημρανόμενον,
689 3420 949 3514 λῃστρικῶνξιτριδί
950 3439 990 3474 ων
992 3420 1215 3496 ·)προσδραμων

126 3507 155 3553 ut
171 3501 270 3564 Odyss
289 3499 320 3560 λ,
339 3501 384 3550 99·
411 3496 500 3574 ψυχὴ
519 3497 651 3582 Θρβαίου
688 3498 719 3550 δὲ
736 3495 809 3560 ταχὺ
828 3491 919 3565 αὐτὴν
936 3496 1088 3550 ἐκώλυσεν.
1111 3501 1213 3559 Quoox

126 3577 239 3668 Τειρεσ4
239 3589 294 3634 αο,
335 3569 471 3645 Χρύσεον
504 3569 653 3644 σκῆπτρον
689 3575 748 3625 loeo
774 3577 886 3638 apparet
911 3574 998 3623 minus
1024 3575 1127 3623 rectam
1153 3586 1215 3623 esse

126 3646 211 3712 ἔχων.
231 3651 336 3700 Terent.
355 3650 422 3699 Eun.
442 3647 472 3708 4,
492 3648 521 3710 3,
541 3649 568 3696 3;
593 3649 653 3696 See·
690 3649 774 3698 Vossn
787 3649 1044 3712 interpretationem
1058 3649 1157 3708 melote,
1168 3649 1215 3697 den

126 3723 460 3789 tropostquomtodiflratio
474 3729 510 3773 444
519 3735 651 3787 oirpmem
689 3723 786 3773 edtrreu
802 3724 921 3787 [impona
932 3723 982 3772 4444
993 3722 1114 3783 ructent
1132 3723 1216 3773 weder

128 3799 477 3860 eiutoauthyd.375.1i.:
501 3793 654 3868 τὸμειρά-
691 3799 737 3846 dos
761 3797 871 3846 Schwerl
896 3797 934 3846 444
959 3797 1028 3846 Weib
1050 3797 1147 3860 superio
1170 3795 1216 3846 noo

127 3889 241 3925 κιον--
224 3867 410 3943 -ἀπορήσας.
430 3872 483 3922 Cio.
498 3873 652 3931 adranii
690 3887 715 3921 44.
735 3883 754 3920 r.
773 3885 806 3920 w.

127 3951 154 4008 9,
175 3951 222 4000 lli:
241 3949 287 3997 illa
302 3948 373 4010 furta
382 3945 541 3996 muliebrium
551 3947 654 4010 4444944-
723 3945 763 3996 33.
782 3957 827 3994 aec
843 3943 954 4008 tolenies]
968 3947 1063 3994 Narrat
1074 3942 1140 3994 Plut
1154 3945 1213 3993 Ant

127 4037 200 4083 nino,
220 4024 264 4084 qut
281 4025 332 4072 oet.
353 4023 407 4071 Liv.
426 4021 471 4082 38,
497 4021 542 4072 io:
569 4025 655 4070 tantos
691 4021 731 4070 69.
751 4020 784 4069 de
803 4018 1005 4069 transrenendis
1023 4031 1038 4067 e
1056 4016 1138 4068 Nilo'
1132 4031 1157 4066 m
1178 4019 1216 4068 si-

128 4111 262 4160 comorum
272 4098 348 4146 moles
358 4124 373 4134 ·
384 4124 399 4134 ·
411 4098 437 4146 in
447 4060 536 4160 talpam
547 4101 654 4146 ronter-
691 4107 756 4144 num
773 4093 915 4144 Arabicum
935 4092 1046 4143 navibus
1064 4104 1125 4142 eam
1143 4093 1216 4154 cogi-

128 4173 258 4222 notlannt.
277 4171 506 4232 EtiamFlorusl,
527 4172 566 4220 44.
584 4183 655 4220 mon-
691 4171 762 4219 tasse
785 4171 812 4218 et
832 4167 893 4217 inde
916 4161 971 4231 ἔξω
997 4171 1141 4218 κατοικεῖν
1166 4178 1215 4213 vo-

82 4304 87 4314 ,
129 4253 208 4296 atrion
224 4259 286 4296 eam
302 4244 418 4310 appellat
435 4248 463 4295 et
480 4247 585 4294 Lucano
608 4244 652 4303 io,
691 4243 786 4297 luisset
805 4243 935 4292 abiecisse
954 4245 1044 4293 tamen
1061 4243 1113 4291 hoo
1131 4241 1215 4289 oonsi-

129 4323 167 4371 38.
189 4323 242 4370 est:
268 4321 380 4371 Hellenos
396 4321 512 4382 Aepppti,
537 4319 600 4368 Latii
616 4319 654 4379 44-
692 4317 769 4376 lium,
798 4329 859 4365 oum
881 4329 962 4366 naves
985 4315 1083 4378 aliquot
1099 4315 1215 4378 primum
