3014 4978
662 438 791 489 itonam
809 437 978 489 CdlilllNUll

403 595 492 660 Venti
516 603 699 679 paventem,
723 613 798 658 mox
820 594 852 658 in
874 590 969 658 ovilia

403 715 538 781 Demisit
559 715 685 781 hostem
706 714 833 780 vividus
855 713 1009 801 impetus,

446 838 536 903 Nunc
559 836 590 901 in
613 835 808 902 reluctantes
831 835 990 902 dracones
1051 865 1054 872 »

488 957 559 1045 Egit
580 978 670 1024 amor
692 957 784 1044 dapis
807 966 904 1043 atque
925 976 1071 1044 pugnam

404 1133 581 1214 Qualemve
603 1131 696 1200 laetis
717 1153 836 1220 caprea
846 1133 988 1219 *pascuis

404 1259 527 1323 lntenta
548 1253 653 1321 fulvae
676 1253 785 1321 matris
808 1252 849 1320 ab
871 1252 973 1319 ubere

446 1379 512 1443 lam
534 1376 616 1444 lacte
639 1374 811 1463 depulsum
833 1374 962 1441 leonem
1327 1376 1369 1440 to

344 1615 383 1663 to.
403 1613 456 1662 lum
472 1623 547 1661 mane
557 1609 599 1660 vel
611 1611 665 1660 lam
673 1615 757 1672 monte
769 1608 885 1659 malebat
895 1607 979 1659 Bentl.
991 1647 996 1670 ,
1017 1609 1071 1658 lem
1082 1611 1183 1670 iamque
1191 1610 1331 1661 Kusterus.

278 1827 382 1876 Lucret.
408 1825 440 1884 6,
471 1825 535 1875 833;
569 1825 708 1886 pomorum
734 1825 803 1873 ntem
840 1823 912 1887 iungi
923 1822 1164 1886 poteratububere,
1179 1837 1210 1873 «a
1220 1837 1367 1876 mammen:

278 1901 371 1949 tomis.
841 1895 951 1960 falsique
962 1898 1043 1957 suut,
1065 1899 1111 1961 qui
1132 1897 1208 1948 abero
1223 1911 1273 1962 pro
1292 1899 1369 1950 adie-

311 1974 335 2023 9.
355 1974 395 2024 40,
421 1975 560 2036 pecentino]
583 1973 685 2036 «primo
705 1976 802 2023 conatu
840 1971 910 2021 ctivo
926 1970 1058 2022 habentes
1076 1970 1255 2036 explicarunt:
1276 1988 1308 2023 «a
1320 1989 1369 2025 oo-

277 2047 418 2112 pavidum;
444 2046 493 2098 sed
516 2061 578 2097 mox
596 2046 724 2098 audacter
741 2059 803 2096 cum
840 2045 916 2110 piosa
933 2045 1042 2096 leaenae
1057 2044 1151 2108 lacte»,
1170 2046 1243 2110 quod
1256 2048 1368 2110 quidem

278 2124 333 2172 acri
350 2124 452 2187 impetu
468 2121 587 2172 defertur
603 2123 630 2172 in
646 2121 802 2185 praedam.»
840 2119 973 2171 ἐπίθετον
990 2121 1033 2170 iric
1050 2133 1161 2184 prorsus
1176 2122 1308 2183 otiosum,
1331 2125 1370 2172 in-

279 2195 404 2261 Apuleius
426 2195 492 2247 Flor.
518 2198 546 2246 t:
573 2197 666 2258 Aquita
690 2196 802 2259 quaeri,
842 2209 886 2246 mo
902 2197 1022 2259 ineptum
1040 2197 1126 2254 esset3
1150 2207 1285 2245 necuere
1302 2211 1368 2246 con-

279 2273 598 2335 quampotissimum
616 2273 741 2333 praedam
760 2283 804 2319 so-
840 2271 913 2319 venit
935 2282 998 2319 cum
1019 2272 1087 2333 part.
1110 2270 1177 2330 iam,
1204 2283 1259 2334 quo
1282 2272 1366 2335 posita

275 2359 355 2408 ¹peram
370 2360 422 2413 sese
437 2351 497 2396 tuot
513 2347 625 2408 mininie
640 2347 702 2395 vice.
723 2345 804 2393 -oi-
842 2346 883 2394 est
899 2342 967 2394 loco.
987 2343 1040 2394 Cir.
1060 2343 1122 2394 Em.
1138 2343 1203 2394 Guil.
1217 2343 1367 2396 Wehemm

277 2421 358 2480 oidm]
387 2421 523 2470 Po'eticum
555 2433 615 2470 esse
643 2417 804 2470 vocabulum
841 2418 876 2468 ad
895 2417 1012 2468 iuverat.
1031 2431 1058 2482 p.
1077 2419 1134 2468 350.
1154 2419 1202 2473 Ed.
1221 2433 1288 2470 suae
1312 2421 1368 2470 Wi-

279 2493 359 2543 tradit
370 2494 474 2550 Festum
489 2495 629 2544 esttamen
642 2495 722 2543 etiam
733 2493 805 2557 apud
842 2505 909 2544 mar.
940 2492 1022 2543 liecte
1048 2493 1130 2542 etiam
1154 2492 1252 2555 Regel:
1285 2495 1369 2545 «Cum

281 2568 334 2617 liv.
349 2568 434 2626 dii:
454 2565 802 2627 iooiuidopectore,etalibi.
842 2569 928 2618 mater
949 2567 1074 2617 iuvenem
1095 2565 1201 2618 leonem
1224 2567 1260 2618 ab
1283 2568 1368 2619 ubere

313 2642 353 2691 ll.
369 2641 409 2689 ii.
422 2640 579 2701 reluctanter]
592 2639 656 2691 Plin.
671 2643 701 2691 H.
715 2641 745 2690 N.
758 2642 805 2702 iti,-
842 2639 971 2705 depellat,
993 2643 1023 2691 ut
1043 2641 1111 2692 lacte
1133 2655 1197 2693 eum
1214 2643 1366 2707 prohibeat,

280 2714 307 2765 l:
337 2714 381 2764 lile
399 2713 640 2777 (dracolmuitipiiri
660 2728 730 2765 nante
751 2716 807 2765 due
843 2716 899 2766 sine
916 2715 1063 2767 verborum
1080 2715 1245 2768 abundantia
1262 2715 1368 2769 leodici

280 2787 485 2852 (aquilacliipat,
498 2789 723 2853 imseinmiicanr,
735 2795 763 2841 ut
774 2792 806 2840 si-
842 2792 931 2854 potest
951 2790 983 2840 ad
1004 2791 1079 2841 ubere
1093 2793 1184 2840 munis
1199 2793 1265 2842 lucie
1281 2793 1369 2856 dapni-

278 2865 332 2914 moi
354 2864 476 2914 decident.
507 2865 617 2914 Luctam
637 2865 705 2915 inter
728 2867 806 2929 aqui·
841 2877 894 2923 sum
921 2864 1042 2916 additum
1064 2865 1135 2916 enim
1157 2866 1223 2916 tacte
1239 2867 1370 2930 siguificat

279 2937 334 2988 lam
345 2939 372 2988 et
383 2940 538 3001 serpentem
550 2939 661 3002 pingunt
672 2941 805 2990 Homerus
842 2939 883 2998 id,
902 2952 917 2988 a
934 2941 1010 2990 cuius
1027 2953 1078 2991 usu
1094 2939 1267 3005 prohibetur,
1291 2943 1338 3006 qui
1354 2955 1370 2991 u

280 3011 352 3063 iliad.
368 3029 404 3077 μ,
422 3013 480 3062 200.
500 3013 632 3063 Nicander
648 3014 726 3063 Ther.
746 3013 802 3064 458.
842 3015 934 3064 matris
951 3013 1037 3064 ubere
1055 3012 1221 3078 depellitur.»
1239 3016 1369 3078 Depelien

281 3087 374 3136 Cicero
386 3087 412 3135 in
427 3087 517 3136 Mario.
532 3087 574 3149 (de
587 3089 707 3150 Legat,
727 3088 761 3149 l.)
774 3115 802 3124 -
842 3100 860 3136 e
878 3087 942 3137 tecte
961 3087 1025 3138 dixit
1044 3088 1114 3151 virg.
1136 3088 1190 3139 Ecl.
1211 3089 1241 3151 7,
1262 3091 1321 3150 itt,
1339 3091 1370 3139 ut

281 3161 354 3212 Utin
371 3161 487 3222 Horatio,
506 3162 545 3212 sic
562 3160 648 3225 aquila
667 3175 730 3211 cum
742 3161 805 3210 dra·
841 3161 915 3211 ubere
934 3163 1025 3212 matris
1043 3163 1090 3212 Ge.
1111 3162 1140 3222 3,
1163 3163 1231 3224 487.,
1250 3165 1372 3227 depellere

280 3247 347 3284 cone
365 3233 469 3285 luctans
485 3235 574 3298 imago
589 3238 630 3286 cst
647 3235 805 3286 tortitudinis
842 3235 964 3287 absolute
982 3234 1036 3287 Ecl.
1056 3236 1084 3297 3,
1105 3237 1146 3288 82.
1167 3237 1275 3301 (Animi,
1295 3242 1370 3303 puto,

280 3306 391 3359 bellicae
417 3310 442 3358 in
468 3322 548 3359 ocrea
576 3311 659 3360 Musei
687 3310 803 3360 Borbon.
842 3323 923 3362 causa
934 3313 976 3360 vir
992 3307 1196 3383 κριτικώτατος
1207 3325 1296 3377 nuper
1306 3327 1372 3378 pro-

280 3385 333 3434 Vll.
352 3385 381 3433 T.
400 3381 440 3434 tt.
471 3411 498 3420 -
526 3397 599 3434 amor
621 3386 708 3447 dapis]
737 3384 804 3434 «cibi
841 3387 930 3449 posuit
950 3387 1006 3436 lum
1025 3386 1140 3451 (mactet)
1163 3387 1315 3452 depulerunt.)
1343 3417 1369 3426 -

281 3457 435 3521 cupiditas.»
453 3456 607 3508 Admirabili
619 3463 676 3509 arte
688 3462 744 3510 tres
755 3459 806 3509 de·
842 3461 921 3510 Darde
944 3461 1017 3523 nouo]
1044 3459 1155 3512 «novelli
1180 3459 1279 3523 leonis,
1307 3466 1371 3512 tuuc

281 3531 373 3582 scribit
393 3529 473 3582 veluti
495 3533 593 3596 gradus
612 3532 716 3597 aquilae
734 3535 805 3584 vires
841 3534 960 3598 primum
970 3535 1100 3599 praedam
1111 3537 1244 3599 rapturi.»
1259 3563 1288 3572 -
1299 3538 1372 3600 μη·-

280 3619 343 3656 suas
360 3605 496 3670 paullatim
514 3607 677 3673 explicantis.
841 3609 913 3670 tura]
935 3611 1028 3659 «certo
1046 3611 1125 3659 exitio
1143 3609 1303 3660 destinata.»

314 3679 409 3730 ta-to.
429 3683 554 3742 capream
571 3681 804 3746 (nostriszoologis
877 3684 916 3733 tt.
944 3685 1044 3747 liaettrl.
1058 3697 1108 3749 pro
1127 3684 1250 3735 Raeticis.
1282 3686 1370 3747 llaec,

280 3766 381 3802 cervom
397 3757 555 3816 capreolum,
574 3757 633 3820 liei)
651 3770 713 3808 cum
725 3771 806 3820 capra
843 3757 872 3807 ut
889 3757 988 3808 docent
1009 3760 1156 3823 inscriptt.‚
1181 3759 1281 3810 rectior
1303 3761 1372 3810 scti-

237 3861 242 3871 .
281 3825 407 3877 conlundi
424 3841 477 3878 non
494 3828 595 3880 debere
607 3830 751 3882 dicendum
763 3833 805 3882 est
843 3832 921 3895 ptura
939 3835 981 3882 est
997 3845 1080 3896 quam
1098 3833 1203 3884 litaretis
1234 3833 1305 3884 Vera
1323 3847 1372 3884 au-

282 3904 391 3964 propter
412 3914 545 3966 nuperum
567 3905 703 3967 quendam
723 3906 807 3955 inter·
844 3909 899 3956 tem
916 3905 993 3957 lectio
1013 3909 1102 3971 (quam
1120 3919 1184 3957 cum
1200 3908 1294 3972 paucis
1314 3907 1371 3958 aliis

283 3977 394 4039 pretem.
416 4003 443 4012 «-
462 3977 527 4027 tacte
542 3979 679 4040 mutatur]
698 3973 807 4047 ἀπογω-
844 3980 926 4030 habet
943 3982 1068 4045 antiquus
1085 3981 1152 4032 Cod.
1172 3979 1286 4045 Sangall.
1301 3995 1368 4047 apr.

282 4049 479 4102 λακτισθέντα.
504 4053 587 4104 Unam
605 4054 740 4104 notionem
759 4069 806 4105 ex·
844 4056 894 4118 m.)
923 4057 1050 4119 corrupta
1078 4058 1121 4106 est
1152 4057 1250 4120 partim
1279 4069 1369 4107 errore

281 4126 384 4190 primit,
403 4139 485 4190 quam
501 4128 649 4191 posteriore
662 4131 758 4192 aetate,
776 4133 807 4180 ut
843 4131 927 4192 liueti,
946 4131 1046 4194 partim
1062 4130 1266 4195 interpolatione
1284 4129 1366 4182 Codd.

282 4198 575 4263 eGlossariisconstat‚
594 4215 647 4254 uno
664 4202 748 4254 verbo
763 4205 807 4254 ei-
844 4203 921 4269 aliq.:
948 4210 972 4256 et
1000 4206 1125 4258 Vindelici.
1161 4206 1367 4270 cuninghamius

282 4275 389 4326 iactante
405 4277 549 4340 signarunt.
580 4279 646 4328 Hinc
669 4281 742 4330 recte
760 4278 807 4329 ad·
843 4279 1000 4330 Animadvv.
1020 4293 1046 4344 p.
1065 4281 1106 4331 itti.
1126 4279 1235 4332 adnotat
1254 4278 1366 4332 iamdiu
