3012 4978
653 471 656 478 ,
687 433 816 483 nonnrn
835 433 1004 484 caamnuu
1099 421 1103 428 '

662 917 897 978 curm
924 917 1045 978 xm.

470 1086 646 1163 Audivere,
671 1089 775 1177 Lyce,
800 1086 833 1154 di
856 1108 930 1153 mea
951 1098 1038 1166 vote,
1064 1087 1096 1153 di

471 1209 651 1288 Audivere,
674 1210 782 1299 Lyce:
806 1208 845 1275 iis
867 1230 965 1286 anus,
991 1219 1024 1275 et
1044 1203 1150 1276 tamen

513 1332 565 1398 Vis
590 1333 730 1398 formosa
750 1331 855 1398 videri
896 1409 903 1414 q

554 1452 720 1541 Ludisque
743 1463 776 1520 et
796 1452 881 1520 bibis
905 1452 1075 1541 impudens

470 1613 508 1676 Et
529 1620 624 1678 cantu
647 1610 784 1678 tremulo
807 1621 883 1698 pota
907 1609 1099 1697 Cupidinem
1361 1613 1381 1674 5

366 1813 430 1862 Xill.
455 1812 537 1860 Inscr.
556 1808 625 1873 volg.
643 1811 681 1859 te
697 1811 787 1870 chcn.
808 1836 836 1847 —
858 1809 999 1871 Cmnpctcm
1020 1823 1046 1859 se
1067 1810 1118 1858 coll
1138 1811 1178 1859 cui
1193 1811 1289 1873 fectum
1305 1823 1350 1858 esec

332 1887 556 2012 ἶαίί-ριόοῐιῐίιίρσι
573 1885 722 1946 anastacio
738 1886 770 1934 sit
786 1885 833 1934 ΒΞ.
863 1912 891 1921 -
917 1883 955 1935 tc
971 1885 1053 1946 recen
1073 1885 1183 1934 celetem
1199 1885 1350 1934 meretricem

332 2141 397 2190 Xlli.
425 2139 526 2189 Referri
548 2137 654 2190 videtur
675 2136 708 2186 ad
731 2137 779 2187 Od.
798 2136 822 2196 3,
861 2136 1009 2198 scalpuntur
1025 2135 1067 2186 etl
1082 2136 1267 2187 lctinmcereu.
1283 2139 1383 2188 -ίαι-

300 2217 359 2274 40.,
384 2213 430 2264 uhi
454 2213 487 2262 de
506 2214 591 2276 Lycos
613 2212 711 2263 ferocia
729 2225 760 2262 ec
777 2224 825 2261 su·
862 2211 922 2274 turn]
942 2209 1138 2273 «tranquillum,
1157 2223 1210 2260 non
1223 2215 1383 2262 commotum

298 2290 392 2354 perbia
410 2289 596 2352 conqueritur,
616 2289 672 2337 sire
690 2287 767 2338 fictus
784 2289 824 2338 est
862 2298 894 2334 ac
910 2287 1052 2348 propterea
1070 2289 1129 2335 tuas
1146 2299 1244 2349 preces
1266 2299 1320 2336 non
1340 2299 1383 2337 ex·

299 2366 322 2414 is
339 2377 415 2414 amor
444 2377 493 2412 seu
523 2376 613 2412 verus.
648 2362 696 2412 Hic
718 2360 823 2411 vetulae
862 2359 1026 2420 audientem,
1036 2353 1225 2429 ἀδιάφορον.»
1239 2361 1315 2411 Ouid.
1324 2361 1382 2412 lter.

299 2441 403 2488 interca
418 2438 502 2486 iactae
516 2441 543 2487 el
559 2439 650 2486 tamen
667 2435 765 2486 lascive
783 2437 824 2486 iu-
862 2435 891 2494 l,
912 2436 939 2483 l:
965 2435 1037 2483 Haec
1056 2438 1102 2483 tue
1120 2435 1237 2496 Penelope
1256 2435 1323 2485 lente
1341 2435 1381 2484 tili

298 2510 400 2563 veniles
412 2523 518 2561 amores
530 2511 645 2574 captanti
657 2523 753 2574 magno
762 2524 823 2561 cum
861 2509 952 2570 mittit,
973 2509 1052 2558 titire.
1070 2511 1162 2558 Amor.
1176 2508 1206 2569 3,
1220 2510 1251 2570 6,
1265 2509 1312 2559 6⁰:
1339 2509 1383 2572 (toi

299 2587 455 2648 contemptu
483 2583 605 2644 insultet,
642 2587 717 2647 gralo
745 2583 824 2634 simul
861 2583 1076 2634 teuerclecrimos
1086 2584 1258 2634 leunsinem
1267 2585 1343 2634 ellel.
1358 2609 1382 2620 -

298 2661 388 2710 animo
413 2659 492 2708 tceec
517 2659 643 2718 Cinarae,
674 2660 752 2709 nimis
770 2673 825 2708 ma·
861 2658 993 2722 scaettas]
1020 2657 1145 2708 «canticis
1162 2659 1301 2710 amatoriis
1318 2659 1383 2708 iure·

299 2736 358 2784 lure
385 2734 545 2792 exstinctae,
576 2745 688 2784 memor.
729 2733 824 2783 Similis
862 2745 910 2783 nes
932 2731 1058 2796 pellicere
1081 2733 1177 2783 trustra
1198 2734 1331 2784 conaris·
1358 2757 1382 2768 -·

298 2807 377 2872 plene
403 2809 553 2870 argumenti
579 2809 641 2857 sunt
664 2808 711 2858 Od.
732 2809 761 2867 t,
780 2809 821 2858 25.
860 2808 964 2858 circula
982 2835 996 2845 ·
1008 2833 1023 2844 -
1043 2807 1131 2872 Chloe]
1151 2808 1192 2857 «in
1211 2809 1288 2870 genis
1306 2808 1382 2858 Chiae

298 2887 327 2933 et
337 2883 365 2944 3,
380 2884 420 2932 45.
445 2884 508 2932 item
524 2881 656 2944 Meleager
673 2883 750 2932 nnth.
769 2881 821 2932 Pal.
861 2884 948 2932 aetate
960 2882 1080 2933 florentis
1097 2884 1124 2931 ct
1137 2880 1268 2945 psallendi
1288 2883 1383 2946 peritae

298 2959 318 3008 1.
336 2969 364 3020 p.
383 2955 447 3007 tta:
484 2951 587 3007 Οὐκέτι
604 2953 762 3028 Τιμάριον,
788 2953 823 3006 τὸ
861 2956 921 3019 vigil
935 2955 1030 3018 cubat,
1050 2969 1112 3006 cum
1130 2956 1157 3006 in
1175 2957 1201 3004 le
1219 2957 1324 3020 sopitus
1339 2957 1382 3014 sit,

300 3033 366 3102 πρίν
382 3030 545 3101 γλαφυροῖο
563 3029 683 3096 κέλητος
704 3029 822 3098 Πῆγμα,
861 3029 1015 3094 nullamque
1030 3033 1058 3080 tu
1074 3031 1128 3080 iam
1144 3031 1245 3080 excites
1256 3029 1384 3095 cupidita·

298 3109 380 3176 <piper
402 3101 515 3156 πλωτὸν
532 3102 676 3177 Κύπριδος
698 3109 824 3177 εἰρεσίην
861 3108 917 3156 tem
931 3107 957 3154 tc
970 3105 1100 3155 fruendi.»
1114 3131 1142 3142 -
1157 3105 1219 3154 cria
1230 3107 1322 3154 autem
1339 3117 1383 3154 no-

298 3180 357 3232 ιιτλ.
379 3208 406 3217 -
422 3184 553 3247 Tempus,
573 3195 627 3246 quo
644 3184 823 3246 compositum
862 3194 925 3231 men
943 3182 1083 3244 proprium
1105 3179 1176 3244 apud
1196 3181 1271 3230 Grut.
1295 3182 1340 3240 45,
1359 3181 1381 3229 9.

298 3258 343 3318 sit,
371 3256 475 3307 deliniri
497 3257 596 3320 nequit.
616 3256 744 3307 Kirchner
765 3258 818 3320 opi·
861 3255 918 3317 uta,
932 3255 1112 3315 9.,α4ίιι4ιία,
1124 3256 1207 3305 Delio.
1223 3281 1251 3290 -
1269 3253 1381 3318 psalm]

299 3333 377 3382 natur
388 3344 413 3381 a.
426 3345 452 3380 u.
465 3345 488 3381 c.
501 3332 569 3391 736,
583 3331 680 3382 Groici.
694 3344 718 3381 a.
727 3345 754 3380 u.
765 3332 820 3381 738.
860 3343 901 3394 pr.
910 3329 1000 3392 digito,
1013 3343 1066 3379 non
1075 3329 1187 3394 plectro,
1200 3329 1331 3380 chordam
1340 3331 1383 3379 im·

333 3406 408 3457 l-l.
435 3419 492 3456 neec
509 3406 581 3470 octe]
609 3408 658 3454 «ut
684 3406 823 3470 puniretur
860 3402 969 3467 pellere,
984 3403 1218 3465 allierod.t,l55.
1232 3405 1382 3474 κιθαρίζειν

298 3478 440 3543 aliquando
458 3479 540 3531 tostus
554 3483 614 3530 tuus
629 3481 821 3544 importunus.»
860 3479 952 3528 τικσί
967 3473 1108 3542 pellicem
1126 3479 1176 3529 sed
1192 3479 1265 3542 apud
1282 3481 1382 3530 Latinos

300 3581 328 3590 -
346 3555 478 3619 tutisque]
499 3558 543 3604 aut
563 3554 760 3606 adolescentula
781 3553 822 3604 lu·
860 3555 912 3604 hoc
921 3553 1066 3604 discrimen
1075 3565 1128 3603 non
1137 3564 1246 3618 semper
1254 3555 1380 3604 servetur.

298 3627 348 3677 dos
374 3629 500 3692 iocosque
525 3631 668 3681 amatorios
689 3632 775 3680 lentes
796 3631 822 3679 in
862 3657 890 3665 —
907 3629 934 3679 in
945 3628 1026 3691 penis]
1044 3629 1140 3678 Athen.
1154 3629 1193 3678 43.
1208 3642 1269 3692 pag.
1283 3627 1341 3679 sol.
1359 3628 1382 3677 ct

300 3701 560 3754 comissationibus.»
861 3703 923 3755 eol:
943 3699 1111 3774 Φρύνιχος·
1122 3703 1170 3754 ἐπί
1186 3699 1238 3755 τοῦ
1258 3701 1381 3774 Τρωίλου

330 3777 407 3827 ,lt-8.
426 3778 539 3841 tremulo]
558 3781 586 3829 ut
603 3779 742 3830 solelesse
755 3793 823 3830 anus
860 3772 919 3844 ἔφη
955 3775 1089 3843 Λάμπεια
1125 3777 1172 3830 ἐπί
1208 3780 1382 3850 πορφυρέας

297 3849 368 3899 bene
386 3852 474 3914 potae.
510 3854 552 3902 Sic
573 3853 607 3902 de
630 3853 719 3903 vetula
736 3856 821 3904 amice
861 3850 970 3925 παρῇσι
986 3851 1050 3916 φῶς
1067 3847 1183 3924 ἔρωτος.
1218 3854 1294 3904 Pind.
1308 3856 1380 3906 Nem.

296 3925 421 3988 Agathies
444 3927 521 3975 nntn.
550 3925 602 3977 Pal.
625 3929 645 3977 1.
670 3940 730 3990 pag.
756 3929 820 3980 ⁴68:
860 3929 885 3989 8,
905 3921 1022 4000 nucea
1033 3921 1381 4000 πότνια--Ἅτεπαρθε-

296 3997 403 4051 Χείλια
419 3998 577 4065 βαμβαίνιι
601 4001 749 4066 φθέγματι
769 4019 822 4069 γη-
861 4001 954 4069 νηίοις
966 4001 1075 4056 παίδων
1086 4007 1110 4054 τ’
1123 4003 1258 4067 ἐφίζοισα
1274 3999 1380 4094 gispei-

297 4073 399 4146 ραλέῳ.
425 4077 495 4138 Virss.
513 4075 693 4138 tenzelio.
713 4077 824 4128 chec·
861 4094 931 4149 ροις.
959 4080 1134 4144 Soph.Antig.
1151 4079 1264 4130 Ἰδαίας
1287 4079 1380 4149 epac,

298 4151 354 4202 ciris
372 4150 535 4202 iurantibus:
563 4151 606 4200 tet
625 4151 694 4202 aliae
712 4153 824 4203 tremulis
861 4147 962 4216 --Ὃς
979 4152 1010 4204 ἐν
1026 4152 1171 4219 μαλακαῖς
1182 4157 1315 4225 παρειαῖς
1330 4152 1380 4203 Νε-

296 4226 433 4277 ululetilrus
453 4227 555 4278 αιίίιανα
571 4227 699 4289 complent.
730 4227 823 4278 Differl
860 4225 959 4291 ἀνιδος
975 4225 1148 4290 ἐννυχεύεις.

298 4313 408 4364 prorsus
425 4302 507 4352 Persii
524 4299 587 4354 illud
606 4305 633 4364 4,
652 4303 698 4352 tl:
718 4303 823 4354 creneio
893 4304 934 4353 9-
947 4305 986 4354 it.
1005 4302 1173 4367 Importunas]
1192 4301 1341 4368 «superbus
1357 4302 1380 4349 et
1488 4295 1489 4298 ’
