2992 4978
282 430 343 495 404
375 401 380 411 ’
665 429 798 502 ,nonnul
817 428 985 479 4444444444

410 588 459 652 Μ4
484 607 568 652 nunc
591 586 728 652 Thressa
750 584 850 650 Chlo'e
873 584 973 671 regit,

452 708 571 774 Dulces
595 707 690 773 docta
713 705 828 772 modos
851 717 882 771 et
904 705 1046 772 citharae
1069 705 1195 782 soienS‚
1326 703 1362 768 l0

407 833 469 896 Pro
495 851 560 916 qua
583 850 646 893 non
669 839 810 894 metuam
833 827 935 903 niori,

452 952 485 1017 Si
508 960 642 1038 parcent
663 950 788 1016 animae
811 948 874 1014 sata
897 947 1070 1035 superstiti.

408 1112 458 1176 ltle
483 1119 582 1176 torret
603 1109 672 1175 lace
694 1119 804 1175 mutua

451 1231 580 1298 Thurini
605 1230 710 1298 Calais
733 1229 817 1295 filius
840 1230 976 1317 Ornyti,

407 1357 470 1420 Pro
493 1375 558 1442 quo
581 1353 631 1418 bis
655 1353 759 1439 patiar
780 1352 879 1427 mori,

452 1476 484 1540 Si
506 1483 640 1562 parcent
660 1495 763 1561 puero
786 1473 849 1540 lata
874 1474 1048 1560 superstiti.

346 1666 370 1713 9.
400 1664 519 1714 44444444
535 1665 568 1723 Β,
596 1664 684 1713 Cressa
705 1680 741 1727 μ,
769 1662 816 1712 Ed.
837 1663 959 1712 Looheri.
989 1687 1016 1697 -
1043 1663 1109 1726 rtpct
1129 1677 1170 1728 γι,
1197 1675 1240 1725 pr.
1259 1660 1288 1722 β.
1309 1687 1336 1699 -

314 1741 353 1791 to.
372 1740 459 1789 Dutcta
475 1739 503 1788 T.
524 1765 552 1774 -
572 1737 611 1788 44.
631 1738 728 1787 emeat
745 1739 799 1788 LCt
815 1749 878 1787 curn
895 1735 970 1787 aldo.
991 1737 1031 1800 (ut
1047 1749 1109 1798 nos,
1129 1736 1244 1798 ahsrc.)

279 1921 359 1957 mana
375 1919 482 1970 paceo,
502 1918 571 1968 quae
588 1905 696 1969 proprio
708 1905 806 1954 4444444
842 1905 941 1954 rimurn
959 1903 1066 1956 dedisse
1085 1905 1255 1969 Propertium
1273 1907 1367 1970 patet.»

281 1985 350 2040 erat;
380 1981 417 2030 sic
435 1980 516 2030 etiam
533 1979 624 2028 Ouidio
642 1981 710 2029 Fast.
730 1979 760 2040 3,
780 1980 803 2028 9.
843 1978 990 2042 llertzberg
1007 1981 1126 2043 Propert.
1145 1981 1165 2030 l.
1179 1993 1206 2044 p.
1221 1981 1281 2031 463.
1300 1979 1369 2030 ldem

280 2059 324 2107 est
339 2057 454 2106 44444444
476 2056 607 2115 sacerdos,
637 2053 684 2102 ubi
709 2053 806 2104 trustra
843 2067 905 2104 curn
928 2053 1086 2104 iamdudum
1108 2052 1252 2116 aliquoties
1275 2053 1370 2118 siguifi-

282 2131 405 2182 Heinsius
419 2130 542 2191 Troiano,
561 2128 689 2179 llrebsiua
707 2129 804 2192 rapina.
843 2141 949 2178 cassem
966 2129 993 2178 in
1010 2127 1079 2178 fictis
1092 2129 1190 2178 Horatii
1207 2129 1368 2190 nominibus.

313 2206 338 2254 9.
367 2206 406 2256 ta.
440 2203 553 2267 44444444]
580 2203 645 2253 Alit:
675 2205 716 2253 444
740 2215 807 2252 nunc
843 2203 1371 2254 riseruntmehominesnounullischo-

281 2281 369 2330 Cressa
385 2279 471 2340 Chtot',
498 2279 641 2329 durissimo
659 2291 725 2328 sono
743 2290 807 2342 pro·
843 2276 942 2336 lastioi‚
960 2276 1070 2327 auribus
1088 2277 1230 2338 carentes.)

280 2357 341 2418 pter
357 2352 405 2402 litt.
419 2367 443 2414 4,
465 2367 490 2414 4,
510 2353 591 2402 clt-
610 2352 709 2416 modos]
722 2349 804 2416 μέλη.
877 2351 986 2401 444-48.
1022 2351 1261 2416 tupatarmort]
1284 2353 1368 2416 Eur-ip.

283 2454 310 2462 -
329 2427 441 2475 citharae
457 2427 542 2490 aciens]
565 2426 613 2476 Od.
637 2428 666 2484 4,
688 2428 734 2486 45,
755 2425 805 2476 hi:
844 2425 929 2474 Orest.
945 2425 1026 2475 atta:
1053 2425 1111 2475 Kal
1129 2421 1189 2490 μὴν
1209 2421 1272 2475 τόδ’
1291 2420 1370 2497 ἔρξας

280 2501 360 2550 sciona
375 2502 486 2564 4444444.
522 2499 649 2549 Alexand.
673 2499 757 2549 Aetol.
781 2501 808 2549 in
844 2496 887 2560 δὶς
916 2499 1016 2548 θανεῖν
1049 2493 1084 2550 οὐ
1114 2497 1253 2564 χάζομαι.
1300 2499 1369 2550 Plato

280 2573 354 2625 Anal.
373 2575 416 2624 Br.
435 2575 454 2624 1.
473 2587 534 2638 pag.
554 2573 616 2624 tta:
642 2567 709 2623 'Ata'
733 2566 750 2623 ὅ
775 2588 808 2640 γε
844 2573 918 2639 Apol.
937 2575 977 2625 30.
1001 2575 1045 2625 C.:
1070 2568 1129 2624 οὐδ’
1146 2576 1173 2624 εἰ
1188 2572 1288 2638 μέλλω
1306 2571 1371 2624 πολ-

282 2644 462 2713 πευθόμενος
473 2645 570 2715 πάγχη
587 2649 737 2718 Γραικοϊσι
755 2663 808 2712 με·
844 2645 926 2711 reug
950 2645 1094 2699 τεθνάναι.
1125 2675 1152 2686 -
1178 2650 1284 2714 pitseo]
1305 2651 1369 2700 auo

281 2723 384 2774 4444944
405 2720 567 2787 Τιμόθεον,
585 2719 709 2794 κιθάρης
725 2720 808 2788 iduo-
843 2737 895 2774 usu
906 2736 955 2787 pro
963 2725 1081 2785 pataliae,
1100 2736 1218 2786 quocum
1229 2736 1293 2774 roo.
1306 2722 1365 2774 illud

280 2814 318 2848 να
334 2799 386 2848 καὶ
402 2796 520 2863 μελέων.
845 2800 989 2861 cognatum
1009 2801 1058 2847 est.
1095 2799 1203 2848 «Nonne
1223 2800 1310 2850 satius
1329 2797 1369 2854 444,

315 2872 425 2924 44-44.
449 2873 566 2938 animoa]
596 2873 681 2924 «vitae
703 2873 807 2939 puellae
845 2874 868 2923 si
890 2873 1018 2936 pristinus
1042 2885 1118 2924 amor
1145 2873 1241 2923 redeat
1270 2883 1369 2936 uosque

282 2949 479 3008 amatissimae,
504 2962 572 3012 quae
591 2949 670 3010 mihi,
694 2961 807 3014 precor,
846 2959 917 2996 nunc
934 2946 1045 2996 discidio
1063 2947 1195 2998 diiunctos
1214 2960 1287 2998 nova
1310 2959 1371 2996 con-

281 3025 419 3086 superstes
432 3024 491 3073 sit.»
507 3049 534 3060 -
552 3023 719 3088 socemutua]
740 3025 808 3087 «Ego
846 3021 935 3071 cordia
953 3019 1026 3070 velut
1042 3020 1195 3071 firmissimo
1212 3021 1278 3084 iugo
1295 3031 1373 3084 oopu-

282 3109 374 3147 amore
387 3097 414 3146 ln
425 3095 516 3148 Calain
527 3098 636 3149 incensa
648 3099 719 3148 teror
737 3099 809 3148 eius-
845 3095 920 3145 4444»
933 3121 960 3130 -
978 3095 1112 3158 4444444444]
1130 3095 1258 3144 Deductus
1269 3093 1369 3146 etiamsi

282 3183 335 3234 que
346 3173 470 3222 mutuum
482 3184 604 3223 amorem
616 3173 765 3237 experior.»
779 3199 806 3208 -
846 3169 928 3220 habet
948 3170 1038 3220 Codex
1057 3171 1196 3233 antiquiss.
1217 3171 1252 3231 Β,
1284 3174 1370 3220 nmen

283 3247 415 3308 thartam,
435 3247 563 3310 oppidum
575 3247 723 3309 Lucaniae,
746 3245 809 3297 olirn
846 3247 902 3294 tam
921 3257 1078 3308 perversam
1098 3242 1241 3294 lectionem
1257 3244 1370 3308 probare

283 3319 407 3384 sybaris,
427 3320 575 3372 incolarum
587 3321 807 3372 mollitienotum.
846 3332 900 3368 non
923 3317 1043 3368 debebat
1065 3315 1178 3368 llauthal
1201 3317 1237 3368 ad
1261 3320 1334 3368 Pera.
1351 3316 1369 3365 l.

284 3394 404 3457 (Differre
421 3395 545 3445 aThurio
562 3394 694 3446 coloniam
711 3397 810 3446 Roma·
845 3405 904 3456 pag.
919 3393 975 3442 490.
1000 3419 1027 3429 -
1055 3392 1239 3456 iupa-athael
1262 3392 1303 3443 ct.
1324 3389 1368 3441 0d.

283 3481 347 3518 narn
365 3469 487 3533 copiam,
509 3470 535 3520 in
553 3483 647 3533 agrum
663 3471 810 3521 Thurinum
848 3469 875 3527 4,
894 3465 939 3527 33,
959 3467 1006 3515 tt:
1024 3467 1087 3530 iupa
1103 3469 1192 3516 444444.

284 3542 444 3604 deductam,
464 3543 678 3595 demonstratum
695 3544 810 3594 ivitllil-
880 3542 920 3591 49.
947 3541 1082 3605 annuitur]
1108 3541 1213 3592 «oneris
1234 3541 1319 3592 instar
1338 3539 1370 3588 de

284 3616 372 3679 lingen
397 3619 424 3667 in
455 3619 654 3681 Numtamattque
679 3620 709 3669 da
733 3620 808 3669 l'anc.
847 3617 937 3666 mente
955 3630 1015 3667 mea
1033 3614 1152 3680 pellitur,
1177 3615 1246 3666 adeo
1269 3618 1301 3665 ut
1316 3615 1371 3664 eius

283 3691 355 3740 ltalia
371 3704 397 3755 p.
416 3691 485 3754 448.)
522 3695 643 3742 44444444
668 3695 811 3757 opponitur
846 3703 957 3754 prorsus
978 3689 1146 3741 obliviscar.»
1181 3692 1271 3754 Imago
1292 3690 1369 3755 petita

287 3765 403 3814 lltrasaoa
425 3763 459 3814 illi
476 3779 502 3815 v.
522 3767 546 3815 9.
576 3791 603 3802 -
632 3767 729 3830 044444]
756 3769 811 3818 De·
846 3764 953 3815 videtur
978 3765 1012 3815 ab
1039 3779 1108 3830 equo
1130 3767 1269 3816 vectorem
1291 3775 1371 3815 excu-

285 3838 348 3902 legit
373 3838 480 3888 nomina
505 3842 610 3903 poetica
637 3843 664 3890 et
695 3854 809 3891 sonora:
848 3840 939 3902 tiente,
958 3840 1114 3902 deliciante,
1133 3853 1185 3892 neo
1202 3839 1237 3890 da
1254 3841 1370 3902 443444-

234 3945 243 3963 ,
286 3913 385 3974 caca,
425 3912 463 3962 uti
496 3912 681 3977 appellabatur
710 3915 811 3965 Boreae
849 3915 1015 3980 cipieudum:
1050 3917 1095 3978 qui
1127 3916 1200 3966 enim
1231 3927 1286 3964 uno
1313 3913 1370 3972 iugo

286 3987 370 4049 filius,
389 3989 418 4037 et
434 3987 544 4049 04444444
554 3987 674 4052 Apollon.
688 3988 771 4039 ahod.
785 3991 811 4052 4,
849 3990 930 4041 iuneti
957 3992 1020 4040 sunt
1047 3990 1129 4050 44444,
1165 3987 1279 4040 alteratur
1306 3985 1371 4038 44444

287 4063 328 4114 65.
347 4063 417 4125 Virg.
436 4064 504 4112 Aen.
526 4063 572 4124 44,
593 4063 650 4112 644.
678 4061 810 4114 Plutarch.
850 4065 976 4116 excutere
994 4065 1094 4127 nequit.
1125 4061 1207 4114 Aliter
1218 4061 1370 4125 interpreta-

286 4137 365 4188 Thes.
378 4137 402 4186 8.
423 4137 476 4200 tuln
492 4137 632 4187 hominum
649 4139 677 4187 et
692 4135 813 4189 locorum
850 4142 893 4188 tur
909 4136 1042 4188 Bentletus
1059 4137 1093 4188 ad
1110 4137 1159 4187 od.
1172 4136 1199 4198 3,
1219 4137 1264 4197 45,
1281 4136 1309 4185 9:
1330 4132 1368 4182 ·st

287 4209 508 4275 appellationibus
525 4213 601 4274 grato
617 4224 683 4262 sono
701 4214 728 4261 et
739 4225 815 4262 meu·
851 4209 932 4264 Chloe
950 4225 964 4261 e
983 4212 1064 4261 domo
1082 4211 1198 4270 aiioitarr;
1221 4213 1252 4260 ut
1267 4209 1366 4260 Terent.

287 4299 367 4336 surae
385 4283 508 4338 versibus
520 4285 740 4340 accommodatae
751 4285 812 4352 plu·
850 4287 916 4338 Eun.
929 4287 958 4348 4,
972 4287 999 4349 3,
1019 4287 1063 4336 67:
1081 4285 1161 4338 Homo
1172 4285 1299 4349 4444444444
1308 4284 1369 4332 corle
