2986 4974
494 463 552 512 ΜΒ.
574 463 602 512 ll.
640 464 668 511 C.
687 463 728 512 vt.

472 993 807 1064 cmvi.

267 1178 416 1268 Septimi,
441 1179 548 1246 Gades
570 1177 695 1245 aditure
719 1193 846 1244 monum
868 1186 901 1243 at

269 1299 462 1368 Cantabrum
485 1300 648 1368 indoctum
671 1300 745 1386 iuga
768 1298 851 1365 larre
874 1306 983 1364 nostra
1004 1305 1036 1363 ct

158 1517 203 1569 Vl.
229 1519 312 1568 lusor.
330 1516 398 1581 vols.
422 1519 461 1568 Ad
475 1518 633 1580 sptium,
658 1519 685 1567 at
702 1518 741 1568 sic
760 1518 806 1567 BS.
828 1545 855 1554 -
873 1517 911 1566 Aa
927 1517 1064 1578 sapiam
1078 1529 1149 1577 proa-

121 1594 239 1656 pcnatt'cc
255 1589 503 1663 (προσφωνητική)
520 1593 651 1642 tetracolon
667 1593 694 1642 T.
718 1593 837 1655 Septimio
857 1591 900 1642 bc.
922 1619 949 1627 -
969 1593 993 1640 l.
1012 1592 1085 1654 podis
1102 1593 1129 1640 Β.

126 1789 170 1838 Vl.
191 1789 350 1852 Septimius,
375 1801 459 1852 aquas
477 1791 621 1849 Romanus,
661 1791 795 1840 exuamus
812 1801 844 1839 ac
861 1788 905 1839 val
921 1789 1036 1840 maxima
1054 1788 1123 1840 laras
1141 1797 1185 1838 ra·

93 1863 168 1914 idem
185 1862 303 1923 videtur,
322 1863 357 1913 da
375 1876 429 1926 quo
446 1865 579 1926 Augustus
596 1864 622 1913 in
661 1865 753 1928 ponas
765 1867 793 1913 tn
804 1876 849 1914 ma
864 1863 1041 1924 comitabere;
1062 1867 1133 1914 tanta
1145 1866 1187 1914 est

93 1937 213 2002 Epistola
237 1937 271 1986 ad
295 1939 432 1988 Horatium
455 1937 527 2002 apud
550 1939 621 1990 Suet.
661 1941 706 1988 tua
723 1939 750 1988 in
767 1950 811 1988 ma
830 1939 970 1989 amicitia.»
1011 1937 1186 1990 proverbium

93 2013 144 2063 vit.
172 2014 239 2064 llor.
265 2013 312 2062 Ed.
337 2012 416 2064 Wolf.
442 2015 466 2063 2.
491 2026 550 2077 pag.
574 2012 620 2063 la:
661 2015 732 2064 erat:
762 2009 795 2062 τὸ
825 2012 956 2064 ἐπέκεινα
984 2011 1125 2084 Γαδείρων
1151 2006 1186 2063 ον’

94 2088 138 2138 lul
156 2087 262 2150 walam
276 2087 382 2136 labacri
397 2089 560 2149 montorium,
574 2101 624 2150 po-
662 2089 809 2158 περατέον.
829 2091 937 2150 Gregor.
951 2090 1013 2138 Nan.
1027 2090 1070 2139 Or.
1084 2088 1125 2148 la,
1144 2088 1185 2139 nl.

92 2163 153 2212 toris
171 2177 208 2214 cc
226 2161 345 2223 speum
361 2175 460 2223 quoquc
475 2168 560 2212 nostro
574 2175 624 2211 nu-
660 2160 694 2212 τὸ
719 2163 791 2232 πέρα
820 2160 961 2232 Γαδείρων
987 2156 1023 2212 οὐ
1054 2160 1186 2234 περατόν,

92 2239 155 2288 dire.
194 2236 273 2297 Quod
295 2235 413 2286 nonnulli
430 2239 455 2287 ei
477 2233 523 2286 Titi
544 2247 624 2300 prac-
661 2238 799 2288 Choricius
825 2238 884 2288 Maii
907 2237 994 2300 Splcil.
1020 2239 1050 2286 V.
1069 2251 1096 2301 p.
1116 2237 1184 2296 45⁶..

94 2325 194 2362 nomen
214 2309 288 2372 dant,
307 2323 399 2362 merus
411 2313 453 2362 ast
470 2324 546 2360 errur
561 2310 623 2361 inda
661 2313 772 2362 ductum
789 2325 822 2362 ex
840 2311 913 2362 Pind.
927 2313 1003 2362 Nom.
1020 2311 1050 2372 l,
1072 2311 1116 2362 69:
1136 2311 1190 2361 Γα-

93 2389 183 2447 ortns,
205 2385 280 2450 quod
296 2383 384 2434 Schol.
405 2385 485 2449 Cruq.
505 2385 540 2435 ad
556 2387 621 2450 Epp.
661 2385 761 2458 δείνων
786 2382 820 2436 τὸ
842 2381 914 2456 πρὸς
935 2381 1028 2449 ζόφον
1044 2379 1080 2437 οὐ
1099 2401 1188 2458 περα-

95 2463 123 2520 l,
148 2461 179 2521 3,
209 2461 235 2510 9.
267 2460 358 2509 Titium
381 2459 417 2510 ibi
443 2463 622 2511 memoratum
661 2458 721 2512 τόν.
740 2461 845 2512 Dictum
857 2460 1082 2512 saneesteodam
1094 2463 1185 2523 modo

96 2536 188 2586 Tutum
205 2533 530 2596 Septimiumlalsorocat.
557 2535 623 2586 Vida
662 2550 715 2601 quo
728 2537 848 2600 Propert.
866 2536 889 2596 l,
904 2535 928 2596 6,
941 2535 969 2585 3:
992 2535 1066 2597 liclia,
1083 2564 1110 2572 -
1125 2537 1186 2587 Ciam

94 2611 128 2661 ad
149 2610 167 2660 l.
187 2609 205 2660 l.
244 2608 322 2670 Quod
346 2611 436 2658 autem
462 2609 622 2660 scholiastae
661 2625 711 2672 quo
720 2611 939 2673 llipaacsposaim
947 2611 1108 2662 conmendare
1117 2625 1188 2662 mora·

95 2699 158 2736 aum
170 2684 273 2736 Horatii
293 2681 502 2734 commilitonem
517 2687 623 2746 vocant,
661 2691 711 2745 toa·
742 2699 793 2736 nec
825 2697 889 2735 vero
924 2697 987 2735 cum
1024 2685 1189 2736 Scholasticis

96 2761 222 2824 precario
243 2759 356 2823 petitum
376 2757 483 2808 videtur
500 2771 533 2808 ex
549 2772 575 2808 v.
594 2759 623 2809 8:
663 2759 794 2811 nonnullis
813 2761 883 2812 sario
895 2758 1081 2822 accipiendum
1094 2760 1127 2810 da
1140 2775 1189 2812 ne-

94 2837 261 2896 llilltiacpuc.
307 2833 364 2883 lloc
392 2846 457 2882 vero
477 2840 516 2882 'ex
541 2833 626 2883 schc-
662 2837 718 2886 scio
735 2848 789 2898 quo
808 2833 1189 2902 Horatiiptseptimiidespe·

95 2910 237 2962 iustarum
248 2909 401 2959 testimonio
410 2908 556 2958 admodum
565 2921 626 2971 pro-
662 2914 720 2961 rato
746 2912 826 2973 atqua
852 2909 945 2959 insano
968 2907 1078 2958 consilio
1102 2909 1189 2959 Gades

97 2985 198 3046 babila,
217 2984 365 3047 Septimium
382 2983 449 3046 Epp.
463 2983 491 3042 l,
511 2981 534 3031 9.
554 2981 626 3032 hand
662 2982 850 3050 proficiscendi
866 2981 908 3032 vel
927 2983 1007 3032 etiarn
1024 2982 1095 3046 apud
1116 2983 1190 3032 indo-

95 3061 238 3112 dirarsum
263 3072 323 3110 esse
347 3057 381 3108 ab
404 3057 483 3108 huius
501 3057 625 3108 carminis
662 3059 741 3109 mltos
775 3055 923 3108 Cantabros
953 3055 1083 3119 retugium
1108 3069 1192 3120 quae-

96 3137 227 3199 Scptimio.
263 3135 300 3186 Ex
323 3134 459 3183 mentione
477 3131 627 3183 Cantahrc-
662 3133 748 3183 randi.

96 3223 156 3261 rum
174 3209 294 3274 (Man)
317 3207 437 3258 nondum
459 3206 626 3257 devictorum
695 3209 720 3259 2.
740 3205 874 3268 mlii,
894 3205 991 3269 quihus
1009 3207 1118 3256 Romani
1137 3207 1189 3257 iam

97 3285 200 3336 Franks
219 3287 246 3334 et
262 3282 368 3334 Liiblrer
385 3280 550 3344 collegerunt
566 3294 627 3332 car·
663 3295 688 3333 a.
707 3295 733 3332 u.
758 3283 815 3332 725.
841 3279 941 3332 bellum
966 3280 1118 3344 intulerant,
1145 3295 1191 3332 rc-

98 3372 161 3410 man
179 3359 311 3422 scriptum
329 3369 426 3408 essaa.
439 3355 624 3416 marcilii..
662 3357 748 3409 belles
765 3357 839 3418 lacti,
858 3355 893 3406 ab
911 3357 1029 3419 lapisto
1047 3369 1072 3406 a.
1085 3357 1142 3407 729.
1163 3361 1190 3406 et

98 3445 189 3497 noque
214 3445 280 3482 vero
305 3431 409 3492 obstat,
438 3431 512 3495 quod
537 3429 626 3481 Sabini
663 3434 760 3482 iterum
778 3446 802 3481 a.
820 3431 877 3481 7³0.
900 3432 978 3493 victi,
1004 3432 1031 3482 in
1056 3431 1109 3482 lida
1136 3445 1189 3482 non

96 3509 152 3569 sni,
182 3507 375 3558 allaacanatc
401 3518 425 3555 a.
449 3505 507 3556 723.
526 3505 624 3568 donati,
663 3506 1192 3572 permanserantsedpartlacccorumiu

97 3581 199 3633 nullam
220 3582 263 3632 liic
285 3582 448 3632 mentionem
465 3581 536 3631 lacit.
572 3581 624 3631 Clr.
662 3581 971 3645 rabcllcctlclttitaaimm.
986 3579 1086 3643 lilani,
1099 3583 1187 3643 inlr.

97 3657 131 3706 ad
157 3671 186 3706 v.
212 3659 236 3706 a.
274 3654 332 3706 Noli
359 3656 437 3719 igilur
463 3655 564 3706 ralarro
592 3655 626 3706 ad
663 3655 765 3708 Devicti
783 3655 894 3706 domum
912 3658 974 3706 aunt
991 3668 1006 3705 a
1024 3657 1058 3706 ll.
1074 3657 1189 3721 Agrippa

97 3743 121 3780 a.
140 3731 192 3781 748
208 3729 250 3782 val
269 3729 344 3790 llil,
366 3731 403 3780 uti
421 3730 542 3781 locarunt
558 3743 627 3780 non·
663 3745 687 3782 a.
718 3731 792 3791 rat.;
822 3731 900 3794 igitur
932 3732 1020 3795 lupum
1049 3733 1189 3782 normann

98 3805 177 3866 nulli;
197 3807 246 3856 atsi
264 3805 350 3856 latacr
366 3805 462 3856 miram
480 3806 545 3856 milri
556 3819 628 3856 sam·
663 3807 733 3858 terra
751 3805 871 3857 nondum
883 3805 1042 3868 didicerant,
1062 3819 1125 3857 cnm
1137 3807 1188 3856 lnoc

98 3893 149 3944 par
173 3881 260 3931 visam
281 3893 341 3930 esse
365 3892 391 3929 v.
410 3879 434 3930 8.
452 3881 557 3930 miliaco
582 3893 627 3930 ra·
663 3895 772 3932 carmen
781 3881 932 3945 composuit
943 3884 1029 3944 potita.
1045 3881 1097 3932 Cir.
1109 3882 1188 3931 etiarn

99 3955 285 4006 cordationem
306 3954 359 4004 XV.
381 3953 436 4004 lora
457 3955 533 4006 annis
554 3957 628 4018 post·
663 3956 711 4006 Od.
723 3956 752 4017 3,
770 3957 799 4016 8,
813 3957 859 4006 22:
880 3955 1189 4006 Grammaticorum

99 4043 183 4093 qnam
218 4043 292 4080 arma
330 4027 415 4080 semel
454 4028 624 4092 deposuerat.
663 4035 760 4080 catana.
791 4030 838 4080 0d.
862 4029 890 4091 l,
918 4029 962 4088 ll.
989 4028 1035 4079 ll:
1065 4031 1190 4080 Cantaber
1227 4033 1228 4042 ¹

101 4103 286 4167 (Dilllcultatas
303 4103 381 4154 huius
399 4104 524 4154 carminis
542 4115 627 4166 expo-
662 4117 713 4154 non
729 4110 788 4155 oruc
808 4103 946 4155 domabilis
982 4105 1071 4154 lustin.
1091 4104 1136 4166 il,
1155 4107 1185 4154 5:

100 4179 153 4228 suit
171 4179 244 4229 Estrti
263 4179 327 4228 llor.
347 4180 388 4228 Pr.
408 4191 434 4242 p.
454 4177 521 4240 483.)
663 4181 713 4229 Nec
724 4181 798 4242 pm'us
805 4179 1187 4242 perdomitaprovincictopam

134 4255 158 4302 l.
178 4253 266 4317 Gades]
291 4252 343 4304 Clr.
363 4252 411 4302 Od.
431 4254 460 4312 Ξ,
479 4254 509 4315 2,
535 4255 575 4302 ll.
598 4281 624 4290 -
663 4255 769 4317 lltapaci
796 4254 909 4315 accipere
933 4257 1083 4314 porcam,
1110 4266 1187 4312 quam

101 4329 212 4394 aditura]
231 4330 277 4378 «Si
295 4340 363 4391 opus
380 4327 471 4389 luerit,
494 4327 575 4378 etiam
593 4327 626 4376 ad
664 4331 758 4382 Cacscr
773 4330 898 4391 leopatius
915 4327 1056 4388 perdomito
1073 4325 1132 4376 orba
1147 4328 1187 4376 ci·

188 4421 278 4468 llmur.
298 4431 354 4468 ron.
373 4419 388 4464 l.
420 4429 459 4466 ευ.
477 4431 554 4467 aaron
572 4419 607 4466 ΙΙΙ.
962 4421 986 4464 tc
