3012 4978
525 451 583 501 nn.
604 449 645 500 ιν,
681 449 710 500 c.
730 450 784 500 vn.
1164 448 1226 512 575

176 609 314 676 infernis
339 627 445 695 neque
468 606 554 673 enim
575 605 718 673 tenebris
744 607 846 672 Diana
867 606 1021 695 pudicum
1184 607 1225 670 25

308 727 440 796 Liberat
462 726 686 816 Hippolytum,

175 853 243 920 Nec
265 849 410 918 Lethaea
431 847 516 915 vaiet
538 847 681 916 Theseus
704 846 898 935 abrumpere
920 867 996 914 caro

308 969 441 1038 Vincula
464 967 614 1036 Pirithoo.

134 1276 224 1327 neque
242 1263 367 1312 Theseus
378 1261 495 1312 amicum
512 1271 606 1310 seeum
618 1258 665 1312 ab·
702 1259 769 1312 Ptut.
787 1260 866 1312 Thes.
885 1261 925 1310 20.
944 1261 1014 1323 virg.
1033 1263 1098 1312 Aen.
1113 1263 1141 1322 6,
1160 1263 1223 1312 647:

135 1338 235 1388 ducere
257 1337 355 1402 potuit.
385 1335 438 1386 Cir.
457 1335 528 1385 Baeh
551 1335 584 1384 sd
605 1335 665 1385 C'ri-
701 1336 766 1386 sedet
779 1339 956 1396 missamque
966 1334 1056 1385 sedebit
1065 1336 1157 1398 inseiis
1170 1337 1227 1386 The·

134 1413 198 1464 tiam
217 1425 245 1476 p.
265 1411 309 1462 80.
353 1411 426 1471 Quae
447 1409 532 1460 torma
560 1407 663 1460 tabulae
700 1421 764 1458 mss.
783 1407 907 1459 Fabulam
925 1411 1046 1459 tractavit
1061 1410 1112 1459 iam
1125 1411 1227 1473 Puni-a-

135 1501 197 1538 cum
216 1486 330 1538 minime
350 1487 481 1548 repugnet
492 1485 590 1535 Horatii
603 1497 665 1534 enn-
702 1485 747 1535 sis
767 1483 820 1534 Cir.
841 1484 975 1542 Pensio,
994 1483 1039 1545 29,
1058 1483 1087 1535 i:
1105 1481 1224 1535 Πανύα-

135 1559 205 1624 siiio‚
233 1573 290 1624 quo
308 1559 475 1610 demonstrat
491 1571 579 1622 neque
595 1558 664 1608 adis
702 1572 749 1620 οις
770 1555 802 1608 δὲ
824 1556 960 1623 ἐποίησεν
975 1551 1022 1645 ιὠς
1043 1553 1157 1623 Θησεὺς
1173 1560 1223 1609 κοί

134 1636 197 1700 ipsis
218 1649 311 1698 neque
332 1634 367 1684 ab
388 1634 488 1684 intimis
512 1633 605 1683 amieis
631 1645 664 1684 ex
700 1632 856 1704 Πειρίθους
880 1631 927 1682 ἐπὶ
949 1631 1006 1681 τῶν
1009 1629 1147 1718 θρόνων
1170 1648 1225 1683 κα-

136 1711 202 1760 Oreo
229 1711 355 1760 revocari
381 1721 545 1773 quemquam
572 1721 661 1773 posse,
700 1705 858 1778 ράοχοιντο
872 1721 974 1772 σχημα
983 1721 1018 1758 ου
1031 1703 1105 1757 κατα
1116 1705 1226 1773 δεσμω-

136 1785 245 1836 minime
267 1797 301 1834 eo
333 1783 515 1846 confugiamus
544 1785 661 1868 oportet,
700 1799 763 1847 τας,
777 1781 943 1868 προσφυὲς
953 1780 985 1832 dd
1002 1775 1061 1832 ἀπὸ
1078 1780 1130 1834 τοῦ
1147 1798 1225 1872 χρω-

135 1858 296 1910 utdiesmus
305 1856 371 1908 elios
382 1857 492 1908 tortasse
502 1857 661 1916 narravisse,
700 1853 751 1920 τός
767 1851 831 1908 ἀντὶ
848 1853 961 1924 δυσμῶν
978 1851 1113 1918 σφίσιν·
1098 1873 1158 1924 εφη
1171 1853 1225 1924 τήν

136 1929 239 2018 alligate
262 1933 317 1982 iam
347 1944 430 1996 proco
446 1933 572 1996 protervo
592 1932 663 1981 Tha-
700 1935 814 2005 πέτραν.
845 1959 874 1970 -
903 1933 998 1984 Thesei
1025 1933 1097 1997 apud
1124 1934 1225 1984 interos

136 2017 211 2057 seum
229 2008 256 2057 in
269 2009 370 2058 Orcum
382 2005 555 2057 descendisse
567 2007 595 2055 et
605 2007 663 2055 tum
700 2008 818 2060 sedentis
835 2007 997 2070 afflictique'
990 2008 1134 2070 imaginem
1144 2019 1225 2072 prae·

136 2078 246 2132 demum
264 2096 280 2132 a
299 2079 410 2132 Plutone
426 2078 538 2130 vinculis
549 2081 664 2130 constri-
699 2082 746 2134 het
762 2083 905 2147 inghirami
922 2081 988 2132 Gaii.
1008 2081 1062 2130 θυι.
1080 2082 1124 2130 lli.
1137 2081 1165 2130 T.
1179 2081 1220 2132 tii.

136 2157 208 2205 etum
230 2168 302 2206 esse.
339 2153 387 2206 Vel
410 2169 443 2205 ex
465 2155 544 2206 Critia
565 2152 608 2204 vei
630 2167 662 2204 ex
700 2157 844 2220 aliquoties
853 2156 972 2206 Theseus
984 2159 1011 2206 et
1020 2155 1150 2205 Pirithous
1161 2167 1224 2206 eum

136 2227 259 2293 Euripide
284 2228 352 2282 Piut.
374 2228 465 2280 uorat.
486 2242 546 2293 pag.
565 2229 607 2279 96.
626 2241 661 2279 e:
702 2229 842 2296 Hippolyta
861 2233 995 2281 Amazone
1018 2231 1167 2295 pugnantes
1189 2229 1223 2280 ah

136 2300 248 2369 Θησεὺς
272 2319 313 2370 τῳ
331 2303 457 2374 Πειρίθῳ
478 2301 662 2368 κολαζομένῳ
700 2305 815 2369 antiquis
842 2304 988 2356 artificibus
1012 2305 1133 2368 expressi
1151 2306 1222 2354 sunt.

135 2378 182 2430 nn
197 2376 342 2445 δεδεμένῳ
358 2377 465 2442 Πίδως
477 2371 663 2438 ἀχολκεύτου-
700 2380 758 2431 vid
768 2382 883 2430 tinem
893 2381 1041 2443 Gmporinn.
1055 2378 1119 2429 Tab.
1135 2379 1222 2430 XXIV.

135 2465 180 2502 σιν
199 2448 333 2518 ἔζευκται
354 2451 502 2516 addar.-
521 2455 662 2504 Praeterea
700 2456 819 2507 Theseus
844 2458 951 2505 taurum
973 2455 1167 2507 Marathonium
1191 2452 1224 2504 li-

136 2527 180 2578 cir.
198 2529 299 2592 Odyss.
324 2527 353 2591 λ,
381 2529 438 2580 634.
460 2543 569 2580 versum
586 2542 602 2578 a
619 2529 663 2579 Pi·
700 2543 766 2593 gens
787 2529 854 2580 thid.
873 2530 903 2579 Τ
921 2531 1028 2580 unm.
1048 2531 1224 2580 Minotaurum
1249 2557 1253 2566 .

136 2602 252 2665 sistram,
266 2605 399 2665 utaiunt‚
412 2603 586 2655 inculcatum:
606 2602 663 2668 Θη-
701 2605 826 2656 occidens
838 2605 903 2656 ibid
915 2607 943 2655 T.
954 2605 1051 2655 xhvn
1062 2605 1135 2655 LVli.
1148 2603 1222 2653 [ΚΠ.

136 2677 201 2738 ota,
225 2674 387 2750 Πειρίθοόν
404 2693 450 2738 τε,
475 2675 582 2729 θεῶν’
567 2694 662 2744 ερικυ-
700 2683 780 2745 atque
810 2681 940 2745 imprimis
969 2680 1088 2732 Gerhard
1119 2681 1222 2742 Vntenp.

136 2747 185 2802 θέα
202 2753 301 2844 τέκνρι
342 2753 1222 2819 sophoel.0edip.cd.111.p³tettnz:rhnenctehpnm.

138 2826 215 2878 ⁴593:
246 2821 283 2880 οὗ
311 2823 348 2879 τὰ
375 2828 495 2894 Θησέως
523 2827 661 2899 Πειρίθου
700 2829 818 2880 hveiiino
835 2832 900 2882 unu
919 2832 962 2882 1v
981 2845 1007 2895 p.
1026 2831 1067 2881 tn.
1090 2827 1221 2879 Aminoei.

137 2913 166 2949 ss
189 2907 283 2956 κεῖται
310 2904 385 2955 πίστ’
409 2897 455 2956 dn
479 2900 660 2970 ξυνθήματα.
699 2905 752 2968 ltp.
773 2905 791 2954 1.
811 2919 837 2969 p
858 2905 914 2956 tut
