2992 4978
296 441 358 507 364
643 509 645 515 ,
677 444 805 495 uomru
824 445 992 496 cxauruuu

424 601 545 667 Vestris
567 599 707 666 amicum
728 599 868 667 lontibus
891 609 923 666 et
945 599 1054 667 choris

424 723 493 788 Non
515 743 567 788 me
590 720 745 809 Philippis
766 743 862 788 versa
884 722 974 788 acies
997 732 1099 796 retro,

463 845 589 910 Devota
610 864 676 910 non
698 843 848 910 exstinxit
870 842 984 918 arbos,

506 967 573 1031 Nec
595 962 703 1032 Sicula
725 963 895 1031 Palinurus
917 965 1014 1031 unda.

423 1125 591 1212 Utcunque
614 1145 742 1192 mecum
764 1143 823 1190 vos
846 1124 949 1202 eritis,
974 1123 1078 1192 iibens

423 1246 637 1313 insanientem
659 1247 766 1312 navita
788 1249 969 1334 Bosporum

463 1367 605 1435 Tentabo
627 1378 660 1435 et
681 1379 813 1436 urentes
835 1389 970 1438 arenas.

509 1490 625 1556 Litoris
647 1490 771 1580 Assyrii
794 1490 916 1570 viator;

360 1679 401 1728 27.
420 1677 498 1728 orbor
513 1676 618 1736 BbSod,
646 1679 713 1728 Pott.
732 1690 841 1739 omues,
868 1679 887 1728 L
911 1680 939 1728 et
955 1676 1039 1728 Bentl.
1059 1691 1121 1729 cum
1139 1679 1195 1729 suis
1213 1678 1341 1730 omnibus.

329 1754 368 1814 (ot
384 1766 447 1812 uos,
461 1752 499 1816 T.)
521 1777 548 1787 -
568 1751 609 1803 34.
628 1757 727 1802 orentes
743 1751 843 1812 comet
859 1750 981 1802 ethutl.
1002 1753 1041 1814 (ut
1052 1766 1102 1804 uos
1113 1753 1201 1812 libST,
1220 1769 1256 1819 γκ
1273 1765 1343 1803 acum

327 1825 383 1878 aliis
400 1827 531 1878 interioris
550 1829 628 1877 uotae
642 1841 665 1885 ,ι
685 1827 748 1877 item
766 1827 827 1876 octo
843 1825 921 1887 Pott.i
943 1853 970 1864 -
989 1826 1099 1877 horama
1115 1827 1164 1877 BT.

294 2005 354 2067 pter
375 2017 458 2068 aquas
476 2001 575 2055 calidae
593 2005 739 2066 signatam
759 2003 819 2067 puri
856 2005 955 2054 maiora
980 2002 1037 2065 illa,
1065 2003 1163 2068 quibua
1185 2006 1303 2056 mentem
1323 2005 1375 2054 ani-

294 2079 364 2128 adris
382 2079 542 2142 temperiem
559 2091 610 2143 per
624 2081 757 2129 aestatem
768 2079 820 2130 tre·
856 2089 984 2141 mumque
1009 2079 1076 2142 grati
1101 2080 1197 2143 poetae
1221 2079 1373 2134 effeceram

295 2156 462 2219 quentatum.
484 2153 522 2206 Ci.
536 2153 584 2204 Od.
598 2155 627 2216 2,
641 2155 683 2215 48,
696 2155 738 2205 20.
750 2155 817 2219 Epp.
855 2151 989 2216 simulque
1000 2151 1042 2202 illa
1051 2153 1119 2203 ratio
1128 2151 1212 2204 multo
1224 2153 1372 2205 modestior.

295 2230 305 2279 4
319 2268 324 2290 ,
344 2231 373 2290 4,
391 2230 423 2280 83
433 2244 438 2278 :
450 2230 548 2280 Nullus
563 2231 590 2278 in
601 2229 660 2280 orie
670 2230 739 2279 riores
749 2229 821 2280 Baiis
887 2227 928 2276 29.
942 2227 983 2277 30.
1004 2227 1131 2290 Utrimque
1142 2227 1205 2291 cet]
1219 2225 1374 2279 «dummodo

290 2304 422 2366 prodocet
438 2306 558 2354 ornoenis.
854 2314 903 2353 vos
921 2315 965 2352 me
988 2302 1184 2352 comitemini.»
1205 2329 1233 2338 -
1251 2302 1375 2352 {monus

326 2379 366 2428 25.
389 2379 503 2427 Vestris-
513 2378 629 2443 scandas]
644 2391 760 2442 quorum
772 2393 819 2429 ce·
854 2377 916 2441 tem]
929 2376 999 2440 Virg.
1014 2375 1069 2426 Eoi.
1082 2376 1111 2436 9,
1130 2374 1176 2427 ld:
1195 2377 1279 2426 interd
1288 2377 1375 2440 [criasi

293 2450 464 2502 lebratissimi
482 2455 558 2503 erant
570 2454 751 2517 Hippocrene,
771 2453 820 2504 Ca·
854 2453 906 2502 sine
922 2451 999 2502 litora
1011 2453 1110 2516 doctae.
1126 2475 1153 2486 -
1167 2451 1314 2514 Bosporion]
1330 2451 1373 2501 Od.

294 2524 654 2591 atalia,Aganippe,Pirene;
667 2527 819 2579 sedomues
855 2529 883 2589 4,
903 2527 949 2587 43,
969 2525 1009 2576 44.

293 2599 394 2661 tontes,
420 2601 492 2664 apud
509 2615 577 2665 quos
595 2603 714 2652 carmina
731 2602 820 2652 medi·
888 2601 928 2651 34.
965 2601 1074 2666 orentes]
1109 2601 1237 2651 Dixeruut
1272 2601 1375 2665 quidem

294 2675 383 2724 tantur
406 2678 516 2739 potitae,
543 2677 569 2726 in
596 2678 731 2728 Musarum
757 2679 820 2729 sunt
855 2675 1189 2737 orontesorenasSiliuslti,
1204 2674 1283 2739 ild),
1302 2675 1376 2726 Clau·

294 2747 385 2799 tutela.
855 2749 963 2811 dianus,
982 2751 1115 2814 corippus
1129 2751 1162 2812 (v.
1174 2747 1281 2813 flenti),
1295 2761 1375 2812 oeque

327 2823 368 2873 26.
386 2823 512 2888 Philippis]
525 2825 573 2875 od.
587 2827 615 2884 2,
635 2826 663 2886 i,
682 2826 706 2874 9.
726 2828 816 2890 lunga:
855 2824 1046 2875 offendendum
1064 2827 1137 2874 esset
1154 2825 1180 2873 iu
1198 2836 1279 2883 sono,
1303 2837 1376 2888 prae-

293 2899 437 2950 acierrctro
447 2901 659 2962 vcsamdtppis,
673 2915 740 2952 uon:
754 2903 820 2952 acics
855 2899 948 2950 sertim
966 2899 1112 2963 quantitate
1130 2897 1236 2947 diversa
1250 2898 1306 2960 (ον,
1319 2899 1374 2948 liet.

292 2975 410 3036 Padippts
420 2987 482 3038 pro:
502 2975 590 3038 «apud
602 2975 735 3040 Philippos
746 2989 820 3026 com-
856 2974 900 3034 45,
918 2973 982 3024 268:
1004 2973 1075 3022 siccis
1090 2972 1180 3021 imam
1195 2971 1373 3034 pretermisi.

293 3051 408 3108 missa-3
426 3050 499 3113 quod
516 3051 562 3113 qui
580 3049 704 3114 praetulit
721 3051 818 3102 trustra
855 3046 904 3098 sed
922 3051 1012 3098 tamen
1030 3047 1099 3097 toret
1109 3045 1243 3097 ἐπίθετον
1255 3047 1374 3102 otiosum,

293 3122 372 3174 simul
390 3124 517 3174 coniecit:
540 3125 659 3188 Pittppt,
676 3137 751 3175 uerso
765 3126 819 3174 acie
854 3135 949 3173 omnes
974 3135 1072 3172 arenae
1099 3135 1160 3172 cum
1190 3124 1298 3182 areant,
1328 3133 1375 3172 nou

292 3203 369 3248 retro.
854 3210 951 3248 omues
978 3199 1058 3248 urant
1084 3198 1115 3246 ut
1142 3198 1283 3259 assyrium
1309 3195 1374 3246 litas.

324 3275 366 3324 at.
378 3273 420 3324 28.
438 3275 543 3338 Devota]
558 3273 614 3325 «dis
626 3275 717 3326 inieris
729 3287 816 3334 sacra,
854 3271 907 3321 Sed
925 3268 999 3322 litem
1017 3271 1116 3322 dirimit
1132 3271 1278 3321 auctoritas
1295 3267 1374 3321 Codd.

292 3348 384 3411 utpote
410 3360 479 3410 quae
505 3349 570 3398 mihi
598 3361 682 3412 prope
708 3349 817 3399 exitium
853 3345 932 3397 absa
955 3346 982 3395 et
1004 3347 1066 3396 octo
1084 3345 1210 3395 Pottierii.
1245 3347 1375 3396 incertum

291 3420 434 3472 attulerit.»
454 3449 482 3457 -
500 3421 817 3486 Polinwm1promonto·
853 3421 908 3481 est,
939 3421 1031 3469 utrum
1056 3417 1183 3482 intelligat
1206 3421 1299 3483 syriae
1324 3415 1375 3469 Pal·

292 3497 361 3546 rium
379 3495 413 3546 ad
431 3499 583 3548 extremum
605 3498 693 3548 sinum
710 3497 817 3548 Velien-
854 3507 982 3558 myrenes
1016 3493 1189 3553 solitudines,
1226 3506 1296 3556 quae
1332 3505 1375 3540 au-

292 3582 350 3620 sam
377 3569 403 3619 iu
429 3571 559 3621 Lucaniae
584 3583 645 3633 ora,
676 3573 817 3636 naufragiis
854 3573 929 3621 ctare
950 3567 1032 3621 Plinio
1056 3571 1087 3620 H.
1112 3571 1142 3620 N.
1169 3571 1199 3628 s,
1223 3567 1264 3619 tl.
1295 3577 1375 3630 usque

291 3643 580 3706 iuiame,aPaliuuro,
599 3646 705 3696 Aeneae
720 3646 818 3709 glaber
853 3643 888 3695 ad
913 3647 1036 3704 Petram,
1066 3643 1165 3694 urbam
1191 3645 1218 3694 et
1242 3643 1375 3706 regionem

292 3721 385 3769 nature
409 3716 445 3768 ibi
467 3719 493 3768 in
519 3731 595 3768 mare
620 3720 761 3780 demerso,
788 3724 817 3770 ut
852 3719 966 3770 Arabiae
996 3717 1090 3778 felicis,
1127 3717 1311 3784 pertinebant,
1344 3727 1374 3764 au

291 3793 387 3853 tertur,
406 3792 445 3842 sic
462 3793 636 3843 nominatum.
658 3794 736 3856 (virg.
750 3796 815 3845 Aen.
853 3796 942 3860 ipsum
950 3794 1043 3856 syriae
1056 3792 1125 3844 litus.
1139 3795 1249 3855 Assyria
1258 3791 1376 3855 frequen

291 3868 320 3926 6,
339 3866 387 3916 373
405 3865 492 3930 seqq.)
511 3867 648 3930 Nusquam
665 3866 726 3918 alibi
738 3868 817 3918 huius
854 3871 895 3918 ter
908 3869 1072 3932 prosyriae
1085 3863 1376 3931 poetisusurpatur,et

290 3939 401 4003 periculi
426 3943 547 3992 meminit
566 3945 654 4006 poeta.
691 3943 817 3994 Ceterum
853 3943 957 4005 Syriaco
970 3947 1104 4004 pensatam
1121 3942 1186 3991 dixit
1201 3941 1283 3990 etiarn
1299 3937 1375 3990 ilani-

290 4014 437 4086 ἐναργείας
447 4017 571 4080 poeticae
583 4017 665 4080 gratia
684 4017 817 4068 eiusmodi
853 4016 903 4067 lius
920 4015 948 4077 i,
972 4016 1030 4066 6244.
1064 4017 1112 4079 (De
1137 4014 1247 4078 Assyria
1272 4011 1373 4078 proprii

290 4089 428 4142 dumtaxat
450 4089 582 4142 beneficia
600 4104 615 4140 a
632 4091 713 4142 Musis
737 4091 763 4141 in
786 4105 816 4142 se
853 4092 880 4142 h.
904 4089 922 4140 l.
942 4105 976 4141 ne
1001 4091 1165 4155 cogitemus,
1191 4088 1329 4140 dissuadet
1351 4097 1373 4132 v·

290 4164 383 4216 collata
402 4167 575 4223 memoravit,
594 4179 664 4228 quae
677 4169 816 4217 externam
853 4165 934 4230 litto.)

290 4239 405 4304 aliquam
424 4240 556 4292 habereut
573 4241 707 4306 speciem,
732 4239 816 4292 oculis
888 4240 928 4291 33.
942 4239 1087 4304 Britannos]
1100 4239 1180 4290 Tacit.
1194 4241 1262 4289 dun.
1277 4235 1317 4296 tt,
1332 4233 1371 4282 ³⁰³

289 4316 367 4378 quasi
384 4317 563 4382 propositam,
590 4317 715 4368 omittens
738 4315 816 4379 longe
854 4315 971 4367 Britanni
987 4327 1078 4364 crpore
1094 4313 1194 4378 coptioo
1211 4312 1374 4364 walamare
