3012 4978
291 463 354 526 574
662 463 803 514 -iioiini‘ii
823 463 990 515 ciiiiliidll

335 621 414 688 Cum
437 619 537 687 semel
560 617 720 685 occideris
742 629 774 684 et
797 617 838 684 de
861 627 892 683 te
915 616 1085 706 splendida
1108 619 1210 685 ilinos

461 741 587 808 Fecerit
609 738 755 811 arbitria.

335 867 417 940 Non,
441 864 615 950 Torquate,
639 881 757 948 geum,
782 881 845 926 non
869 869 899 927 te
922 859 1086 938 facundia,
1111 882 1174 926 non
1197 871 1228 927 te

461 983 619 1050 Restituet
639 983 759 1069 pietas;

293 1271 490 1346 χαριζόμενος.
513 1271 637 1336 Aeschyl.
657 1275 730 1323 Pers.
749 1271 815 1323 8t0:
854 1271 902 1323 oia
915 1285 956 1336 sq.
969 1269 1004 1322 ab
1021 1270 1180 1336 Aesculapio
1198 1273 1226 1322 in
1242 1275 1321 1324 uttam
1337 1289 1374 1324 re

289 1345 381 1414 Ὑμεῖς
397 1347 446 1410 oi,
473 1346 623 1419 septuplam,
646 1345 767 1416 χαίρετ’,
786 1345 817 1396 ἐν
854 1349 978 1396 vocatum
996 1347 1079 1396 Diana
1095 1345 1209 1397 collocat
1226 1350 1252 1398 in
1270 1363 1373 1400 nemore

292 1429 394 1486 κακοῖς
429 1415 511 1488 ὅμως
553 1417 656 1486 Ψυχὴν
692 1417 818 1484 διδόντες
854 1421 974 1471 Aricino:
1004 1421 1095 1484 qoipro
1121 1422 1191 1485 misti
1218 1423 1372 1486 Hippolytus,

292 1493 460 1570 ἡδονῇκαι9’
480 1491 600 1567 ἡμέραν·
616 1491 667 1560 Ὡς
684 1499 746 1559 τοῖς
761 1496 817 1546 θα·
854 1495 932 1556 dicte,
950 1509 1017 1545 nunc
1032 1495 1099 1546 idom
1119 1495 1217 1546 Virbius
1227 1501 1374 1548 asim--de

291 1570 378 1624 νοῦσι
402 1569 526 1634 πλοῦτος
548 1565 633 1624 οὐδὲν
650 1565 765 1633 ὠφελεῖ.
787 1599 814 1608 -
853 1571 939 1632 daque
952 1570 1091 1620 minodoro
1106 1584 1184 1621 ome:
1207 1571 1375 1636 similiterque

293 1649 419 1699 Ceterum
449 1645 518 1697 male
544 1645 586 1696 alii
612 1647 817 1697 emico-animo
854 1644 1076 1708 virgiliani,
1101 1646 1175 1705 ιιι,
1203 1647 1279 1697 cuius
1299 1647 1376 1698 Virhii

291 1737 342 1788 pro
360 1721 440 1772 ahiat.
459 1721 619 1772 hahuerunt.
853 1721 910 1770 sive
928 1719 1064 1770 masculae
1081 1721 1215 1770 itinerum
1233 1724 1319 1772 statua
1330 1725 1376 1772 Ga-

324 1799 353 1848 si
365 1795 429 1847 -ιι,
446 1796 746 1858 splendida--orhitru'oi
764 1797 818 1844 aiu·
853 1794 903 1845 hiis
920 1797 1027 1858 reperta
1045 1807 1115 1844 nunc
1132 1797 1287 1846 asservatur
1303 1798 1376 1847 Lute-

291 1872 391 1922 dicium
403 1868 531 1921 sollemne
548 1874 629 1934 atque
647 1873 815 1933 augustum»,
853 1870 914 1920 tiae.
943 1868 1050 1933 (hliiller
1074 1869 1179 1926 Decios.
1204 1872 1225 1920 l.
1251 1871 1325 1921 Fasc.
1347 1873 1374 1922 ll.

291 1960 341 2011 pro
358 1944 510 2004 tribunalis,
538 1946 580 1994 cui
597 1946 705 2008 praeest
722 1945 815 2006 uiuos,
853 1944 962 2006 nisi.)
976 1945 1145 1994 Graecivero
1158 1943 1376 2009 Hippoiyuegre

291 2033 386 2071 severa
411 2019 546 2081 dignitate.
581 2018 732 2069 Recordare
753 2017 816 2068 illud
853 2019 924 2081 giam
935 2018 1066 2082 picturam
1077 2018 1268 2082 Pompeianam
1279 2020 1341 2070 vide
1353 2021 1378 2070 iu

291 2095 325 2144 de
349 2091 470 2144 Cornelia
493 2093 621 2143 iudicium
644 2093 670 2142 in
691 2093 759 2142 Orco
777 2092 817 2142 la·
853 2091 1179 2142 Marcomannis.
1200 2118 1228 2129 -
1248 2095 1378 2144 Necvero

291 2172 365 2220 ctum
382 2166 454 2233 apud
471 2168 639 2231 Propertium
657 2167 685 2228 l,
708 2169 751 2228 ιι,
774 2167 814 2218 ta.
853 2170 984 2230 repugnat
1011 2165 1117 2216 lloratio
1145 2167 1277 2219 Pindarus
1304 2171 1377 2231 Pyth.

291 2242 399 2305 Odyas.-
415 2240 445 2302 λ,
472 2242 537 2292 568:
564 2242 666 2291 Μίνωα
691 2239 753 2291 ἴδον
769 2271 784 2282 -
802 2271 817 2280 -
853 2240 883 2300 3,
902 2242 943 2290 55.
957 2241 996 2301 ia,
1016 2253 1080 2291 cum
1091 2241 1223 2291 incertum
1235 2243 1279 2300 sit,
1298 2257 1378 2306 quera

290 2313 427 2387 Χρύσιον
438 2313 589 2388 σκῆπτρον
600 2309 715 2376 ἔχοντα,
733 2317 817 2381 daps-
853 2315 887 2365 oh
912 2314 1071 2380 Aesculapio
1093 2317 1163 2366 vitae
1185 2315 1324 2368 redditum
1346 2317 1378 2368 ihi

291 2389 432 2442 οτεύοντα
456 2393 601 2441 νέκυσσιν.
638 2393 744 2443 Lucian.
767 2395 817 2442 Ne-
853 2393 993 2441 memoret.
1021 2417 1049 2426 -
1073 2390 1201 2455 ριιιιιοιιηι]
1226 2392 1379 2443 «Phaedrae

291 2479 380 2530 cyom.
392 2467 431 2515 ιι.
445 2465 492 2515 Alii
502 2467 723 2529 interpretantur:
739 2479 816 2516 acum
853 2478 984 2516 novercae
997 2466 1081 2515 amori
1095 2467 1168 2516 caste
1180 2466 1379 2517 resistentem.-

291 2538 817 2605 llinossententiamdetetuleritsplen-
885 2541 926 2590 27.
944 2540 985 2590 28.
1008 2540 1127 2604 liridioo]
1145 2540 1292 2602 Pirithous,
1313 2543 1379 2592 loris

291 2614 395 2674 didam,
420 2614 448 2663 id
474 2616 526 2674 est,
557 2613 604 2664 tihi
622 2614 813 2676 honorificam,
853 2613 930 2674 fliius,
950 2617 1079 2677 eugenie
1097 2616 1284 2679 Lapitharum,
1304 2619 1380 2666 ortis-

291 2701 361 2754 quae
384 2691 494 2738 exactae
515 2686 683 2739 laudabiliter
699 2703 714 2740 a
732 2691 758 2740 tc
776 2691 816 2739 vi·
853 2689 921 2741 simo
944 2689 1076 2738 amicitiae
1099 2688 1204 2739 noculo
1222 2703 1286 2742 cum
1310 2691 1378 2741 The·

291 2769 335 2816 tae
363 2764 545 2814 testimonium
575 2764 621 2814 tihi
648 2765 815 2830 praebeat»;
853 2775 901 2812 seo
932 2763 1050 2824 iunctus,
1087 2762 1261 2826 ilippodamia
1299 2779 1379 2814 uxore

291 2839 339 2892 sed
360 2841 446 2902 imago
466 2839 610 2890 maiestatis
628 2840 711 2903 ipsius
730 2839 817 2889 trihu·
852 2839 1022 2902 praematura
1044 2839 1131 2887 morte
1165 2838 1296 2888 exstincta
1322 2837 1380 2888 nul·

291 2913 358 2966 nalis
375 2913 446 2978 apud
464 2912 565 2964 interos
582 2915 715 2964 constituti
732 2914 816 2976 magis
853 2910 903 2962 lius
928 2912 954 2961 in
980 2913 1120 2976 posterum
1143 2911 1193 2961 nisi
1218 2913 1289 2961 loris
1313 2912 1379 2964 tiliae

290 2991 397 3054 poetica
415 2987 529 3038 videtur.
550 3015 578 3024 —
597 2987 726 3038 iudicium
744 2987 815 3052 apud
852 2989 946 3050 petere
964 2986 1116 3049 coniugium
1128 2986 1178 3035 sibi
1189 2989 1377 3050 proposuerat.

291 3064 389 3114 interos
412 3064 512 3113 iactum
540 3065 671 3114 monstrat
695 3063 816 3114 Gerhard
852 3062 945 3123 ltaque
965 3061 1091 3110 locterio
1111 3065 1189 3122 porta
1211 3061 1249 3122 (ut
1272 3060 1379 3112 Ouidius

293 3139 396 3202 Vasonp.
412 3139 455 3188 ill.
474 3138 502 3187 T.
518 3138 671 3188 CCXXXlX.
693 3165 720 3174 -
741 3139 817 3188 Fece-
852 3136 888 3185 ait
904 3137 979 3185 Pont.
997 3137 1027 3192 2,
1046 3135 1076 3195 3,
1095 3133 1146 3196 id.)
1167 3135 1308 3184 Pirithoum
1326 3135 1380 3184 ihs·

291 3212 337 3277 rit]
366 3213 540 3276 Frequentius
558 3215 599 3263 est
615 3212 725 3262 arbitrio
739 3225 817 3276 apere
851 3223 907 3260 saaca
923 3211 1025 3273 Stppios
1041 3209 1170 3259 comitavit
1185 3210 1220 3258 ad
1237 3211 1334 3267 undas,
1353 3213 1379 3260 ut

290 3288 345 3338 Liv.
364 3286 405 3346 ιι,
424 3287 465 3337 lo.
484 3288 544 3336 Tac.
560 3288 624 3337 illst.
642 3287 673 3348 t,
691 3289 731 3337 it.
752 3288 816 3336 Cur·
852 3285 1039 3348 Proserpinam
1067 3283 1182 3334 Pirithoo
1211 3283 1378 3341 concdiaret.

291 3362 384 3422 tiusss,
398 3361 421 3410 i.
441 3387 468 3398 -
484 3363 569 3424 penus]
589 3363 657 3412 Cum
670 3363 698 3412 C.
716 3363 816 3412 Nonius
853 3358 1082 3424 quemadmodum
1105 3359 1184 3408 antea
1208 3373 1261 3410 uua
1282 3373 1379 3425 rapue-

290 3437 424 3498 Asprenas
446 3435 538 3486 Troiae
561 3435 663 3486 ludicro
680 3434 815 3486 adhibitus
852 3436 912 3484 rant
936 3433 1077 3497 Antiopam
1094 3436 1244 3492 Amazona,
1271 3437 1301 3484 ut
1316 3435 1380 3485 The-

291 3508 559 3573 lueritahdugusto,
579 3511 631 3559 iam
648 3509 700 3559 hoc
718 3509 815 3560 indicio
852 3509 892 3558 sci
917 3507 994 3558 lieret
1011 3520 1086 3558 uxor.
1121 3509 1234 3558 Pausan.
1256 3509 1285 3566 ι,
1305 3510 1337 3568 2,
1356 3510 1378 3558 ι.

291 3587 333 3634 est
348 3583 436 3634 clerae
451 3585 536 3647 stirpis
552 3595 616 3634 eum
634 3583 724 3634 larissa.
761 3585 814 3635 Cir.
853 3583 937 3643 Quam
955 3582 1066 3646 quidem
1084 3581 1225 3632 audaciam
1237 3580 1314 3632 Pluto
1327 3587 1379 3634 tam

291 3659 364 3708 Suet.
377 3659 433 3708 Oct.
447 3657 487 3708 l3.
507 3657 607 3719 Quodsi
623 3659 736 3709 Manliae
753 3673 817 3723 gen·
853 3657 968 3720 graviter
985 3656 1056 3716 tulit,
1079 3659 1108 3706 ut
1125 3655 1221 3708 ambos
1240 3657 1325 3708 Furiis
1341 3655 1379 3708 la·

292 3733 324 3783 tis
342 3731 404 3793 tuit,
425 3733 536 3797 patricia
553 3735 621 3784 haec
638 3737 666 3785 et
683 3734 815 3786 nobilissi-
853 3731 985 3784 cerandos
1003 3731 1121 3780 traderet
1140 3732 1221 3792 atque
1239 3743 1306 3781 saxo
1323 3729 1380 3780 alli-

291 3819 335 3857 ma
353 3807 419 3856 erat.
440 3833 467 3842 -
484 3808 618 3870 semodio]
637 3821 718 3872 quam
736 3823 817 3874 prae·
852 3807 954 3870 gendos
972 3807 1088 3856 curaret.
1119 3805 1187 3856 Cum
1204 3803 1304 3854 deinde
1318 3805 1381 3854 ller-

291 3879 363 3940 dicat
378 3880 459 3930 etiam
476 3881 540 3944 Epp.
561 3883 590 3942 ι,
609 3885 633 3932 ι.
853 3881 926 3932 cules
948 3880 983 3930 ad
1004 3879 1104 3935 interos
1125 3877 1327 3939 descendisset,
1352 3881 1380 3929 ut

323 3955 364 4005 25.
384 3955 424 4004 26.
443 3955 538 4020 litatio]
555 3969 623 4020 quaa
635 3957 705 4020 apud
724 3957 813 4023 Eurip.
854 3955 1003 4006 Cerberum
1020 3954 1157 4014 educeret,
1176 3953 1380 4018 Theseumqui-

292 4027 395 4094 ilippol.
414 4028 487 4080 itur.
515 4031 549 4080 ita
576 4029 718 4094 ilippolyto
742 4031 816 4083 vale-
853 4031 929 4092 dem,
954 4031 1052 4095 quippe
1070 4030 1115 4092 qui
1134 4041 1188 4080 uon
1205 4041 1254 4080 sua
1272 4031 1378 4093 sponte,

291 4105 366 4155 dicit:
396 4105 453 4156 Kal
483 4103 573 4192 χαῖρ’·
605 4105 672 4169 ἐμοι
697 4101 753 4177 γὰρ
778 4101 813 4158 οὐ
852 4105 900 4156 sed
918 4105 1050 4155 amicitiae
1066 4103 1212 4155 obsecutus
1224 4103 1378 4154 descendis·

290 4179 374 4244 θέμις
392 4177 516 4244 godescale
532 4177 613 4251 ορᾷν,
636 4181 730 4244 hygin.
750 4181 812 4232 Fah.
852 4183 906 4241 set,
929 4177 1056 4229 auxilium
1073 4177 1261 4243 implorantem
1278 4176 1376 4228 lihers-

290 4254 331 4305 ti.
350 4257 478 4306 Graecam
496 4255 574 4320 igitur
590 4259 700 4306 secutus
717 4259 758 4306 ast
779 4255 816 4307 la·
852 4256 901 4314 vit,
921 4253 971 4304 sad
987 4254 1136 4304 amatorem
1149 4253 1274 4304 insanum
1285 4257 1376 4303 m

290 4328 394 4392 bulanu
422 4343 484 4381 narn
502 4329 575 4394 apud
592 4330 666 4381 ovid.
686 4332 746 4382 liet.
767 4332 812 4392 id,
851 4335 892 4380 tae
909 4329 1019 4380 cohibeat
1035 4333 1139 4380 caimos
1156 4325 1213 4389 (Od.
1226 4327 1250 4384 3,
1270 4325 1293 4386 i.
1313 4327 1373 4386 tsi,
