3012 4978
637 477 640 482 .
713 497 723 514 ·
759 425 887 476 llOllAl'll

450 582 545 656 Diva,
574 581 737 668 producas
759 579 907 647 subolem
929 589 1122 668 patrumque

449 705 627 789 Prosperes
650 700 782 769 decreta
804 721 904 789 super
926 700 1074 789 iugandis

450 823 589 890 Feminis
612 821 779 911 prolisque
802 844 905 890 novae
927 823 1025 891 leraci

534 947 620 1034 Lege
642 947 768 1023 marita,

451 1097 565 1164 Certus
586 1094 736 1162 undenos
757 1094 868 1162 decies
889 1113 950 1182 per
970 1113 1073 1158 annos

448 1217 546 1285 Orbis
565 1227 601 1283 ut
623 1227 735 1284 cantus
757 1215 939 1304 referatque
959 1213 1055 1282 ludos

448 1342 510 1406 Ter
531 1337 584 1405 die
606 1336 693 1406 claro
716 1337 876 1425 totiesque
898 1345 989 1426 grata
1051 1341 1058 1354 “

344 1530 445 1654 tibia.
464 1533 492 1580 ut
507 1529 631 1580 dercon
643 1527 715 1578 Orbis
730 1532 754 1577 ct
770 1526 855 1578 codd.
874 1525 935 1590 aliq.
955 1523 1084 1577 Lambini.
1106 1553 1133 1563 -
1160 1525 1202 1577 2³.
1221 1528 1332 1578 totidem-

311 1618 360 1665 que
399 1642 405 1653 .

280 1779 341 1825 νας.
363 1764 475 1813 Pausan
495 1761 526 1822 9,
544 1761 590 1822 27,
614 1761 644 1812 2:
668 1754 758 1826 Ὠλὴν
774 1757 805 1812 ἐν
844 1759 925 1810 tentia
949 1758 1076 1823 strophae
1099 1761 1220 1822 quartae.
1247 1785 1275 1796 -
1293 1773 1369 1824 rupe·

280 1835 444 1898 Εἰλειθυίας
471 1827 552 1902 ὕμνῳ
579 1836 691 1905 μητέρα
712 1829 805 1906 Ἒρω-
842 1831 972 1898 topeodis]
1000 1833 1053 1883 Lex
1072 1829 1136 1882 lulie
1156 1830 1191 1883 de
1212 1833 1367 1884 maritandis

280 1926 330 1975 τος
350 1906 403 1976 τὴν
425 1907 590 1962 Εἰλείθυιάν
611 1925 704 1976 φησιν
721 1905 802 1960 elam.
842 1906 989 1969 ordinibus,
1002 1918 1084 1970 quam
1095 1907 1236 1958 manifesto
1245 1908 1367 1960 Horatius

280 1986 333 2038 ctr.
352 1983 427 2036 Piud.
446 1986 522 2035 Nem.
541 1985 572 2047 l,
596 1985 619 2034 l.
646 1987 758 2035 Pausan.
778 1985 803 2047 Ἰ,
842 1981 963 2045 respicit,
976 1978 1011 2030 ab
1024 1981 1149 2044 Augusto,
1163 1983 1368 2033 diminueretur

279 2061 324 2121 23,
351 2061 376 2110 e.
403 2060 547 2124 imaginem
575 2057 695 2122 ilithyiaa
721 2057 805 2109 altera
842 2054 976 2106 caelibum
988 2068 1159 2106 numerosae
1177 2069 1269 2108 morea
1285 2057 1367 2108 corn'·

280 2148 362 2186 manu
378 2134 465 2184 lacem
483 2135 646 2198 gestantem,
666 2134 761 2196 «quod
778 2135 805 2184 in
842 2133 983 2194 gerentur,
997 2130 1118 2194 proximo
1130 2131 1192 2181 ante
1203 2129 1282 2182 ludos
1294 2145 1368 2182 secu·

279 2207 368 2259 lucam
380 2208 450 2258 letus
466 2208 592 2273 prolerln,
611 2207 747 2258 describit.
765 2206 806 2258 lli-
843 2204 913 2256 lares
925 2203 1075 2255 celebratos
1087 2217 1157 2255 anuo
1174 2203 1227 2255 lata
1243 2209 1293 2256 est.
1321 2207 1366 2257 Dio

281 2285 371 2346 thyiae
390 2283 458 2333 duae
478 2284 515 2345 (ut
532 2281 603 2332 iliad.
617 2280 646 2344 λ,
669 2284 726 2332 aio.
748 2297 805 2348 μο-
842 2280 917 2330 Cass.
930 2278 975 2340 el,
990 2279 1034 2330 to:
1058 2272 1088 2328 Ὁ
1099 2277 1122 2328 δ’
1135 2268 1188 2329 cdv
1200 2271 1367 2346 Αὔγουστος

282 2353 422 2424 γοστόκοι
438 2355 607 2423 Εἰλείθυιαι)
629 2358 656 2407 in
671 2359 804 2408 Minervae
841 2381 858 2392 ·
869 2381 883 2392 -
895 2357 957 2416 τοῖς
966 2367 998 2404 τε
1008 2347 1135 2420 ἀγάμοις
1145 2353 1194 2403 καὶ
1204 2359 1270 2418 ταις
1281 2348 1368 2404 ἀνάν-

281 2434 340 2483 orlu
357 2433 487 2497 porrectis
505 2431 628 2483 manibus
645 2433 700 2482 lovi
717 2434 805 2497 opitu·
841 2426 920 2499 ὅροις
938 2424 1084 2500 βαρύτεροι
1102 2425 1138 2478 τὰ
1156 2425 1285 2494 ἐπιτίμια
1304 2429 1368 2481 ἐκέ-

281 2504 368 2556 lautur
384 2505 456 2568 apud
473 2505 592 2555 Gerburd
612 2507 716 2570 Vosenp.
741 2509 760 2557 1.
774 2508 803 2558 Τ.
842 2499 908 2567 tage
919 2504 1059 2569 (a.u.736.l
1073 2503 1124 2554 καὶ
1135 2497 1258 2570 ἔμπαλιν
1270 2501 1324 2556 τοῦ
1340 2519 1369 2555 ae

281 2579 360 2629 11.-
384 2577 562 2630 Memorabilis
588 2582 630 2630 est
654 2579 804 2643 inscriptio:
843 2575 939 2645 γάμου
959 2575 1079 2644 καὶτῆς
1095 2569 1370 2643 παιδοποιΐαςᾶθλα

279 2653 397 2702 HERAE.
415 2653 561 2704 LVCINAE.
581 2655 716 2704 SACRVM.
735 2655 804 2704 Plio.
842 2649 955 2719 ἔθηκεν.
990 2656 1066 2705 Anno
1084 2655 1174 2705 autem
1194 2668 1221 2704 u.
1243 2655 1302 2706 762.
1324 2654 1366 2707 lex

281 2725 411 2776 SALVTE.
441 2727 637 2779 alacrem.
662 2729 804 2780 SORORIS.
843 2728 907 2780 Iulia
923 2727 1031 2793 paulum
1048 2729 1186 2779 immutata
1203 2742 1304 2780 nemen
1321 2733 1371 2781 Pa·

237 2841 242 2852 .
281 2801 401 2851 OCCIVS.
419 2801 493 2852 AVG.
511 2803 572 2853 ula.
596 2803 684 2853 racc.
705 2803 731 2853 in
753 2804 806 2853 Ca·
843 2805 904 2868 piae
913 2805 1052 2868 Poppaeae
1065 2801 1243 2854 aconsulibus
1252 2803 1370 2856 suffectis

281 2873 380 2926 labriae
414 2878 597 2940 promontorio
632 2878 658 2926 te
686 2879 804 2929 Cotoneo.
844 2875 911 2928 illius
935 2876 996 2925 anni
1022 2875 1136 2938 accepit.
1175 2877 1232 2940 (Dio
1252 2878 1298 2936 56,
1322 2879 1369 2940 io.)

280 2948 344 3014 Aac.
363 2951 439 3014 Zeitp.
459 2951 532 3002 late.
551 2953 582 3002 N.
601 2951 658 3002 23l.
815 2968 819 2974 ·
843 2953 940 3014 Paneg.
959 2951 1064 3000 Maxim.
1086 2953 1114 3001 et
1130 2952 1221 3002 const.
1239 2953 1269 3002 2:
1297 2953 1371 3018 Lepet

315 3025 403 3075 li-ao.
418 3026 546 3086 producas
561 3025 677 3090 mbotorn]
695 3025 806 3077 «serves
843 3026 904 3087 boc,
923 3037 988 3086 quoe
998 3025 1079 3074 mutia
1090 3025 1194 3075 coelibes
1204 3032 1369 3090 nmwmnt,

281 3101 362 3162 atque
377 3097 412 3148 ad
427 3098 546 3150 adultam
564 3103 679 3151 aetatem
697 3099 807 3151 leliciter
840 3105 959 3163 pereites
978 3100 1102 3162 pruentia
1116 3099 1288 3164 Ιιοοονοωοι,
1315 3115 1371 3152 aare

281 3173 422 3238 pervenire
439 3173 548 3236 iubeas,
573 3177 666 3239 utpote
683 3187 753 3240 quae
770 3176 806 3226 sis
844 3175 1368 3240 dimmturcsaatuedomenturaipudtiroe,

281 3244 508 3320 κουροτρόφος.»
527 3251 632 3301 Etenim
648 3249 692 3301 bic
708 3250 806 3301 Lucina
844 3251 905 3311 quia
926 3249 1089 3300 seminarium
1108 3251 1242 3300 incedatis
1258 3255 1282 3301 el
1299 3253 1370 3315 qumi

282 3324 379 3375 eadem
404 3327 445 3376 est
470 3337 532 3375 cum
558 3325 653 3387 Diana,
683 3328 713 3375 ul
734 3325 806 3388 apud
842 3325 936 3389 fontem
954 3325 1188 3387 connuncupare
1202 3339 1302 3388 reaper
1322 3327 1370 3377 lto·

282 3397 375 3451 Catull.
389 3399 420 3451 32
440 3399 489 3463 (alii
507 3399 569 3464 3L),
588 3401 632 3451 lii:
653 3401 688 3450 Tu
706 3401 804 3464 (Dianai
843 3401 927 3449 monia
949 3399 1099 3450 exercitibm
1123 3401 1310 3451 ministram.
1342 3429 1368 3438 -

281 3475 378 3524 Lucina
394 3475 532 3526 menium
546 3474 609 3526 luno
626 3476 693 3526 dicto
700 3489 807 3538 pucrpe·
844 3476 908 3539 Lace
923 3475 1027 3540 modio]
1047 3473 1167 3525 breviter
1188 3488 1221 3526 ac
1240 3489 1310 3526 nove
1330 3475 1370 3526 di-

280 3549 326 3598 ris.
346 3548 400 3599 Cir.
414 3550 462 3600 0d.
476 3551 501 3612 2,
516 3549 556 3611 43,
569 3549 598 3600 ³:
617 3551 741 3601 Producit
753 3551 806 3613 (te),
844 3553 927 3610 otum,
945 3549 1084 3613 Ebepesets.
1109 3547 1234 3600 Similiter
1250 3551 1331 3615 Prop.
1344 3549 1368 3609 l.

281 3622 368 3683 arbos,
393 3625 523 3686 «curavit,
552 3627 582 3675 ut
605 3637 744 3676 cresceres
767 3629 809 3675 ai-
846 3624 937 3686 inea
947 3624 1189 3689 tacemustaopro
1198 3624 1369 3690 nuptialibus.

281 3709 334 3760 que
347 3695 542 3748 adolesceres.r
557 3723 584 3734 -
599 3698 647 3751 lilii
660 3698 805 3765 explicant:
877 3696 962 3748 ar-at.
976 3697 1370 3764 Cotre··0rbiautcontrnoet.]

283 3769 390 3820 «proter
406 3770 529 3823 subolem
545 3773 572 3822 in
589 3772 678 3824 lucem
696 3776 807 3838 eiusque
846 3772 903 3832 «ut,
916 3773 985 3822 votis
997 3771 1192 3823 fortunentibus
1203 3771 1309 3837 prolem
1322 3775 1372 3824 ito-

283 3856 426 3894 numerum
437 3857 534 3908 negem
548 3846 712 3911 appellantes
724 3846 806 3899 Plaut.
845 3858 962 3906 manem,
974 3849 1036 3910 post
1044 3847 1136 3909 orbem
1149 3843 1267 3908 κύκλον,
1280 3849 1372 3918 nepio

283 3919 358 3983 Capi.
374 3919 402 3978 3,
415 3919 445 3978 5,
465 3919 524 3969 405ε
545 3922 623 3982 Quasi
639 3921 666 3971 io
678 3920 810 3972 ammaon
846 3918 906 3982 dcv,
924 3920 977 3971 cx.
990 3933 1122 3972 annorum
1133 3921 1281 3972 decursum
1292 3923 1371 3972 iidem

281 3992 371 4044 liberos
382 3993 551 4056 produxerim
572 3993 737 4058 (genuerim).
771 3997 809 4047 Si·
845 3995 1371 4049 ludivestrisecularesrumuscelebrari

282 4067 332 4120 lius
350 4070 379 4130 t,
403 4071 462 4120 lli:
487 4073 627 4132 pariusque
649 4076 762 4121 recusent
779 4073 810 4122 To
846 4073 961 4136 possint,
979 4083 1033 4135 quo
1048 4073 1100 4122 ritu
1115 4073 1258 4137 imperium
1276 4073 1372 4124 Roma-

282 4149 411 4208 careonis,
420 4157 495 4208 puer,
509 4144 599 4194 Latiae
606 4145 810 4207 producerem
847 4159 924 4209 num,
952 4159 1021 4200 nova
1038 4159 1147 4211 semper
1163 4147 1245 4212 stirpe
1264 4145 1369 4204 lullum.

282 4221 332 4267 tres
355 4219 451 4284 (itaqua
469 4217 579 4269 abortum
597 4219 726 4284 lucianii.»
756 4219 809 4271 Sed
848 4223 1034 4273 aeternitatem
1047 4235 1125 4274 suam
1138 4222 1183 4286 pie
1195 4225 1372 4286 agnoscatat·

285 4293 325 4341 sic
343 4295 407 4346 salis
423 4293 547 4358 languide
564 4295 733 4359 repeteretur
749 4309 811 4347 seu·
849 4309 902 4360 que
915 4299 1053 4348 testatur.»
1073 4321 1100 4334 ·-
1126 4295 1171 4346 Ter
1190 4297 1254 4361 eet]
1277 4297 1370 4347 nemis
