3014 4978
501 456 561 506 eiu.
581 457 623 508 lll.
660 459 688 508 C.
708 457 795 508 xxix.

292 579 484 699 ¹llidetque,
509 611 535 676 si
559 611 700 678 mortalis
724 613 806 680 ultra

352 733 413 799 Fas
434 731 582 819 trepidat.
627 733 721 814 Quod
743 735 836 803 adest
859 747 1019 804 memento

267 893 469 978 Componere
493 913 636 980 aequus;
660 903 768 960 cetera
793 894 932 962 lluminis

266 1013 337 1080 Ritu
359 1013 518 1092 seruntur,
547 1035 632 1081 nunc
654 1015 762 1083 medio
785 1037 930 1104 aequore

307 1135 387 1202 Cum
408 1153 490 1222 pace
512 1135 692 1204 delabentis
714 1139 884 1205 Etruscum

351 1259 385 1322 ln
407 1277 512 1334 mare,
537 1278 623 1324 nune
644 1257 770 1346 lapides
794 1259 912 1328 adesos

203 1455 242 1506 dl.
267 1469 377 1518 αοᾳνοντ
398 1458 545 1520 (supensos.
565 1457 646 1520 αλνοο)
664 1471 693 1518 c,
710 1453 761 1521 βξ,
780 1456 823 1507 alii
839 1459 923 1510 Codd.
943 1461 1088 1524 vandalb,
1108 1463 1189 1524 Feae,

173 1531 298 1580 Pettierii:
326 1531 396 1581 alveo
412 1529 483 1590 libs,
509 1532 577 1582 Pott.
596 1533 671 1593 octe,
698 1533 763 1592 Lei,
790 1532 889 1594 Baeti..
907 1535 987 1584 lilii.¹
1004 1537 1066 1599 (tin
1083 1539 1188 1600 esteris,

170 1607 277 1668 praeter
292 1602 342 1670 βξ,
361 1605 476 1656 hebetur
492 1606 574 1666 atem,
594 1605 649 1656 lere
662 1619 724 1658 cum
741 1621 850 1669 αιᾳνονι
861 1610 1069 1675 superscripto.»
1087 1613 1189 1676 Remu.)

141 1778 271 1848 τελευτὴν
295 1779 424 1844 Γνῶναι,
461 1772 540 1845 ὅπως
563 1779 660 1847 μέλλει
698 1795 808 1846 manus,
821 1784 1223 1852 cuiiaeillimeaniiquusinter·

139 1853 222 1908 τοῦτο
238 1853 310 1920 θεὸς
326 1855 453 1908 τελέσαι·
475 1851 587 1928 “Optem
605 1853 660 1929 γὰρ
697 1856 801 1921 poletor
811 1859 974 1910 substituere
986 1861 1130 1926 poteratgi.
1142 1865 1220 1925 alveo,

139 1931 268 1983 τέταται·
295 1927 351 2002 πρὸ
375 1930 407 1982 δὲ
429 1929 481 1983 τοῦ
505 1929 660 1996 μέλλοντος
697 1935 860 1984 noneontre.
888 1932 993 1986 Scilicet
1008 1935 1051 1987 ille
1068 1937 1221 2000 verebatur,

138 1997 255 2058 ἔσεσθαι
276 2001 316 2057 oi
335 2002 440 2058 συνετὰ
459 2006 579 2071 θνητοῖς
599 2007 660 2057 πεί·
697 2011 828 2070 utaequor
836 2009 870 2059 de
880 2009 990 2060 ilumine
999 2013 1220 2064 reetedieeretur.

137 2083 193 2150 pe?
211 2075 389 2147 ἀμηχανίης.
419 2080 493 2132 Pind.
508 2079 545 2130 Ol.
560 2082 606 2142 ta,
628 2082 657 2131 9:
696 2085 819 2133 Attamen
837 2084 907 2146 virg.
926 2088 991 2135 Aen.
1011 2087 1101 2147 8‚86:
1122 2088 1223 2150 Thybris

137 2154 196 2206 Τῶν
220 2155 253 2208 dri
276 2153 440 2221 μελλόντων
464 2151 659 2216 τετύφλωνται
696 2181 737 2193 --
747 2157 826 2207 tacita
841 2160 949 2222 retinens
965 2160 1003 2208 ita
1018 2161 1124 2212 substitit
1140 2165 1221 2225 unde,

137 2228 253 2300 νραται
696 2231 766 2280 utre
787 2237 816 2281 τι
836 2232 864 2280 τι
879 2219 980 2282 moran*
991 2235 1075 2297 ναμε
1088 2235 1221 2296 placitae

166 2306 206 2356 at.
225 2307 269 2356 32.
287 2305 414 2370 liidetque]
434 2305 659 2368 usuaepoteutiae
696 2317 744 2366 que
757 2305 859 2367 patetis
875 2305 1002 2356 &maeret
1018 2320 1114 2368 nequer
1137 2313 1219 2372 aqvas.

136 2381 289 2432 conscius.»
318 2403 346 2416 -
381 2379 501 2442 trepidat]
540 2378 659 2430 «tuturos
697 2381 725 2428 et
741 2392 766 2428 v.
786 2380 835 2430 96:
864 2381 1004 2444 viridesque
1020 2384 1221 2446 ιονιιτιριαοιτιο

136 2457 244 2506 eventus
271 2453 347 2504 anxie
374 2453 512 2518 explorare
538 2451 657 2515 laboret,
697 2453 910 2516 mque-ositeri,
928 2454 1027 2517 idest,
1052 2455 1138 2510 alveo.
1175 2461 1221 2511 Est

134 2529 200 2580 eitra
210 2529 303 2580 bacin
316 2539 562 2592 eureprogressus‚
576 2539 658 2590 quem
696 2529 791 2591 igitur:
823 2541 913 2592 «aqua
930 2529 1046 2582 fluminis
1067 2545 1128 2582 sese
1152 2534 1222 2584 inter

134 2615 190 2654 sers
222 2603 330 2668 generis
365 2603 474 2653 humaui
509 2601 658 2652 coneedit.»
695 2605 840 2666 utrumque
866 2602 933 2654 alvei
959 2607 1107 2670 marginem
1135 2609 1221 2659 eonti-

134 2677 257 2742 Sophocl.
277 2679 380 2740 Frassm.
399 2678 457 2727 tit.
476 2678 513 2728 D:
544 2672 659 2742 Θνητὴν
696 2681 803 2727 nante.»
822 2679 930 2743 Recepit
947 2680 1101 2730 etiamante
1113 2683 1221 2733 mecu-

133 2748 163 2802 ti
186 2749 280 2814 φύσιν
312 2746 368 2822 χρὴ
399 2746 494 2817 θνηταὶ
522 2755 657 2822 φρονεῖν,
696 2751 872 2814 ninghamius.
907 2753 999 2815 (Nemo
1017 2757 1090 2804 certe
1108 2758 1221 2806 eonten-

135 2823 225 2878 Τοῦτο
242 2821 429 2888 κατειδότας,
451 2821 491 2888 ὥς
508 2820 562 2877 οὐκ
578 2819 658 2876 ’ἐστιν
697 2825 754 2886 det,
768 2839 817 2889 per
828 2839 857 2876 se
869 2825 940 2875 haud
953 2829 1057 2876 rectum
1069 2829 1218 2888 assertivam

132 2897 212 2967 Πλὴν
223 2896 294 2964 Διὸς
311 2893 406 2963 οὐδεὶς
421 2898 479 2951 τῶν
495 2897 658 2966 μελλόντων
696 2913 791 2950 verram
803 2898 849 2950 ubi
862 2899 946 2949 codd.
960 2902 1023 2952 setis
1036 2901 1221 2954 demonstrent

134 2975 263 3041 Ταμίας,
298 2967 316 3025 ὃ
344 2989 372 3026 τι
398 2970 455 3044 χρὴ
483 2973 656 3027 τετελέσθαι.
696 2975 789 3024 rariori
807 2985 839 3024 ae
855 2973 993 3024 difficiliori
1018 2975 1149 3027 vocabulo
1175 2991 1220 3030 ao-

134 3050 169 3101 id.
188 3053 294 3115 Fregm.
313 3051 379 3102 659:
406 3043 474 3100 ’All'
493 3045 528 3102 od
546 3047 602 3120 γὰρ
619 3045 658 3100 ἂν
696 3061 774 3110 quere
797 3047 971 3099 substitutum
994 3063 1054 3101 esse
1075 3041 1218 3114 glossema,

132 3121 167 3174 τὰ
177 3126 247 3177 θεῖα
258 3120 442 3196 κρυπτόντων
452 3121 529 3176 θεῶν
543 3123 658 3188 Μάθοις
695 3121 760 3173 illud
777 3136 829 3172 non
847 3123 989 3173 restituere
1007 3125 1087 3174 nimia
1099 3125 1219 3189 proiecto

132 3191 186 3260 ἄν,
221 3195 285 3252 οὐδ’
320 3200 347 3250 εἰ
378 3196 460 3250 πάντ’
494 3197 658 3264 ἐπεξέλθοις
695 3197 765 3248 ieret
780 3196 917 3248 timiditas.
952 3198 1007 3248 Nee
1024 3197 1220 3252 verodebebat

133 3273 261 3326 σκοπῶν.
290 3303 318 3310 -
346 3276 418 3337 Quod
437 3274 518 3339 τάττι]
549 3279 657 3339 «Aequo
694 3271 852 3334 Bernhardy
868 3272 998 3324 adversus
1015 3286 1059 3324 me
1071 3285 1219 3338 provocare

132 3350 220 3400 animo
243 3349 395 3414 praesentia
421 3349 530 3410 ordina,
557 3351 656 3414 quippe
696 3345 730 3396 ad
747 3358 851 3396 meram
868 3347 899 3396 N.
919 3347 1018 3398 lieiusii
1036 3349 1218 3398 coniecturam

132 3437 199 3486 quae
225 3425 254 3474 in
279 3424 323 3474 tue
350 3425 482 3488 potestate
512 3425 560 3474 sita
587 3424 655 3484 sint;
695 3419 769 3471 ovid.
797 3421 860 3471 Met.
890 3422 934 3482 iii,
967 3421 1032 3472 dil:
1070 3423 1219 3487 tirwmttua

131 3501 221 3548 cetera
239 3499 328 3548 omnia
345 3498 416 3548 iluna
434 3502 496 3549 sunt
512 3499 591 3561 atque
616 3497 658 3548 in·
696 3493 823 3556 inebrieris
839 3493 924 3556 ιιλννο,
951 3494 998 3546 ubi
1017 3495 1101 3546 Cedd.
1125 3495 1218 3546 lectio-

131 3575 231 3622 νοτία.»
267 3573 389 3623 Cratinus
412 3572 485 3637 apud
502 3572 612 3622 Suidam
629 3586 654 3622 v.
694 3582 769 3631 nem,
793 3583 816 3619 e.
842 3570 883 3619 λλ.
908 3570 967 3631 etti,
994 3572 1066 3620 recte
1092 3571 1218 3622 restitue·

131 3643 163 3695 τὸ
180 3641 276 3718 παρὸν
294 3637 326 3697 sd
344 3649 449 3696 ποιεῖν·
468 3639 587 3716 Ἄνδρας
603 3661 657 3698 σο·
693 3646 756 3694 runt
772 3645 800 3694 et
815 3644 930 3694 Baebius
948 3647 975 3694 et
991 3645 1117 3708 Iahnius.)

130 3717 207 3784 φοτλς
223 3717 313 3792 ἐχρῆν
329 3716 363 3770 τὸ
380 3715 474 3792 παρὸν
491 3712 597 3792 πρᾶγμ’
616 3721 656 3783 εἰς
726 3718 766 3769 35.
786 3718 827 3769 36.
846 3717 908 3769 uun
920 3717 997 3783 pete]
1017 3712 1141 3789 «ἠρέμα,
1160 3719 1219 3784 pla-

130 3792 253 3861 δύναμιν
268 3795 377 3847 θέσθαι
391 3789 497 3858 καλῶς.
693 3792 762 3854 eide,
776 3791 941 3857 tranquille»,
951 3793 1143 3856 significatione
1155 3795 1219 3845 setis

162 3871 203 3921 33.
222 3870 264 3921 ³4.
285 3871 397 3935 memte
412 3871 478 3934 Ritu]
496 3871 560 3921 lior.
578 3871 608 3920 λ.
626 3871 653 3920 P.
693 3865 814 3918 elucente
832 3881 865 3918 ex
881 3861 1027 3919 ἀντιθέσει
1042 3883 1109 3919 αντα
1124 3869 1220 3932 lapidea

131 3945 175 3994 62:
204 3945 323 3996 λιντοανατ
346 3946 407 3996 itta.
443 3944 518 3994 Ouid.
542 3944 601 3995 Am.
627 3945 654 4005 t,
693 3943 744 3992 cet.
768 3942 853 3992 Etiam
870 3943 992 4006 inproea
1010 3955 1049 3993 or.
1070 3941 1216 3994 CieTusc.

130 4017 231 4078 ma:
261 4019 426 4069 iwridirits
451 4019 568 4068 terrestis
594 4031 656 4082 epe-
692 4017 787 4078 ⁵22⁹:
811 4017 1218 4078 Nosiilttdquidemeumpuee

130 4091 185 4142 bur.
204 4093 294 4143 iuven.
308 4093 337 4153 ³,
356 4093 419 4144 26⁴:
448 4093 519 4143 ltere
539 4093 653 4154 anitiae,
691 4104 802 4155 apenrtt.
822 4091 875 4142 Cir.
888 4091 964 4142 liand
978 4091 1053 4141 Ture.
1070 4090 1101 4140 11.
1115 4102 1141 4154 p.
1156 4089 1213 4138 iiii.

130 4165 157 4216 id
172 4169 226 4228 est,
247 4167 339 4218 «sicuti
355 4167 470 4218 anima·
490 4195 517 4204 -
537 4167 654 4233 ααανανι]
692 4168 720 4216 et
736 4166 793 4216 itt.
815 4191 841 4201 -
854 4165 998 4229 litatem]
1010 4163 1101 4217 Ultima
1114 4161 1216 4226 syllaba

131 4239 653 4306 UnusVandpreebetaequereeumgi.
692 4238 798 4290 eliditur
818 4242 880 4290 anie
903 4241 1063 4303 sequentem
1084 4233 1214 4290 vocalem.

129 4314 241 4374 rumne.
259 4317 346 4380 Atque
358 4316 426 4366 baec
438 4315 543 4368 videtur
554 4315 655 4366 Horatii
695 4343 722 4354 —
741 4314 842 4378 adens]
870 4314 910 4364 «vi
931 4325 1061 4378 aquarum
1078 4309 1216 4362 amaseae
