2998 4980
305 403 365 468 446
686 399 814 450 nonam
834 397 1002 450 CARMINUM

348 536 528 628 Centaurea
550 566 657 624 monet
679 577 753 622 cum
774 553 916 642 Lapithis
939 554 1007 619 rixa
1029 573 1128 640 super
1150 573 1240 620 mero

346 716 530 795 Debellata,
554 725 662 782 monet
683 713 834 782 Sithoniis
857 732 921 779 non
942 711 1022 779 levis
1045 711 1161 788 Euius,

348 842 428 908 Cum
450 839 497 904 ias
519 847 616 925 atque
638 835 728 902 nelas
749 835 865 923 exiguo
887 833 950 900 fine
972 832 1141 899 libidinum
1363 830 1405 896 to

345 961 538 1027 Discemunt
559 958 654 1025 avidi.
697 959 767 1024 Non
789 975 850 1046 ego
872 965 919 1032 te,
943 953 1082 1022 candide
1102 956 1274 1031 Bassareu,

348 1083 485 1148 invitum
505 1081 663 1169 quatiam,
686 1099 747 1146 nec
768 1078 866 1144 variis
885 1075 989 1144 obsita
1010 1075 1178 1143 frondibus

369 1224 394 1274 9.
413 1223 507 1284 campas
523 1222 551 1271 T.
574 1249 601 1257 -
621 1222 660 1270 44.
680 1221 750 1270 basse
765 1233 812 1270 ren
828 1221 855 1269 T.

337 1336 361 1386 8.
388 1337 477 1397 Pugna
501 1335 559 1383 oria
575 1333 644 1382 inter
662 1332 785 1396 Lapithas
803 1333 830 1380 et
865 1333 996 1390 statuere,
1022 1342 1130 1380 servare
1155 1329 1244 1380 solent
1258 1329 1401 1386 libidines.

305 1412 452 1461 Centauros
470 1409 497 1458 in
515 1409 612 1473 nuptiis
637 1407 757 1466 Pirithoi,
784 1420 830 1456 re·
867 1418 934 1467 quae
949 1417 1144 1468 saepenumero
1155 1418 1267 1469 prorsus
1284 1405 1404 1455 conlun-

304 1487 342 1548 gis
360 1485 545 1550 Lapitharum,
564 1497 627 1533 cum
644 1481 827 1546 Hippodamia.
867 1479 932 1529 duni
946 1492 977 1528 ac
995 1479 1108 1530 miscent
1124 1482 1298 1542 utrumque.»
1326 1481 1403 1530 Anidi

304 1560 612 1625 (darprasllippodamcn,
625 1558 755 1619 aliiqnam
764 1557 831 1618 qnia
866 1557 957 1605 autem
981 1553 1103 1605 absolute
1122 1558 1152 1604 ut
1171 1567 1271 1617 saepe3
1300 1554 1355 1604 Od.
1377 1555 1400 1613 4,

304 1650 351 1698 qna
360 1635 501 1698 probarunt
513 1638 558 1683 ant
565 1637 696 1696 poterant,
714 1632 828 1692 rapiant.
866 1630 907 1690 28,
927 1631 973 1679 l8:
991 1631 1094 1679 acidum
1107 1643 1186 1680 mare.
1206 1629 1254 1679 Od.
1271 1629 1296 1693 3,
1312 1628 1340 1690 4,
1354 1628 1401 1678 58:

305 1707 829 1770 Ov.lilet.li‚iii.]Centaurorumvero
866 1705 955 1754 acidia
981 1704 1099 1767 [pugnae]
1127 1705 1258 1753 Vaicanus.
1296 1706 1359 1753 Sat.
1375 1703 1400 1762 h,

306 1781 606 1846 magnastragesedita.
626 1781 766 1844 Odysscp,
782 1779 830 1830 295
866 1780 891 1841 3,
909 1781 969 1829 aar:
995 1781 1085 1830 avidus
1096 1781 1174 1830 iteres.
1209 1778 1268 1829 Noli
1284 1780 1402 1840 iungere

304 1871 363 1920 sqq.
375 1856 481 1906 Phidiae
491 1859 580 1906 aulem
589 1854 830 1923 Κεντασρομαχία
866 1855 935 1903 avidi
952 1855 1090 1916 libidinum,
1115 1853 1142 1904 id
1159 1853 1232 1917 quod
1249 1855 1357 1904 mirum
1374 1853 1402 1900 in
1486 1873 1487 1886 2

304 1933 330 1982 in
342 1931 515 1981 parthenonis
527 1931 641 1992 metopis
652 1928 754 1990 aliaque
766 1929 831 1978 arti·
866 1929 979 1980 modum
996 1928 1141 1992 langueret.
1486 1961 1487 2002 3

304 2005 385 2054 ficum
406 2017 487 2068 opere
517 2003 630 2053 eandem
657 2003 829 2066 exprimentia
901 2005 941 2054 44.
965 2005 1077 2068 candide]
1104 2003 1178 2054 Ouid.
1197 2004 1267 2054 Fasi.
1286 2003 1313 2064 3,
1335 2003 1400 2052 772:
1486 2037 1487 2042 ,

304 2079 402 2128 Horatii
425 2080 511 2128 aetate
537 2079 657 2128 omnium
680 2077 763 2127 oculis
783 2077 831 2126 ob·
868 2079 976 2128 Candide
986 2080 1089 2128 Bacche.
1109 2077 1263 2128 Pseudotib.
1278 2078 1304 2138 3,
1327 2079 1353 2137 6,
1372 2077 1399 2124 4;

303 2153 488 2204 versabantur.
508 2153 574 2202 Vide
586 2151 717 2215 Millingen
726 2153 828 2216 Cophill.
867 2154 976 2204 Candida
989 2154 1062 2202 liber
1074 2155 1140 2202 ades.
1160 2153 1202 2202 Sic
1217 2153 1299 2203 etiam
1309 2149 1398 2215 Epod.

304 2231 333 2280 T.
353 2230 384 2278 ³5
403 2228 484 2279 etii).
520 2228 661 2290 inghirami
682 2229 747 2277 Gall.
774 2228 827 2277 (im.
868 2227 1397 2286 3,9.candidmndnccmvocatlasonem.

304 2305 347 2354 lli.
363 2305 419 2353 tes.
433 2331 461 2339 —
479 2317 554 2365 snper
569 2302 645 2365 mmo]
665 2303 701 2351 Ex
719 2316 831 2352 consue·
867 2305 913 2352 Est
932 2299 1144 2366 «pulchritudine
1162 2301 1323 2365 splendens,
1348 2300 1401 2351 ior-

304 2379 395 2428 tudine
413 2379 502 2428 Latina
518 2378 570 2427 hoc
587 2376 650 2426 nihil
667 2377 738 2427 aliud
753 2379 831 2442 signi·
867 2390 984 2436 mosusa,
1001 2391 1055 2427 non
1072 2374 1200 2440 «simplex
1218 2377 1397 2439 eiapertus.»

305 2451 385 2500 ficare
406 2453 495 2514 potest
517 2463 597 2513 quam
614 2453 739 2513 damno,
766 2465 831 2516 pro·
868 2452 920 2502 Cir.
940 2453 1010 2514 Virg.
1030 2454 1076 2502 Ge.
1096 2453 1121 2510 4,
1140 2451 1196 2501 394.
1223 2449 1397 2501 deBaccho:
1486 2485 1487 2524 ἦ

304 2529 493 2590 ptermerum.
513 2525 569 2574 Hoc
586 2524 830 2587 scilicet,n0ntarn
867 2527 1333 2589 thnocnnqacdeascircamcaput
1350 2523 1399 2587 epit
1486 2525 1487 2528 ’

305 2601 339 2650 de
357 2599 485 2650 uxoribus
504 2601 611 2662 raptatis
628 2601 830 2662 quamdevino
867 2603 1002 2651 timasium.
1029 2628 1057 2636 -
1076 2599 1209 2664 Bassareu]
1237 2597 1396 2669 βασσαρὶς,

306 2690 320 2726 a
347 2675 486 2725 Centauris
512 2673 589 2723 avide
614 2677 731 2738 appetito
748 2679 833 2726 certa-
869 2675 944 2740 pellis
963 2675 1085 2740 volpina‚
1112 2689 1127 2724 a
1151 2672 1302 2746 βασσάρα,
1327 2685 1397 2738 quae
1486 2669 1487 2672 ’

307 2752 365 2800 tum
383 2763 453 2810 esse,
477 2751 612 2810 tamquam
627 2763 706 2800 suum
719 2750 753 2800 ad
767 2765 832 2814 pro·
868 2750 1013 2802 Thracibus
1034 2749 1135 2813 volpes.
1171 2749 1238 2800 Alibi
1261 2750 1396 2806 Bacchae,
1486 2779 1487 2790 .

306 2825 423 2890 positum
438 2825 524 2889 aptius
540 2824 615 2874 finxit
631 2826 762 2876 Horatius
782 2829 834 2877 No-
870 2839 938 2890 quae
981 2825 1072 2875 itidem
1113 2821 1267 2896 Βασσάραι
1304 2823 1395 2888 (orph.

306 2899 393 2950 labilis
411 2901 500 2949 tamen
513 2901 646 2962 astatque
664 2899 771 2963 elegans
783 2902 834 2950 0u-
870 2901 967 2962 hymn.
994 2900 1035 2962 ll,
1062 2901 1106 2962 4.),
1127 2902 1231 2964 gestant
1253 2899 1395 2972 νεβρίδας.

306 2974 446 3038 dendorpii
464 2975 615 3024 coniectura
632 2989 707 3037 saper
725 2989 831 3036 meram,
871 2974 987 3025 Macrob.
1006 2976 1059 3024 Sat.
1082 2977 1111 3037 4,
1133 2977 1177 3026 48;
1208 2975 1292 3025 Lr'aeri
1313 2974 1397 3040 panis

308 3051 392 3100 «inter
407 3051 658 3112 compotationem.»
676 3048 751 3112 (Flor.
763 3051 787 3115 4,
802 3053 832 3102 2:
870 3049 1008 3099 simulam
1019 3051 1116 3112 partim
1128 3051 1221 3112 puerili
1230 3055 1321 3113 aaa,
1333 3062 1398 3113 par·-
1486 3071 1487 3076 =

305 3138 381 3186 snper
400 3124 502 3185 pocula.
536 3125 642 3175 Curtius
659 3125 683 3186 8,
702 3125 731 3176 l:
759 3141 834 3189 snper
870 3125 915 3175 tim
930 3125 1032 3174 inveniti
1045 3127 1160 3189 finpnnt,
1183 3131 1319 3187 prauam
1336 3125 1397 3174 bar-

304 3201 400 3248 cinnm.
419 3197 536 3250 luveuel.
557 3200 597 3259 45,
617 3199 662 3250 li:
687 3214 762 3263 stipor
777 3217 834 3254 coa·
871 3200 930 3250 bata
943 3201 1031 3262 specie,
1048 3201 1118 3250 senili
1135 3214 1240 3262 paoqra,
1255 3201 1293 3249 uti
1305 3198 1397 3251 maai

307 3287 368 3322 narn
383 3273 532 3337 narranti:
553 3287 633 3336 quam
650 3276 736 3338 ipsam
753 3279 835 3340 signi-
870 3277 932 3336 eins,
947 3289 1019 3336 qnam
1031 3275 1242 3336 amimea-nan
1255 3288 1329 3336 wem
1341 3271 1398 3324 Bri-

308 3347 460 3398 ficationem
480 3347 608 3397 Codicum
629 3347 735 3400 lectioni
755 3351 834 3402 docte
870 3363 914 3398 sca
932 3349 1072 3411 appeliant,
1099 3354 1122 3400 at
1147 3355 1175 3400 nt
1201 3350 1229 3398 in
1254 3347 1396 3412 Campania

308 3420 443 3469 vindicare
453 3420 573 3470 studetJ.
585 3424 616 3471 G.
627 3425 731 3474 Steiuer
739 3425 832 3476 Caram.
870 3425 1031 3486 Neapolitani
1045 3423 1169 3474 celebrant
1183 3423 1285 3474 Rabona
1303 3435 1397 3488 caprae

308 3493 396 3543 Horat
416 3495 486 3556 Spcc.
505 3507 552 3544 sec.
572 3508 598 3558 p.
619 3497 650 3546 46
668 3509 709 3561 sq.
870 3499 1001 3548 minantes.

341 3567 366 3617 9.
390 3567 527 3632 Dabana]
552 3571 649 3621 «armis
666 3572 833 3624 diiudicata.»
906 3574 945 3622 44.
975 3573 1096 3638 emtione]
1130 3569 1249 3639 κινήσω,
1276 3567 1311 3625 οὔ
1340 3565 1394 3624 σοῦ

312 3669 340 3677 -
357 3641 482 3706 Sithoniis]
510 3642 624 3707 populus
638 3646 780 3698 Thracicus
801 3647 835 3698 ad
872 3640 996 3710 ἄκοντος
1020 3645 1212 3719 βασσαρήσω.
1256 3651 1285 3698 ln
1316 3647 1394 3711 orgiis

309 3712 510 3777 Salmydessum
532 3719 559 3768 44.
584 3719 715 3772 Thracum
744 3724 835 3773 autem
873 3723 979 3785 proprie
1005 3723 1090 3786 thyrsi
1122 3725 1272 3786 quatimur
1296 3726 1325 3773 ei
1347 3732 1396 3786 per

310 3791 522 3853 compotationes
551 3805 603 3842 non
633 3795 682 3843 nisi
708 3797 835 3848 caedibus
872 3797 1029 3848 Bacchicam
1054 3811 1182 3862 pompam
1206 3796 1395 3848 tumultuosam

310 3862 378 3913 liniri
396 3863 518 3915 solebant
535 3867 590 3928 (Od.
608 3867 617 3914 4
631 3905 636 3927 ,
650 3868 696 3929 27,
712 3869 755 3932 l.],
769 3883 836 3933 quas
874 3873 901 3920 et
918 3885 980 3922 cum
996 3871 1134 3922 saltatione
1146 3874 1316 3925 coniunctam
1325 3869 1395 3922 cistis

310 3950 412 4001 poenas
429 3952 444 3987 a
461 3940 567 3990 Baccho
582 3941 613 3991 iis
630 3956 680 3991 nan
696 3943 759 4005 lani,
785 3945 836 3995 im·
873 3946 1032 3998 circumlatis
1040 3951 1309 3998 sacracommaaenlnr
1318 3947 1392 4010 (vug-

311 4011 376 4072 miti,
400 4013 481 4075 irato,
502 4014 639 4078 impositas
651 4031 711 4068 esse
722 4017 786 4069 volt.
806 4047 833 4056 -
872 4025 938 4073 Aen.
955 4021 979 4082 4,
995 4022 1056 4072 304;
1078 4023 1160 4086 qualis
1174 4023 1302 4072 conmotis
1314 4019 1395 4072 accita

309 4085 389 4135 Eaiars
405 4085 439 4136 ab
455 4086 644 4142 acclamatione
664 4085 736 4154 arici,
755 4086 833 4144 εὐάν.
871 4095 951 4145 sacris
967 4097 1119 4160 lhpascei]
1153 4097 1199 4148 Est
1215 4099 1305 4162 igitur:
1325 4097 1392 4147 «Non

344 4161 383 4211 40.
403 4163 444 4212 il.
463 4164 555 4227 empna
569 4164 628 4229 fine]
645 4165 702 4216 uilio
713 4170 835 4232 pertenui
873 4171 953 4220 invito
970 4173 1014 4233 te,
1037 4170 1110 4236 leges
1128 4174 1188 4222 tuas
1205 4175 1322 4224 memus
1339 4169 1393 4218 rio·

310 4235 475 4298 discrimine,
493 4237 566 4302 quad
583 4241 651 4290 inter
666 4240 704 4292 las
721 4246 747 4292 et
762 4243 835 4295 naias
872 4243 938 4306 lana,
956 4246 1028 4310 orgia
1037 4249 1081 4297 tua
1091 4245 1244 4309 celebrabo,
1257 4259 1308 4296 nea
1319 4239 1394 4296 sacri·
