3002 4974
326 447 388 513 sis
710 449 836 499 nouaru
856 448 1024 499 cannuuu

496 607 630 682 Cantus,
655 626 706 672 me
728 603 827 670 voluit
849 602 959 671 dicere
981 603 1124 670 lucidum

495 727 665 816 Fulgentes
688 726 801 793 oeulos
823 737 856 792 et
877 726 961 792 bene
983 726 1103 791 mutuis

580 849 695 916 Fidum
716 859 829 936 peetus
852 845 1035 926 amoribus;

496 1011 600 1088 Quam
622 1029 682 1075 nee
704 1009 788 1074 ferre
812 1007 931 1096 pedem
952 1005 1106 1073 dedecuit
1127 1007 1234 1075 choris

495 1132 561 1197 Neo
584 1141 707 1197 certare
730 1129 802 1196 loeo
825 1149 886 1196 nec
909 1127 988 1194 dare
1010 1127 1143 1195 brachia

495 1251 673 1318 Ludentem
696 1248 804 1316 nitidis
826 1250 1005 1338 virginibus
1027 1271 1121 1318 sacro

580 1373 702 1439 Dianae
725 1371 863 1438 celebris
885 1372 948 1438 die.
1041 1379 1048 1392 “

392 1593 431 1642 tt.
450 1591 575 1654 Foipeotis
592 1591 639 1641 BT.

326 1785 524 1851 pulcherrima;
543 1791 570 1836 et
587 1800 616 1836 re
635 1799 699 1836 vera
713 1787 851 1837 formosis·
888 1787 935 1836 bro
946 1789 1040 1838 resolve
1050 1790 1145 1840 otoros.
1174 1791 1298 1842 Ceterum
1317 1789 1397 1842 simili-

328 1863 396 1912 sima
414 1861 509 1912 mulier
531 1865 589 1911 erat
610 1862 750 1920 Terentia,
775 1861 851 1910 cuius
889 1863 931 1912 ter
946 1862 1018 1925 Virg.
1042 1866 1088 1914 Ge.
1113 1866 1144 1924 i,
1167 1867 1215 1916 lt:
1246 1867 1315 1917 Forte
1336 1866 1398 1916 siniti

327 1949 419 1986 amore
458 1939 552 1999 captus
591 1937 648 1986 erat
684 1937 850 1986 Octavianus.
888 1937 1020 1999 Faunique
1038 1940 1127 2000 pedon
1143 1942 1195 1990 eet.

329 2011 409 2071 (Suet.
424 2011 480 2060 Oet.
495 2011 545 2073 69.)
923 2003 962 2052 ⁴8.
993 2009 1091 2054 cartoro
1114 2005 1180 2068 ioco]
1207 2005 1274 2056 Nihil
1302 2004 1399 2070 impedit

366 2083 405 2134 li.
425 2083 535 2134 lucidum
551 2085 692 2149 Folpeotes]
710 2086 740 2134 ut
758 2084 806 2135 Od.
820 2085 850 2146 i,
889 2080 1049 2140 quominus
1067 2079 1275 2143 interpretemur
1291 2081 1324 2131 de
1344 2093 1399 2130 oon·

327 2159 432 2219 2223:
451 2161 530 2210 Deice
548 2161 676 2210 ‚samm
696 2159 788 2218 oris,
810 2161 850 2222 49,
889 2154 980 2214 viriis,
1007 2154 1211 2216 inquibusiis‚
1231 2157 1276 2218 qui
1294 2158 1399 2206 iocorum
1482 2191 1483 2198 1

329 2234 362 2284 6:
389 2235 516 2285 emmaum
536 2237 664 2285 Laetatur,
690 2235 736 2285 od,
759 2235 789 2296 3,
810 2236 850 2294 27,
890 2227 1005 2289 salibus,
1025 2230 1106 2278 certis
1130 2229 1250 2280 convivis
1272 2230 1398 2288 iudicibus,

330 2309 379 2358 67:
396 2311 521 2374 Fotidem
531 2311 622 2360 ridente
649 2309 734 2360 Etiam
746 2311 772 2360 in
785 2310 853 2358 Sati·
890 2306 996 2354 ceteros
1012 2305 1188 2368 superarent,
1212 2307 1331 2368 praemia
1347 2317 1401 2369 pro-

329 2384 432 2444 risit,
454 2385 483 2444 8,
505 2383 554 2434 lt:
582 2389 731 2434 resonarent
745 2385 814 2433 triste
831 2389 854 2433 ot
890 2380 976 2444 posita
989 2380 1087 2430 essent.
1107 2379 1146 2428 De
1156 2377 1304 2430 saltationis
1316 2391 1400 2444 genere
1482 2415 1483 2436 ,

329 2458 452 2522 meon.)
469 2459 561 2522 Repeti
575 2460 694 2510 nicusus
707 2459 853 2509 adieetivo-
890 2453 978 2518 aliquo
1012 2454 1096 2516 accipi
1130 2455 1224 2516 nequit
1251 2455 1280 2504 et
1306 2459 1402 2520 propter

329 2544 389 2581 rum
408 2535 498 2596 potest
517 2532 579 2582 inde
598 2533 632 2583 ab
645 2535 761 2583 Homero
779 2532 850 2582 iliad.
890 2529 974 2579 verba
997 2530 1071 2592 ipsa,
1105 2528 1133 2577 in
1160 2527 1258 2592 quibus
1284 2531 1335 2580 hoo
1357 2541 1401 2580 nou

328 2602 362 2666 β,
381 2607 445 2656 269:
465 2600 583 2678 ἀχρεῖον
595 2605 679 2668 ἰδών,
692 2608 719 2656 id
732 2610 782 2668 est,
802 2609 852 2658 «ita
890 2605 976 2665 inest,
995 2617 1045 2654 neo
1062 2607 1103 2653 ter
1114 2601 1285 2656 saltationem
1296 2617 1403 2656 comme-
1482 2620 1483 2674 ;

328 2677 420 2729 oeulos
440 2683 582 2744 torquens,
606 2685 636 2731 ut
654 2682 735 2732 horno
756 2680 853 2732 inutilis
891 2693 996 2730 morare
1014 2680 1220 2742 poteratpoeta.
1236 2705 1264 2716 -
1284 2681 1403 2731 Mrem
1482 2715 1483 2754 p

328 2754 692 2817 atquestolidusvidereturn
705 2771 710 2816 ;
724 2758 853 2808 sieetiam
890 2755 958 2818 cito]
988 2755 1060 2803 ilaec
1085 2754 1201 2803 maxime
1230 2753 1403 2807 demonstrent
1482 2813 1483 2820 χ

328 2829 354 2878 in
371 2828 437 2880 locis
456 2831 613 2881 Horatianis.
890 2832 1041 2879 matronam
1049 2829 1195 2878 Romanam
1207 2829 1251 2879 hio
1264 2831 1402 2894 significan.

360 2907 400 2954 ts.
419 2905 477 2955 bene
495 2903 601 2970 motois]
620 2909 650 2956 ut
668 2907 723 2957 Cio.
746 2907 780 2956 od
799 2909 850 2957 att.
891 2905 988 2968 quihus
1012 2903 1075 2954 solis
1093 2903 1192 2953 ducere
1209 2903 1310 2956 licebat
1324 2913 1403 2956 sacrm
1482 2949 1483 2966 ,

328 2978 374 3041 il,
393 2981 425 3030 7:
450 2981 548 3031 titteroo
566 2981 625 3032 bene
639 2983 737 3046 tonpoo.
773 2983 851 3032 Tusc.
890 2981 989 3030 Dianae
1002 2979 1108 3038 choros,
1127 2991 1180 3028 una
1196 2991 1259 3029 oum
1271 2979 1404 3044 virginibus
1482 2969 1483 3060 l

326 3056 414 3114 249:
434 3056 574 3106 dolorosae
590 3057 807 3122 plaoomopmu,
826 3061 855 3108 et
891 3055 1019 3118 ingenuis.
1047 3056 1076 3104 Α.
1099 3055 1128 3102 Ρ.
1150 3067 1176 3102 ν.
1199 3054 1266 3104 232:
1306 3053 1405 3120 llllostis

327 3131 382 3180 tien
407 3130 646 3196 Franeogallorum.
676 3131 741 3183 Bene
760 3135 854 3184 motois
889 3135 1009 3179 matrona
1026 3129 1122 3178 moueri
1140 3127 1209 3177 iusso
1228 3129 1321 3180 motos.
1360 3128 1403 3180 Cir.
1482 3119 1483 3180 l

326 3205 405 3269 igitur
421 3209 463 3256 est
481 3207 588 3272 splene,
608 3219 736 3271 prorsus,
756 3207 853 3258 eodem
888 3205 938 3254 ou.
952 3203 1086 3266 sitit.
1105 3203 1153 3252 Od.
1166 3202 1192 3264 i,
1206 3205 1230 3266 6,
1243 3203 1285 3255 34.
1322 3203 1404 3266 ouide
1482 3233 1483 3278 i

328 3283 426 3331 amoris
436 3283 532 3330 ardore
542 3283 667 3332 mutuis.»
685 3281 733 3332 atii
742 3284 854 3345 iungunt
890 3279 1013 3330 libertina
1033 3279 1256 3340 interpretantur,
1284 3281 1405 3344 privatim

328 3369 390 3405 cum
410 3369 436 3404 v.
458 3357 564 3416 Fidon,
594 3357 637 3405 eui
657 3358 754 3406 rationi
774 3371 854 3422 rapu·
889 3353 982 3405 volunt
1006 3365 1068 3403 esse
1085 3350 1214 3414 sollemne
1232 3355 1346 3415 Dianae,
1371 3351 1405 3403 eui

327 3443 408 3493 gnare
425 3429 532 3478 videtur
543 3429 689 3480 verborum
706 3433 804 3496 positio
821 3447 853 3483 ac
891 3428 1058 3493 explicationi
1082 3427 1224 3478 manifesto
1247 3428 1355 3480 obstant
1370 3439 1404 3476 rr.
1482 3465 1483 3486 ,

328 3503 451 3554 versiculi
470 3505 638 3568 compositio.
890 3506 990 3555 Dionae
1006 3503 1114 3553 octobris.
1433 3570 1437 3579 Ι
1482 3551 1483 3556 ,

361 3580 400 3628 tr.
428 3577 601 3643 fmepedem]
621 3579 852 3634 «Culussummus
923 3580 963 3628 ts.
994 3577 1140 3641 eudemon]
1172 3578 1271 3627 tom
1303 3577 1407 3629 choreas
1482 3625 1483 3646 ¹

328 3657 369 3702 est
381 3652 503 3703 decorae
512 3657 638 3704 venustas
649 3656 675 3704 in
686 3653 851 3720 saltatione»,
889 3652 947 3704 illas
964 3655 1044 3702 vocat
1059 3655 1170 3716 propter
1180 3655 1272 3714 gestam
1285 3665 1317 3702 ae
1329 3655 1407 3704 mous
1482 3657 1483 3688 ³

327 3739 396 3790 quae
422 3727 579 3777 iamdudum
596 3727 692 3779 saltem
710 3731 779 3780 intra
796 3733 853 3796 pri-
890 3729 1056 3778 varietatem.
1067 3727 1405 3791 Sicuoetgavtiomiiynn.

327 3805 402 3851 vatos
426 3803 542 3866 parietes
564 3803 591 3852 in
609 3815 659 3852 usu
677 3807 735 3853 erat
751 3809 853 3856 metro-
890 3801 974 3867 Apoll.
989 3803 1046 3851 iol.
1061 3803 1090 3852 et
1100 3803 1171 3864 virg.
1186 3799 1240 3851 Eoi.
1255 3801 1279 3860 6,
1293 3803 1344 3852 27:
1360 3801 1408 3850 lon
1482 3811 1483 3876 ἐ

326 3878 365 3926 nis
385 3877 422 3938 (ut
438 3877 612 3939 Semproniae
625 3878 696 3940 apud
709 3877 852 3931 Salustium
889 3891 950 3928 vero
968 3879 996 3926 io
1013 3889 1148 3926 esenowa
1166 3877 1317 3938 ramorum
1337 3878 1408 3940 soror
1482 3885 1483 3924 i

326 3951 464 4012 Catii),
491 3963 553 4000 cum
570 3951 765 4015 antiquioribus
783 3957 853 4005 tem·
890 3952 1160 4016 peccaminum.
1177 3975 1204 3988 ··
1222 3951 1408 4015 amitisto
1482 3951 1483 4024 i

326 4025 436 4089 poribus
461 4024 586 4076 indecora
613 4025 768 4078 haberetur.
804 4031 851 4081 Di·
891 4029 985 4079 ornatu
1003 4028 1137 4079 decons.»
1482 4035 1483 4078 1

325 4101 483 4164 stinguenda
506 4115 521 4150 a
541 4102 639 4152 Dianae
660 4103 749 4154 choris
770 4117 795 4154 v.
811 4107 850 4156 48.
923 4103 964 4153 20.
994 4104 1095 4154 Dionos
1111 4101 1223 4166 coletis]
1251 4101 1345 4153 «euius
1360 4100 1408 4150 dies
1482 4095 1483 4162 f

327 4177 393 4225 haec
406 4177 485 4226 etiam
497 4175 601 4228 saltatio
611 4175 768 4238 domestice,
781 4192 851 4242 quae
891 4177 974 4230 festus
991 4191 1088 4242 magna
1100 4177 1191 4242 populi
1209 4177 1408 4242 frequentiam·
1482 4189 1483 4210 ³

326 4265 340 4298 a
359 4252 444 4313 poetis
456 4252 526 4301 ctiori
536 4253 644 4303 nomine
657 4255 809 4317 insignitur,
824 4257 853 4304 ut
890 4252 1034 4304 letaretur.»
1064 4251 1157 4304 Tibull.
1172 4251 1200 4314 l,
1213 4251 1239 4314 l,
1252 4253 1301 4304 23:
1317 4249 1406 4302 hoelo
1482 4231 1483 4316 l

325 4327 443 4389 propert.
463 4327 488 4388 2,
502 4324 542 4387 st,
557 4325 605 4376 li:
633 4329 852 4378 odotouesmem-
890 4327 989 4378 --lam
1005 4327 1110 4390 celeber,
1129 4329 1183 4377 iem
1199 4327 1279 4378 uere
1296 4329 1354 4378 eris.
1482 4323 1483 4342 l
