2992 4978
503 447 624 498 maru.
660 449 739 498 cx.
1124 451 1187 516 407

269 602 366 668 Audis
389 622 455 690 quo
477 603 611 690 strepitu
634 605 745 680 ianua,
770 624 836 691 quo
859 625 972 671 nemus
1164 611 1184 672 5

269 725 354 789 luter
375 723 509 810 pulchra
532 733 636 790 satum
657 733 741 792 tecta
763 719 920 814 remugiat

269 845 392 923 Ventis,
416 855 450 912 et
470 846 593 932 positas
615 855 650 911 ut
671 845 787 932 glaciet
808 847 898 913 nives

352 967 437 1032 Puro
460 965 591 1032 numine
613 965 778 1053 Iuppiter?

267 1126 426 1211 Ingratum
448 1126 563 1191 Veneri
585 1144 671 1212 pone
694 1125 896 1212 superbiam,

268 1248 316 1313 Ne
338 1256 487 1313 currente
510 1256 597 1312 retro
619 1246 703 1313 lunis
726 1257 779 1313 eat
800 1257 880 1313 rota.
1144 1249 1184 1314 lo

167 1443 189 1492 6.
206 1444 279 1493 mauu
296 1443 330 1493 cd
347 1445 375 1494 et
396 1456 465 1492 corr.
484 1442 533 1504 bs,
560 1443 624 1493 item
643 1443 779 1506 (quattuor
800 1446 889 1494 tamen
912 1444 1041 1508 exceptis)
1065 1445 1149 1496 Codd.

138 1516 254 1567 Pottierii.
275 1519 389 1580 (lituos,
407 1514 505 1584 ΒΤ,γξι
522 1520 550 1568 et
560 1531 629 1568 corr.
642 1515 676 1578 β,
694 1516 786 1568 Bland.
806 1516 879 1579 tres.)
894 1539 922 1554 -
936 1519 959 1568 6.
973 1519 997 1569 7.
1010 1519 1153 1582 concupiui?

136 1590 211 1640 Sentis
232 1597 255 1642 et
276 1592 409 1644 Bentleius
430 1595 498 1643 coni.
520 1619 548 1628 -
566 1594 591 1643 8.
609 1594 682 1644 Doro
703 1592 837 1645 Bentleius
859 1595 927 1644 coni.
948 1619 975 1630 -
996 1595 1035 1644 ⁴0.
1054 1595 1105 1644 Nec
1120 1594 1149 1644 b.

139 1690 163 1699 -
179 1671 236 1716 roto
250 1669 320 1730 factis
335 1673 377 1719 eut
391 1673 451 1719 roto
466 1664 514 1733 μξ,
533 1667 616 1718 Bentl.
637 1669 677 1731 (lit
693 1680 756 1728 nos,
774 1667 859 1718 nostri
870 1669 898 1718 et
909 1669 1025 1719 Pottierii
1035 1670 1150 1732 omnes.)

107 1851 153 1900 que
169 1841 280 1893 humum
301 1845 429 1908 contegit,
457 1858 527 1897 nunc
547 1844 621 1896 caelo
659 1843 749 1908 elapso
775 1845 914 1895 machinae
939 1843 1095 1906 manubrio,
1125 1847 1183 1896 rota

105 1913 165 1964 sudo
190 1919 217 1966 et
239 1931 338 1970 sereno
363 1920 390 1970 in
415 1919 529 1983 glaciem
555 1933 622 1971 con·
658 1933 711 1970 una
728 1931 791 1970 cum
809 1919 870 1970 ione
888 1921 1183 1984 retroagaturvrpon-

106 1991 244 2042 vertatur.»
283 1995 389 2044 serenis
416 1997 507 2045 autem
536 1995 621 2045 nocti-
658 1993 743 2056 deris,
763 1993 836 2057 quod
852 1995 879 2044 in
891 2007 1021 2059 praeceps
1033 1994 1181 2056 descendit;

104 2058 149 2111 hus
164 2063 261 2126 glacies
280 2065 381 2118 facilius
392 2081 567 2119 concrescere
579 2081 622 2118 so-
658 2069 696 2120 aic
718 2069 745 2118 in
766 2071 878 2132 puteum
899 2067 984 2119 sitella
1001 2082 1086 2132 aquae
1103 2068 1183 2133 plena

104 2133 135 2184 let
145 2149 224 2200 quam
240 2140 379 2192 nubilosis.
391 2169 417 2181 -
437 2145 504 2193 Ρονο
520 2143 622 2192 contine
657 2141 700 2192 vel
716 2140 811 2205 lapidis
828 2140 913 2192 moles
931 2143 957 2191 in
974 2141 1060 2193 solum
1073 2142 1181 2193 decidit.

102 2209 212 2278 luppiter]
235 2215 305 2264 Cum
326 2215 431 2267 caelum
452 2217 540 2280 ipsum
559 2218 621 2278 lup-
657 2217 694 2265 lta
717 2217 805 2266 omnis
825 2214 902 2265 labor
922 2215 1019 2266 haustra
1041 2217 1183 2267 insumitur

99 2286 159 2344 pile
182 2287 300 2350 dicatur,
328 2291 366 2353 (ut
391 2291 439 2340 Od.
459 2292 487 2351 l,
515 2293 543 2352 i,
570 2291 617 2342 illl:
658 2293 685 2340 et
695 2302 778 2354 saepe
790 2289 895 2354 pondus
907 2288 979 2350 illud,
993 2290 1065 2353 quod
1074 2303 1182 2342 rursum

101 2366 178 2410 mouet
192 2361 237 2412 aab
253 2364 313 2412 loos
328 2365 430 2428 frictae.
459 2363 506 2414 Od.
526 2365 554 2425 l,
573 2365 618 2426 22,
657 2363 812 2426 tollebatur,
842 2365 1032 2415 comminuitur
1058 2363 1100 2415 vel
1123 2365 1181 2429 ipsa

101 2435 136 2485 ill.
161 2438 245 2502 Epod.
275 2439 319 2500 43,
347 2441 394 2504 2),
422 2441 512 2490 dicere
538 2441 619 2492 etiam
656 2440 780 2490 machina
789 2439 925 2503 trangitur.
936 2439 1111 2490 Prooemium
1122 2443 1182 2490 erat

101 2515 213 2573 poterat:
233 2517 527 2576 «utporosuouamiue
545 2517 620 2579 (nutu
656 2514 709 2564 hoc
734 2515 909 2573 Graecorum
936 2513 1042 2565 Aristid.
1069 2515 1178 2565 Panatb.

100 2597 128 2635 ac
158 2589 292 2652 potentia)
327 2589 476 2652 conglaciet
511 2591 618 2640 nives.»
656 2601 716 2652 pag.
748 2588 803 2638 ll8.
832 2587 925 2638 labb:
961 2583 1093 2639 ἐντεῦθεν
1124 2579 1181 2654 ἤδη

99 2661 269 2725 «Neutiquam
294 2677 387 2714 numm
409 2665 436 2715 h.
454 2662 471 2714 l.
491 2665 620 2728 significat
657 2659 765 2722 πάντα,
791 2655 888 2734 ὥσπερ
913 2661 1005 2715 κοίλου
1030 2657 1180 2734 ῥαγέντος,

99 2733 160 2785 lovis
187 2738 333 2802 imaginem
359 2738 541 2802 ior-mamque,
570 2740 620 2790 sed
657 2735 805 2809 ἐχώρησεν
839 2733 933 2788 ὀπίσω
961 2739 1012 2788 καὶ
1038 2736 1182 2790 διελέλυτο

98 2820 153 2859 eam
189 2812 326 2876 potentiae
364 2813 617 2875 manifestationem,
654 2807 805 2877 Ἀμαζόσιν
825 2806 845 2878 ἡ
866 2805 953 2882 α’ρχή.
989 2815 1095 2862 Lucian.
1114 2813 1180 2864 Dial.

97 2894 160 2944 quae
184 2885 251 2936 caeli
277 2889 449 2938 serenitatem
475 2887 565 2948 elficit,
593 2888 620 2936 et
657 2887 762 2936 Mareu.
782 2885 806 2935 3.
826 2888 908 2935 exin:
926 2883 968 2936 Συ)
985 2883 1016 2936 δὲ
1034 2882 1109 2937 πάνυ
1126 2901 1182 2947 χα-

97 2968 161 3018 quae
186 2973 249 3010 eam
275 2960 310 3010 ob
336 2975 445 3012 causam
470 2962 528 3026 ipsa
550 2975 621 3024 pauo
657 2955 729 3024 λσπῆ
747 2954 793 3010 ἀεὶ
806 2957 846 3026 τῷ
858 2953 1002 3031 ἀνθρώπῳ
1018 2961 1181 3027 γεγένησαι,

96 3030 267 3094 appellatur.»
287 3036 350 3085 liar
367 3036 402 3085 ad
419 3037 489 3098 Virg.
509 3038 574 3087 Aen.
594 3038 618 3096 l,
656 3033 707 3083 nol
724 3025 795 3120 ὅρα,
812 3028 855 3098 μὴ
872 3033 948 3083 κατὰ
958 3031 1012 3099 τὴν
1023 3039 1182 3105 παροιμίαν

95 3103 117 3152 8.
150 3108 263 3159 Bentleii
289 3111 368 3171 duro,
399 3110 510 3171 nemini,
546 3109 620 3172 quod
656 3103 867 3178 ἀπορρήξωμον
894 3106 970 3160 πάνυ
994 3110 1124 3160 τεὶνοισαι
1146 3107 1182 3161 τὸ

94 3180 186 3244 sciam,
214 3182 373 3247 probatum,
399 3185 547 3235 sententiae
564 3185 619 3234 vim
656 3180 809 3233 καλώδιον.
845 3182 938 3246 adegit
955 3185 1087 3234 sententia
1104 3185 1183 3248 igitur

94 3255 169 3317 alque
187 3258 352 3308 evidentiam
369 3259 510 3309 imminuit.
656 3258 724 3308 haec
742 3260 796 3308 est:
817 3271 866 3308 «ne
885 3259 913 3306 et
929 3259 1016 3308 omnis
1033 3261 1181 3322 operante

123 3329 146 3378 9.
164 3331 309 3397 Iuprotom]
326 3333 451 3396 Agathias
466 3333 545 3384 Anth.
563 3331 617 3383 Pal.
656 3333 790 3396 insumpta
807 3333 834 3382 iu
851 3331 1018 3382 ludificandis
1030 3332 1182 3386 amantibus

92 3403 109 3452 l.
134 3417 161 3468 p.
189 3408 254 3456 rit:
285 3403 394 3477 Κύπρις
420 3403 477 3479 γὰρ
503 3403 541 3458 τὰ
564 3407 619 3473 μὲν
656 3409 682 3459 iu
709 3419 816 3459 emaum
841 3408 1001 3471 suscipiatur
1027 3409 1055 3457 et
1075 3409 1105 3458 tu
1124 3409 1183 3472 ipsa

91 3470 162 3530 ἄλλα
178 3480 369 3549 παλίγκοτος·
389 3477 420 3532 ἓν
436 3481 468 3535 δέ
484 3498 512 3534 τι
528 3480 619 3534 καλὸν
655 3497 756 3548 poenas
774 3483 916 3546 superbiae
932 3485 993 3532 tuae
1011 3481 1095 3532 luas.»
1118 3483 1182 3546 (Nu-

92 3547 242 3618 Ἐλλαχεν,
273 3556 420 3629 ἐχθολρειν
448 3553 500 3620 τὰς
525 3557 618 3620 σοβα-
655 3571 704 3623 per
726 3557 836 3620 quidam
860 3557 983 3622 probau't
1005 3555 1092 3606 schol.
1114 3557 1180 3609 Cod.

90 3633 260 3697 ρεσομένας.
655 3633 686 3680 v.
721 3631 929 3694 vanderburgii:
971 3631 1082 3682 «Potest
1120 3644 1181 3682 esse

122 3705 162 3755 lo.
172 3709 211 3758 Νο
219 3713 336 3758 currmte
344 3708 406 3772 cet]
414 3709 560 3758 construo:
573 3722 619 3758 aaa
656 3707 770 3756 uectum
787 3719 803 3755 a
820 3704 889 3757 ludis
900 3718 1062 3770 puerorum,
1082 3707 1128 3770 qni
1139 3719 1182 3756 ro-

88 3785 155 3830 retro
176 3787 297 3832 οσονοοισ
316 3788 375 3832 roto
395 3783 475 3833 eliam
491 3781 559 3846 saluis
577 3787 618 3832 eol
655 3777 708 3830 tula
718 3780 835 3843 quadam
847 3779 949 3842 ludunt,
960 3780 1098 3830 trahentes
1105 3779 1142 3829 ad
1150 3793 1180 3831 se

89 3859 194 3915 reiron
223 3857 260 3906 ita
282 3859 312 3906 ut
334 3861 402 3906 retro
419 3857 454 3908 ad
471 3861 616 3921 utrumque
653 3853 696 3905 vel
713 3855 823 3918 corrigia
841 3854 885 3905 vel
902 3853 959 3916 filo,
978 3853 1050 3918 quod
1063 3853 1181 3905 relaxata

89 3929 204 3980 verbum
221 3933 367 3996 pertineat:
387 3945 449 3982 uam
461 3930 618 3996 simpliciter
654 3943 736 3980 mauu
753 3943 769 3980 a
786 3933 858 3980 retro
876 3931 1000 3981 volvente
1018 3929 1075 3978 rota
1093 3931 1181 3979 retra-

86 4003 172 4063 simem
188 4006 243 4066 ire,
261 4019 310 4069 pro
326 4011 396 4056 retro
412 4007 450 4056 ire
466 4007 509 4056 vix
525 4006 616 4057 dicere
654 4005 750 4053 bitur.»
785 4003 837 4054 Sed
854 4005 917 4054 huic
934 4001 1100 4067 explicationi
1118 4003 1179 4052 aute

87 4079 203 4138 poterat.
242 4080 309 4130 Cum
337 4079 442 4144 pondus
469 4079 616 4143 qualecun-
654 4079 742 4128 omnia
760 4078 850 4129 obstat
868 4091 894 4127 v.
910 4078 991 4142 sucu,
1011 4091 1064 4141 quo
1081 4077 1109 4127 iu
1128 4078 1180 4127 hoc

87 4163 139 4213 que
158 4152 223 4203 lune
243 4166 324 4218 super
340 4156 426 4205 rotam
448 4156 510 4218 apto
530 4155 555 4203 in
576 4153 616 4204 al·
654 4151 716 4202 ludo
724 4152 804 4202 eliam
816 4153 888 4216 apud
898 4165 946 4203 nos
957 4153 1095 4202 notissimo
1103 4151 1179 4214 pueri

86 4229 144 4276 tum
156 4227 299 4290 attollitur,
318 4229 452 4279 interdum
464 4228 569 4289 accidit,
587 4230 617 4277 ut
654 4241 706 4277 uon
724 4229 807 4292 magis
824 4229 924 4278 Horatii
950 4225 1115 4290 temporibus
1141 4225 1178 4274 uti
1251 4257 1254 4262 -

87 4303 166 4366 rupto
185 4302 249 4352 lune
266 4301 308 4354 vel
327 4317 360 4354 ex
377 4304 478 4368 opificis
491 4301 614 4354 manibus
652 4305 787 4365 poteraut,
808 4315 890 4364 quam
907 4315 977 4352 nuuc
992 4297 1121 4364 possunt.)
