3078 4978
644 484 648 490 ¹
700 427 828 478 nourrii
847 427 974 478 Eronos

576 889 1002 951 'cmm

465 1061 582 1125 Beatus
605 1058 673 1135 ille,
697 1059 753 1147 qui
777 1057 889 1146 procul
914 1057 1069 1145 negotiu,

507 1180 546 1246 Ut
568 1180 673 1266 prisca
696 1199 776 1266 geos
797 1177 1002 1256 mortalium,

463 1303 599 1367 Paterna
622 1322 696 1366 rura
721 1301 825 1367 bobus
848 1311 978 1366 exercet
999 1301 1085 1376 suis,

507 1421 636 1488 Solutus
660 1424 746 1488 cinni
769 1421 896 1497 fenore,

359 1603 389 1651 ll.
410 1602 491 1652 inser.
511 1601 579 1666 volg.
598 1602 675 1666 alites
692 1599 734 1651 vel
752 1603 840 1652 Oratio
856 1601 923 1666 arat.
945 1629 972 1636 -
995 1603 1076 1652 Vitam
1094 1603 1269 1666 aprimtorum
1284 1619 1351 1656 nuu-

329 1691 373 1726 mc
390 1678 571 1740 troumrttlitate
587 1691 674 1728 mmm
690 1683 842 1729 sesumam
855 1678 1015 1739 persequitur
1031 1677 1060 1728 B.
1088 1706 1113 1714 —
1143 1680 1270 1730 laudabo
1285 1683 1352 1730 ottae

327 1753 436 1802 rusticae
453 1765 476 1802 c.
497 1778 525 1800 ψ
545 1752 569 1802 3.
588 1753 666 1802 tubas
681 1751 757 1814 Sd‚b.

291 1953 293 1958 .
328 1893 357 1960 ll'.
386 1908 489 1959 inducit
505 1907 616 1970 Alfium,
640 1909 818 1960 feneratorem
858 1909 972 1962 situdiue
990 1909 1107 1974 quadam
1124 1909 1220 1964 indolis
1237 1925 1303 1962 suae
1320 1925 1382 1964 coe-

294 1983 455 2034 ditissimum
474 1983 557 2046 (cuius
576 1984 739 2034 mentionem
756 1983 820 2037 facit
858 1987 931 2044 ctus,
950 1983 1019 2036 illico
1031 1985 1065 2036 nd
1076 1987 1216 2049 pristinem
1232 1986 1299 2036 lucri
1311 1990 1382 2053 cupi-

295 2059 374 2108 etiem
393 2055 538 2108 Columella
555 2059 581 2120 t,
595 2058 666 2118 m:
696 2059 737 2110 Vel
753 2058 820 2120 opti·
857 2058 968 2108 ditetem
979 2057 1050 2109 redit
1065 2058 1209 2110 fenerator.
1241 2061 1383 2111 «aarum

293 2147 337 2182 mo
372 2133 476 2182 comino
507 2147 556 2182 uon
588 2133 737 2195 appellando
763 2134 820 2198 ficri
855 2133 1381 2196 expeumsercetameuusesereum.»

293 2207 364 2257 mato
379 2208 506 2270 fenerator
522 2208 601 2272 Allius
624 2209 717 2258 dicere
739 2209 820 2258 uerse
855 2206 949 2258 Audivi
980 2205 1135 2270 aliquando,
1174 2209 1220 2270 qui
1248 2208 1381 2272 epilogum

293 2285 355 2331 amc
369 2282 486 2346 fertur),
513 2283 612 2347 optima
635 2283 687 2334 fide
711 2282 820 2347 praedi·
856 2279 930 2331 illum
953 2295 968 2330 a
991 2284 1070 2344 pocta
1092 2281 1212 2332 additum
1230 2296 1312 2346 aegre
1331 2285 1382 2334 fer-

295 2358 402 2406 cnntem
426 2355 628 2406 innumerabilia
651 2358 720 2407 vitoe
739 2357 819 2408 rusti·
857 2359 910 2416 ret,
930 2357 999 2406 miro
1016 2359 1108 2420 utique
1127 2357 1242 2416 iudicio;
1270 2371 1333 2408 nam
1351 2371 1382 2408 ec

295 2444 342 2480 cae
354 2429 492 2492 gaudiaae
504 2429 629 2490 delicias;
649 2433 762 2494 optima,
781 2435 820 2482 in·
856 2433 961 2482 resecto
988 2443 1041 2482 non
1067 2431 1232 2482 haberemus
1254 2433 1304 2482 nisi
1327 2431 1382 2482 lau·

295 2515 386 2567 quam,
399 2503 466 2562 tidc;
480 2517 542 2554 nam
554 2505 580 2554 in
592 2504 700 2567 singulis
709 2505 819 2569 quidem
858 2503 921 2555 dum
934 2506 1003 2555 vitae
1016 2506 1133 2556 rusticae
1150 2505 1383 2570 amplificationem

295 2579 434 2628 sententiis
453 2576 523 2627 nulla
540 2579 610 2628 inest
626 2581 772 2649 εἰρωνεία,
791 2583 820 2630 ut
857 2580 1033 2640 rhetoricam,
1062 2581 1119 2630 sinc
1142 2579 1252 2634 consilio
1278 2593 1311 2631 sc
1332 2581 1382 2632 fine

294 2653 367 2702 ratus
385 2655 426 2702 est
443 2665 578 2703 nonnemo
595 2655 692 2716 partim
709 2657 819 2717 propter
857 2653 1039 2715 decantatam,
1059 2655 1183 2704 Vanierio
1200 2668 1233 2705 ec
1250 2657 1382 2708 Gessnero

293 2741 318 2776 v.
332 2725 392 2788 ta,
422 2727 519 2790 partim
536 2729 647 2791 propter
664 2727 818 2790 frugalitatis
856 2742 921 2778 sane
939 2741 1020 2791 quam
1039 2729 1146 2778 Horatio
1173 2728 1333 2791 digniorem.
1354 2757 1379 2768 -

294 2799 386 2852 londes
412 2815 455 2852 vv.
475 2801 515 2852 to.
543 2816 628 2866 usque
649 2803 684 2853 ad
704 2817 729 2852 v.
756 2804 816 2863 60.‚
856 2803 975 2852 imitatus
1000 2815 1061 2852 esse
1079 2803 1130 2854 hoc
1148 2816 1259 2854 carmen
1276 2803 1381 2856 videtur

294 2889 361 2938 quas
379 2875 520 2926 feneratori
544 2877 632 2927 miuus
654 2879 817 2928 convenien-
857 2877 979 2930 Martialis
991 2877 1015 2938 3,
1029 2878 1068 2928 58.
1082 2879 1222 2942 (Scriptum
1234 2883 1382 2943 putatGro·

295 2952 334 3000 tes
360 2949 477 3000 rebatur.
524 2950 561 3014 (ld
590 2964 673 3002 ununr
705 2952 817 3002 fortasse
856 2952 1379 3013 terendam.recrudesceret.

294 3023 406 3074 concedi
420 3027 533 3088 poterat,
552 3023 678 3076 blandam
696 3039 760 3076 sane
779 3025 818 3076 fe·
856 3027 1018 3076 Laclrmanni
1037 3029 1197 3078 sententiam
1216 3030 1339 3092 excerpsi
1356 3029 1381 3080 in

294 3099 410 3148 neratori
431 3100 488 3148 ditis
511 3101 598 3148 decutet
619 3113 644 3149 v.
664 3100 704 3150 uti.
725 3101 818 3162 imagi·
856 3101 975 3150 Excursu
993 3101 1023 3162 l.)

295 3186 357 3222 neni
375 3173 446 3222 hand
463 3175 571 3224 omnino
589 3175 717 3244 εἰρωνείᾳ
735 3174 818 3224 desti·
889 3173 960 3226 t-t.
978 3176 1091 3239 repotiis]
1116 3176 1235 3226 «cunctis
1251 3178 1323 3229 vitae
1340 3191 1381 3228 ur·

295 3249 379 3298 tutem
396 3261 470 3309 esse,
490 3249 539 3298 emi
556 3249 607 3298 hoc
624 3263 732 3312 quoque
749 3261 818 3312 opu·
855 3248 942 3300 banne
955 3248 1112 3310 molestiis»,
1131 3250 1294 3314 quibuscum
1306 3265 1380 3304 eom-

293 3320 419 3373 fentiores
455 3323 556 3385 quique
588 3323 680 3374 rustici
708 3324 818 3374 Romani
855 3325 978 3387 peretum
995 3325 1175 3387 gratissimum
1188 3327 1290 3376 exsistit
1300 3339 1379 3378 omne

293 3395 377 3448 libere
395 3411 427 3448 ac
448 3397 506 3448 sinc
524 3397 649 3448 assutiae
667 3398 817 3461 suspicione
855 3411 923 3462 opus
956 3400 1095 3450 rusticum.
1127 3427 1155 3436 -
1186 3402 1276 3462 prisce
1308 3400 1378 3465 peras]

292 3472 818 3541 pronuntiarepotersnt,)Verumefpo-
855 3486 935 3522 aures
954 3473 995 3524 illa
1013 3477 1097 3525 aetas.
1120 3501 1147 3512 -
1174 3477 1285 3526 reema
1305 3476 1376 3536 m]

292 3545 355 3596 esta
371 3547 497 3610 quattuor
513 3545 623 3597 demum
644 3544 742 3598 ultimis
759 3559 819 3596 ver-
856 3560 945 3612 «quac
988 3562 1040 3600 non
1080 3549 1260 3614 emptionibus
1303 3555 1377 3600 aucta

293 3617 382 3670 siculis
405 3619 499 3672 festive
525 3621 672 3672 admodum
694 3624 721 3671 et
738 3615 817 3690 παρὰ
854 3623 929 3682 sunl,
964 3623 1013 3674 sed
1040 3637 1054 3673 o
1081 3627 1156 3688 patre
1183 3627 1210 3674 et
1234 3625 1379 3676 maioribus

294 3690 470 3760 προσδοκίαν
486 3697 637 3760 prorumpit
650 3695 818 3760 nosquedo-
855 3698 1003 3750 hereditate
1029 3700 1100 3750 beato
1125 3699 1159 3750 illi
1182 3699 1304 3750 tradita·
1338 3701 1380 3750 Sic

293 3769 337 3816 cet
361 3767 387 3816 in
414 3781 446 3817 eo
472 3783 526 3820 uno
552 3769 705 3821 elaborasse
731 3772 817 3820 llore-
857 3772 929 3836 apud
958 3772 1132 3825 Columellam
1161 3773 1246 3824 Praef.
1278 3775 1305 3832 t,
1333 3773 1376 3824 t3:

293 3841 371 3902 tium,
399 3843 429 3892 ut
449 3843 584 3896 hominem
608 3845 649 3896 vel
672 3847 817 3896 etiamtunc
855 3847 1027 3898 Cincinnatus
1056 3849 1091 3898 ort
1118 3853 1238 3910 eumcum
1265 3849 1378 3912 term

293 3916 428 3966 viventem
440 3915 482 3966 vel
494 3931 527 3968 ex
538 3920 655 3970 recentis
669 3921 817 3970 memoriae
854 3922 950 3972 nolimu
982 3923 1135 3974 taediatus»
1166 3922 1208 3984 (ex
1240 3922 1376 3984 dictatore)

293 3990 477 4040 recordatione
500 3991 625 4043 omnibus
643 3992 707 4042 satis
724 3995 817 4044 uotum
854 3995 941 4046 rediit.
968 4021 997 4033 -
1024 3997 1136 4060 abaco]
1164 3995 1294 4060 «subigit,
1313 3997 1376 4054 arai,

293 4064 433 4116 ridiculum
454 4064 588 4116 redderet.
619 4066 735 4128 Etenim,
755 4079 816 4119 com
854 4069 970 4133 propriis
983 4071 1073 4120 tamen
1085 4069 1188 4130 bobus,
1207 4082 1260 4120 non
1273 4067 1377 4119 oliunde

294 4141 401 4191 iamiam
418 4141 444 4190 in
462 4155 495 4192 eo
512 4143 599 4202 esset,
617 4143 647 4191 ut
663 4143 703 4192 tot
720 4143 817 4194 tautae-
855 4143 1019 4194 conductis.»
1037 4144 1109 4208 virg.
1123 4145 1168 4194 Ge,
1183 4144 1210 4203 t,
1224 4143 1271 4192 99:
1295 4143 1377 4192 Erer-

295 4226 347 4277 que
372 4215 522 4280 voluptates
556 4215 622 4266 facili
656 4229 736 4281 opera
765 4215 816 4268 sibi
853 4223 938 4280 colpus
959 4219 1076 4281 frequens
1097 4217 1209 4268 lederun
1231 4222 1306 4279 cipue
1330 4217 1377 4266 im-

293 4293 414 4354 peraret,
433 4289 504 4342 relut
520 4291 628 4353 invitus,
654 4289 702 4342 sed
720 4305 816 4342 neces·
850 4297 926 4354 perat
938 4294 1015 4342 amris.
1034 4292 1073 4342 lb.
1087 4293 1116 4355 2,
1130 4291 1193 4342 356:
1210 4303 1297 4354 premo
1308 4303 1378 4340 naeu
