2992 4978
524 457 584 506 nis.
603 457 646 506 1u.
682 457 711 506 e.
731 457 773 506 1v.
1141 457 1204 522 373

447 611 880 673 EXCUBSUSL

190 761 306 814 Nondum
323 764 387 815 satis
404 762 544 829 diligenter
560 763 720 828 expendisse
735 764 871 826 videntur,
891 765 1026 830 quomedo
1042 768 1069 818 in
1086 767 1138 818 hoc
1149 779 1207 817 eer-

133 847 195 896 mine
217 849 311 899 summi
336 849 438 900 ertiflcii
462 849 542 912 pleno
568 849 691 900 Horatius
711 862 764 900 una
784 849 934 914 eademque
956 863 1038 915 opere
1058 853 1155 915 partim
1176 863 1206 901 ss

132 941 210 993 ipsum
231 931 332 983 felicem
354 934 491 985 Musarum
514 945 575 984 esse
598 931 730 983 cultorem
751 934 873 997 quamvis
895 933 1018 986 modeste
1034 933 1205 999 praedicarit,

132 1015 217 1076 pertim
233 1017 393 1080 Augustum,
411 1017 523 1081 politicis
535 1015 630 1068 studiis
646 1017 711 1067 item
729 1017 875 1079 iuuentem,
895 1019 954 1082 ipsc
970 1017 1023 1068 hoc
1037 1017 1208 1068 humanitatis

130 1097 209 1150 studio
231 1100 339 1151 ductum
362 1102 390 1151 et
412 1101 548 1165 sapienter
569 1103 597 1150 et
619 1099 767 1152 clementer
784 1101 810 1150 in
827 1114 857 1151 re
874 1100 981 1165 publicu
998 1101 1208 1153 administranda

131 1185 234 1244 versari,
265 1197 297 1235 ec
323 1187 465 1249 propterea
491 1183 592 1234 insanis
615 1185 643 1234 et
663 1183 772 1236 ueieriis
796 1185 900 1235 Antonii
923 1183 1102 1250 aliorumque,
1129 1184 1208 1248 Gelli,

130 1264 220 1328 Egnatii
236 1268 292 1318 Ruti
309 1282 341 1318 ec
357 1267 495 1328 similium,
523 1269 624 1319 conatis
640 1269 807 1332 superiorem
824 1281 933 1334 semper
949 1269 1081 1320 mansisse
1098 1281 1209 1321 mensu-

129 1361 233 1412 rnmque
255 1365 314 1402 esse
338 1351 541 1413 demonstrarit,
568 1350 759 1402 simulantem
781 1353 866 1402 totum
888 1365 939 1417 per
963 1365 1073 1403 carmen
1096 1354 1208 1417 poeticis

129 1433 275 1496 imaginihus
291 1436 388 1500 purtim
406 1449 439 1485 ex
455 1436 575 1486 amoenis
592 1434 681 1486 ltaliae
698 1434 865 1498 regionibus,
884 1437 980 1500 partim
998 1437 1105 1487 Graecis
1123 1450 1156 1488 ex
1167 1436 1208 1487 in-

90 1585 92 1590 .
128 1515 189 1568 bulis
205 1520 321 1583 repetitis
339 1521 445 1570 ceteros
462 1517 577 1570 lectcres
589 1516 724 1586 delectere
735 1531 767 1568 uc
778 1518 947 1584 permulcere
964 1519 1103 1571 studuerit.
1136 1518 1207 1571 Alias

127 1599 158 1649 de
180 1603 301 1654 carminis
327 1605 484 1667 argumento
510 1604 657 1655 sententias
682 1603 782 1655 videsis
807 1603 879 1668 apud
904 1604 1025 1655 lehnium
1049 1604 1117 1655 Anu.
1141 1603 1205 1669 phil.

128 1683 192 1734 1839,
211 1686 296 1736 xxvi.
316 1685 340 1738 t.
360 1700 386 1751 p.
405 1686 463 1738 ier.
483 1689 511 1737 et
527 1685 761 1751 Dillenburgerum
776 1701 803 1752 p.
821 1687 862 1738 8t.

434 2001 884 2063 EXCUBSUSIL

592 2137 631 2186 Au
647 2150 673 2185 v.
692 2135 733 2187 53.

183 2257 387 2321 «Ueterrdcttip
406 2259 433 2306 in
450 2258 541 2308 Grdsse
558 2257 611 2306 ced
627 2257 721 2307 Gmtclt
740 2257 802 2308 steti
819 2257 865 2306 des
883 2257 1019 2320 Unpettiltm
1036 2256 1135 2318 Tpptnn
1151 2256 1207 2305 aem

123 2339 178 2388 ltu
192 2341 347 2405 cormeum
373 2341 511 2391 crecere
525 2340 672 2390 memmei
687 2341 741 2391 ene
757 2340 883 2403 renue,
906 2341 973 2391 wire
989 2353 1014 2390 e
1030 2339 1067 2389 re·
1082 2339 1206 2389 euenie-

122 2425 219 2485 predem
237 2425 347 2490 Umlcep
363 2425 440 2475 scires
455 2423 566 2486 ilaepm
581 2425 661 2474 duret
680 2425 767 2489 Fltipel
784 2425 837 2474 eud
852 2424 1004 2488 zweisaclien
1019 2423 1207 2488 Sctlcupcnlctt

120 2507 257 2568 ilecttbw
276 2511 324 2560 deu
341 2509 478 2560 tutamen
493 2509 555 2559 Zeus
571 2507 644 2559 blickt
660 2522 686 2558 cr
701 2510 794 2574 trctzip
811 2523 846 2558 an
861 2509 914 2560 end
928 2508 1015 2558 scierit
1031 2507 1077 2557 mii
1087 2507 1207 2558 eiecere

120 2593 261 2652 aevaeum
277 2594 372 2644 Amen
389 2595 441 2644 sete
457 2593 669 2644 eneretricis
686 2593 898 2644 Setbstvertrneon
914 2594 965 2642 illm
982 2592 1204 2655 numerem.»

119 2675 240 2727 Gssmm.
