3012 4978
538 473 669 527 CARMEN
687 475 860 530 SECULARE.

316 633 404 697 Litus
427 631 596 698 Etruscum
622 641 756 698 tenuere
778 642 921 709 turmae,

316 754 408 818 lussa
429 772 505 840 pars
527 762 652 818 mutare
674 752 773 819 Lares
798 764 831 819 et
851 753 966 821 urbem

403 874 530 961 Sospite
553 895 669 948 cursu,

315 1022 373 1088 Cui
396 1043 456 1110 per
477 1021 645 1090 ardentem
665 1023 737 1091 sine
759 1023 873 1092 fraude
895 1025 1021 1094 Troiam

318 1143 433 1210 Castus
454 1145 580 1212 Aeneas
602 1143 725 1232 patriae
747 1155 914 1233 superstes

317 1261 468 1330 Liberum
491 1265 625 1331 munivit
648 1265 723 1340 iter,
746 1265 881 1334 daturus

399 1383 495 1451 Plura
518 1385 656 1453 relictis:

316 1536 369 1610 Di,
392 1536 513 1623 probos
535 1558 643 1604 mores
667 1537 763 1606 docili
785 1539 952 1614 iuventae,
1189 1543 1229 1605 ts

314 1657 369 1734 Di,
394 1659 550 1726 senectuti
572 1657 720 1747 placidae
742 1661 899 1748 quietem,

210 1817 251 1867 39.
269 1816 394 1868 arteriis
412 1817 472 1880 (non
485 1816 522 1880 b).
538 1846 566 1856 -
585 1818 625 1870 ts.
644 1820 730 1870 dodlis
747 1832 809 1871 cum
826 1833 867 1885 pr.
879 1819 971 1871 Battel.
991 1818 1035 1886 (a)
1052 1821 1194 1874 Bentleius.

179 1917 207 1928 —-
227 1891 267 1942 io.
286 1892 416 1941 senectutis
431 1889 481 1952 βικ
506 1895 548 1943 «et
559 1893 613 1944 dno
628 1893 670 1944 alii
683 1895 813 1946 interieris
823 1897 926 1956 notae»,
940 1895 994 1944 duo
1006 1895 1069 1946 item
1081 1897 1196 1960 Bersm.,

177 1965 232 2016 doe
253 1967 383 2026 Pottierii,
402 1966 544 2019 Bentleius.
573 1995 601 2004 -
627 1969 757 2031 placidam
773 1985 796 2018 ω
814 1969 886 2033 (oum
901 1981 959 2020 var.
982 1967 1042 2020 leot.
1059 1971 1196 2036 placidae),

177 2041 291 2092 llcimen
307 2040 472 2106 Peerlkamp.
493 2043 532 2106 tiit
548 2055 613 2104 nos,
633 2043 707 2107 libo.)

143 2179 310 2232 anennullis
328 2181 535 2246 reprehensum,
562 2182 668 2233 videtur
704 2184 756 2233 tice
774 2183 896 2245 iungant:
923 2187 1023 2233 terrare
1042 2184 1132 2246 sospite
1154 2197 1230 2235 merri

142 2255 245 2306 reterre
286 2267 440 2306 sermenem
483 2255 665 2307 formularum.
704 2257 762 2306 litis
777 2256 926 2314 Emesam,
945 2257 1051 2307 Lavinia
1068 2254 1153 2308 litora.

143 2330 224 2381 Certo
242 2330 323 2380 etiam
340 2330 414 2380 ovid.
428 2331 490 2381 liet.
504 2329 534 2390 ι,
554 2331 599 2381 st:
617 2333 668 2381 Pa-
736 2328 825 2381 it-it.
852 2331 905 2379 stne
919 2330 1017 2395 preside]
1038 2331 1109 2382 «stne
1127 2331 1227 2382 damno

141 2408 215 2454 cmm
243 2403 371 2465 mitisque,
406 2409 500 2467 repant
523 2405 666 2467 lassatam,
704 2407 750 2455 ant
776 2405 894 2469 pernicie
921 2407 1027 2456 Aeneae
1054 2408 1228 2470 omniumque

142 2478 218 2528 adria.
239 2505 267 2514 -
291 2477 373 2542 Lame]
397 2479 486 2529 Lunae
510 2478 577 2530 deae
599 2481 667 2531 lma·
705 2479 762 2530 eius
779 2479 940 2536 comitumr3
960 2483 990 2528 ιιι
1006 2478 1053 2530 Οιι,
1067 2481 1096 2540 2,
1116 2481 1162 2542 itt,
1182 2481 1227 2531 ⁴9:

141 2554 232 2616 pinam
249 2563 312 2601 cnm
329 2551 511 2614 antiquissima
524 2553 603 2604 inser.
617 2555 667 2604 La-
704 2555 774 2604 Nede
802 2557 900 2603 coerces
928 2555 1042 2616 viperino
1075 2555 1230 2605 Bistonidum

141 2627 196 2677 tina
207 2625 312 2676 tostis
322 2626 384 2677 ride
396 2627 423 2676 in
435 2627 554 2677 Gerlrard
564 2627 665 2678 Ειιιιιιι.
702 2631 756 2678 aiae
769 2627 862 2691 peada
877 2629 965 2678 eines.
986 2627 1060 2692 (Male
1076 2630 1183 2680 Servius
1194 2628 1229 2678 ad

141 2700 240 2764 spiepei
255 2701 286 2750 N.
299 2699 406 2750 CLXXI.
422 2727 449 2738 —·
459 2701 585 2767 paratim]
599 2704 667 2754 Cum
703 2706 769 2753 Aen.
789 2704 816 2764 ι,
834 2701 892 2753 ιιι,
913 2705 966 2752 sine
983 2703 1075 2766 fraude
1095 2704 1230 2767 interpre-

141 2774 208 2840 qaid
218 2773 367 2839 supplicare
377 2773 495 2826 debeant
503 2775 577 2826 chori
589 2789 665 2840 seqq.
705 2778 775 2826 tatur
786 2775 858 2828 «sine
870 2775 1019 2840 proditione
1028 2815 1033 2837 ‚
1042 2793 1055 2820 ι
1074 2789 1155 2839 quam
1167 2782 1231 2840 poe-

140 2849 266 2901 versihus
283 2853 438 2914 exponatur,
458 2850 501 2900 hic
518 2849 596 2901 colon
617 2861 667 2914 po-
704 2851 760 2909 tae,
782 2847 826 2899 vel
842 2849 864 2899 sl
881 2851 1042 2913 purgaturus
1060 2853 1145 2910 esset,
1168 2849 1194 2899 h.
1211 2848 1228 2900 l.

141 2924 261 2976 nendum
278 2926 349 2984 erat,
367 2937 422 2974 non
439 2935 502 2974 cum
513 2923 570 2974 aliis
582 2925 668 2974 mator
704 2934 919 2973 commemorare
945 2922 1154 2986 haudquaquam
1180 2923 1231 2973 de-

140 2997 286 3056 dislinctic,
314 3009 367 3060 qua
388 2996 587 3048 dissecarentur
603 3011 667 3049 sen-
704 3009 799 3047 comm
819 2995 934 3058 misssi.)
958 3023 986 3032 —
1011 2997 1111 3063 Castus]
1135 2997 1228 3061 «pius,

142 3071 250 3123 mattae.
703 3071 747 3121 oui
763 3071 906 3135 propterea
923 3069 1079 3121 inventos..
1102 3071 1145 3120 Slc
1161 3071 1230 3121 lnce-

173 3143 275 3196 ar-io.
299 3143 406 3209 ri-eat]
432 3147 473 3196 nsi
497 3147 552 3207 est,
578 3146 609 3196 ut
626 3149 668 3196 est
703 3149 766 3204 ιιιιε,
786 3144 892 3207 impius,
912 3143 959 3194 od.
978 3143 1010 3204 3,
1036 3145 1064 3204 2,
1084 3143 1125 3194 30.
1155 3144 1227 3208 virg.

141 3231 270 3284 reapse.»
312 3219 342 3269 ln
366 3218 494 3283 precibus
520 3219 668 3272 modestior
703 3219 885 3281 samm-ddi:
911 3219 1008 3281 Quique
1026 3220 1166 3269 medates
1184 3231 1230 3269 ca-

140 3292 269 3360 pariicula
294 3305 376 3358 qaam
402 3295 531 3354 puericia.
561 3295 666 3346 Etenim
702 3294 743 3344 sti.
764 3319 792 3330 -
810 3291 896 3357 mea]
916 3292 1088 3343 «condituras
1108 3303 1159 3356 per
1178 3305 1230 3356 po-

140 3371 181 3421 sio
207 3367 359 3432 procedunt
386 3369 547 3420 sententiae:
578 3371 667 3430 «Quo-
703 3370 790 3419 steros
807 3378 872 3418 suos
889 3366 1031 3430 imperium
1048 3367 1161 3418 Troiano
1179 3379 1230 3430 po-

141 3446 213 3495 niam
224 3443 667 3507 liemaresnumestopusetiam
703 3442 834 3493 tanaus.»
864 3467 892 3478 -
922 3441 1126 3504 Antiquissima,
1160 3453 1229 3504 quae

139 3521 167 3569 tn
184 3521 323 3582 postemm
335 3517 359 3567 al
372 3529 532 3581 quocunque
544 3517 625 3568 medo
637 3521 668 3569 ut
703 3529 775 3566 nuno
792 3516 892 3576 exstet,
911 3516 1010 3566 mentio
1027 3509 1230 3581 speciacialius

139 3592 264 3651 faveatis,
282 3603 453 3657 precamur.»
475 3615 503 3628 -
532 3596 667 3642 cosinen-
704 3586 822 3661 Φρυγῶν
847 3589 917 3638 duce
941 3591 1032 3639 Aenea
1054 3589 1187 3653 reperitur
1202 3589 1229 3639 in

139 3666 211 3732 epea]
232 3667 364 3730 quatem
379 3664 473 3730 Apollo
491 3664 557 3730 (oui,
576 3668 606 3716 ιιι
621 3679 667 3717 so-
704 3661 841 3728 Scplroclis
853 3663 1011 3713 Laocoontis
1025 3663 1066 3713 Fr.
1079 3662 1136 3715 ota.
1151 3664 1227 3715 Dind.

139 3739 191 3800 let,
217 3741 333 3803 iungitur
358 3739 445 3802 soror)
471 3741 591 3790 Aeneam
612 3740 667 3790 lta-
736 3735 825 3788 itt-is.
851 3736 896 3800 Di]
917 3737 1038 3801 proxima
1061 3737 1178 3788 retertur
1195 3736 1230 3788 ad

138 3813 202 3865 liam
227 3815 320 3882 petere
346 3813 469 3864 iusserat.
506 3814 577 3878 virg.
598 3817 663 3865 Aen.
702 3810 851 3876 Apollinem
872 3813 900 3860 et
920 3812 1041 3861 Dianam.
1063 3837 1090 3848 -
1113 3813 1231 3863 resectati

138 3888 168 3950 i,
191 3887 255 3940 stt:
280 3889 330 3939 Sed
346 3901 412 3938 amre
428 3888 531 3940 ltaliam
545 3901 666 3953 mapsam
699 3887 818 3950 placidae
838 3885 956 3949 coutens]
982 3884 1229 3950 «sanquotttatem,

138 3963 255 4025 &paeto
269 3961 371 4026 Apelle,
388 3963 491 4014 ltaliam
506 3965 599 4028 motae
611 3965 666 4014 ius-
703 3973 785 4026 quam
806 3961 886 4012 unice
903 3962 1009 4026 optant,
1028 3960 1138 4012 senibus
1156 3961 1227 4023 date,

138 4051 193 4090 serre
222 4049 350 4100 capsam
383 4043 469 4090 sortes.
506 4039 558 4090 Cir.
584 4039 666 4090 eiiam
702 4039 732 4087 ut
757 4035 874 4101 placide,
901 4037 958 4086 sine
980 4033 1032 4086 ulla
1055 4033 1176 4085 molestia
1197 4047 1229 4085 aa

138 4111 187 4163 od.
198 4111 228 4171 l,
246 4114 313 4174 Ml
329 4125 390 4177 sqq.
406 4139 435 4150 ·-
449 4114 523 4176 perr]
536 4113 667 4177 quotquot
703 4111 819 4172 miseria,
831 4109 944 4160 advitae
953 4109 1035 4160 finem
1045 4107 1227 4172 pervenienti

137 4189 257 4238 Aeneam
283 4187 401 4238 mmilati
425 4191 496 4240 sunt.
524 4215 550 4226 -
570 4187 667 4251 Sospite
703 4184 777 4236 Pind.
788 4182 826 4235 Ol.
836 4187 861 4245 tt,
874 4183 1035 4254 ιιιφέρειν
1046 4178 1137 4252 γῆρας
1146 4174 1230 4233 aide-

137 4259 226 4324 wat]
252 4259 306 4311 «ita
328 4261 405 4323 iussi,
432 4263 462 4311 ιιι
478 4259 543 4312 salvi
569 4262 595 4312 in
613 4263 665 4312 lta-
701 4273 759 4325 μον
778 4258 808 4322 ἐς
829 4254 973 4310 τελευτάν.
998 4257 1108 4308 Placido·
1121 4255 1229 4319 egregie

137 4333 201 4386 liam
218 4337 417 4398 pervenirent.»
433 4335 482 4386 Alii
500 4335 587 4386 minas
598 4340 665 4400 poe-
702 4333 799 4384 dicitur
818 4337 940 4394 senectus,
967 4343 1037 4396 quae
1058 4328 1109 4382 sibi
1131 4329 1227 4392 piacet,
