<?xml version="1.0" encoding="UTF-8"?>
<!DOCTYPE html PUBLIC "-//W3C//DTD XHTML 1.0 Transitional//EN"
    "http://www.w3.org/TR/xhtml1/DTD/xhtml1-transitional.dtd">
<html xmlns="http://www.w3.org/1999/xhtml" xml:lang="en" lang="en">
 <head>
  <title>
</title>
<meta http-equiv="Content-Type" content="text/html;charset=utf-8" />
  <meta name='ocr-system' content='tesseract 3.04.00' />
  <meta name='ocr-capabilities' content='ocr_page ocr_carea ocr_par ocr_line ocrx_word'/>
</head>
<body>
  <div class='ocr_page' id='page_1' title='image "./qhoratiusflaccu02baitgoog/qhoratiusflaccu02baitgoog_0145.png"; bbox 0 0 2998 4980; ppageno 0'>
   <div class='ocr_carea' id='block_1_1' title="bbox 274 392 976 458">
    <p class='ocr_par' dir='ltr' id='par_1_1' title="bbox 274 392 976 458">
     <span class='ocr_line' id='line_1_1' title="bbox 274 392 976 458; baseline -0.02 0"><span class='ocrx_word' id='word_1_1' title='bbox 274 392 334 458; x_wconf 86' lang='grc'>440</span> <span class='ocrx_word' id='word_1_2' title='bbox 659 393 789 445; x_wconf 81' lang='lat' dir='ltr'>nonarn</span> <span class='ocrx_word' id='word_1_3' title='bbox 807 393 976 446; x_wconf 78' lang='lat' dir='ltr'>canurnuu</span> 
     </span>
    </p>
   </div>
   <div class='ocr_carea' id='block_1_2' title="bbox 449 539 1000 759">
    <p class='ocr_par' dir='ltr' id='par_1_2' title="bbox 449 539 1000 759">
     <span class='ocr_line' id='line_1_2' title="bbox 449 539 999 618; baseline -0.009 0"><span class='ocrx_word' id='word_1_4' title='bbox 449 539 452 544; x_wconf 64' lang='grc'><strong>’</strong></span> <span class='ocrx_word' id='word_1_5' title='bbox 523 549 627 617; x_wconf 87' lang='lat' dir='ltr'>Valles</span> <span class='ocrx_word' id='word_1_6' title='bbox 650 560 682 616; x_wconf 92' lang='lat' dir='ltr'>et</span> <span class='ocrx_word' id='word_1_7' title='bbox 703 551 829 618; x_wconf 83' lang='lat' dir='ltr'><strong>Usticae</strong></span> <span class='ocrx_word' id='word_1_8' title='bbox 852 549 999 616; x_wconf 90' lang='lat' dir='ltr'>cubantis</span> 
     </span>
     <span class='ocr_line' id='line_1_3' title="bbox 569 672 1000 759; baseline -0.002 -22"><span class='ocrx_word' id='word_1_9' title='bbox 569 672 667 738; x_wconf 89' lang='lat' dir='ltr'>Levia</span> <span class='ocrx_word' id='word_1_10' title='bbox 689 692 890 759; x_wconf 81' lang='lat' dir='ltr'><strong>personuere</strong></span> <span class='ocrx_word' id='word_1_11' title='bbox 912 691 1000 738; x_wconf 81' lang='lat' dir='ltr'>sana.</span> 
     </span>
    </p>
   </div>
   <div class='ocr_carea' id='block_1_3' title="bbox 483 829 1126 1160">
    <p class='ocr_par' dir='ltr' id='par_1_3' title="bbox 483 829 1126 1160">
     <span class='ocr_line' id='line_1_4' title="bbox 484 829 1063 917; baseline -0.002 -22"><span class='ocrx_word' id='word_1_12' title='bbox 484 831 523 895; x_wconf 89' lang='lat' dir='ltr'>Di</span> <span class='ocrx_word' id='word_1_13' title='bbox 545 851 597 897; x_wconf 90' lang='lat' dir='ltr'>me</span> <span class='ocrx_word' id='word_1_14' title='bbox 619 839 765 907; x_wconf 89' lang='lat' dir='ltr'>tuentur,</span> <span class='ocrx_word' id='word_1_15' title='bbox 790 829 840 896; x_wconf 91' lang='lat' dir='ltr'>dis</span> <span class='ocrx_word' id='word_1_16' title='bbox 862 829 967 917; x_wconf 86' lang='lat' dir='ltr'>pietas</span> <span class='ocrx_word' id='word_1_17' title='bbox 990 849 1063 895; x_wconf 87' lang='lat' dir='ltr'>mea</span> 
     </span>
     <span class='ocr_line' id='line_1_5' title="bbox 483 949 1126 1038; baseline -0.002 -21"><span class='ocrx_word' id='word_1_18' title='bbox 483 953 520 1017; x_wconf 91' lang='lat' dir='ltr'>Et</span> <span class='ocrx_word' id='word_1_19' title='bbox 541 953 631 1018; x_wconf 87' lang='lat' dir='ltr'>Musa</span> <span class='ocrx_word' id='word_1_20' title='bbox 653 951 744 1018; x_wconf 89' lang='lat' dir='ltr'>cordi</span> <span class='ocrx_word' id='word_1_21' title='bbox 767 961 825 1017; x_wconf 85' lang='lat' dir='ltr'>est.</span> <span class='ocrx_word' id='word_1_22' title='bbox 871 949 930 1017; x_wconf 89' lang='lat' dir='ltr'>Hic</span> <span class='ocrx_word' id='word_1_23' title='bbox 952 950 1008 1016; x_wconf 92' lang='lat' dir='ltr'>tibi</span> <span class='ocrx_word' id='word_1_24' title='bbox 1032 950 1126 1038; x_wconf 86' lang='lat' dir='ltr'>copia</span> 
     </span>
     <span class='ocr_line' id='line_1_6' title="bbox 528 1070 1047 1160; baseline -0.002 -22"><span class='ocrx_word' id='word_1_25' title='bbox 528 1073 667 1140; x_wconf 81' lang='lat' dir='ltr'>Manebit</span> <span class='ocrx_word' id='word_1_26' title='bbox 689 1073 730 1139; x_wconf 88' lang='lat' dir='ltr'>ad</span> <span class='ocrx_word' id='word_1_27' title='bbox 753 1070 885 1160; x_wconf 90' lang='lat' dir='ltr'>plenum</span> <span class='ocrx_word' id='word_1_28' title='bbox 906 1071 1047 1160; x_wconf 85' lang='lat' dir='ltr'>benigno</span> 
     </span>
    </p>
   </div>
   <div class='ocr_carea' id='block_1_4' title="bbox 306 1298 1327 1424">
    <p class='ocr_par' dir='ltr' id='par_1_4' title="bbox 306 1298 1327 1424">
     <span class='ocr_line' id='line_1_7' title="bbox 306 1298 1327 1423; baseline -0.003 -74"><span class='ocrx_word' id='word_1_29' title='bbox 306 1375 323 1423; x_wconf 76' lang='lat' dir='ltr'>d</span> <span class='ocrx_word' id='word_1_30' title='bbox 338 1300 378 1351; x_wconf 89' lang='grc'>44.</span> <span class='ocrx_word' id='word_1_31' title='bbox 397 1301 453 1350; x_wconf 79' lang='lat' dir='ltr'>birra</span> <span class='ocrx_word' id='word_1_32' title='bbox 469 1299 571 1360; x_wconf 88' lang='lat' dir='ltr'>BbScd,</span> <span class='ocrx_word' id='word_1_33' title='bbox 591 1300 657 1349; x_wconf 87' lang='lat' dir='ltr'>Pott.</span> <span class='ocrx_word' id='word_1_34' title='bbox 678 1311 781 1360; x_wconf 88' lang='lat' dir='ltr'>omnes,</span> <span class='ocrx_word' id='word_1_35' title='bbox 800 1299 875 1348; x_wconf 83' lang='lat' dir='ltr'>LCtJ.</span> <span class='ocrx_word' id='word_1_36' title='bbox 907 1299 947 1361; x_wconf 86' lang='lat' dir='ltr'>(Ut</span> <span class='ocrx_word' id='word_1_37' title='bbox 963 1311 1021 1356; x_wconf 89' lang='lat' dir='ltr'>nos,</span> <span class='ocrx_word' id='word_1_38' title='bbox 1040 1298 1078 1362; x_wconf 88' lang='lat' dir='ltr'>T.)</span> <span class='ocrx_word' id='word_1_39' title='bbox 1094 1327 1120 1334; x_wconf 96' lang='lat'><em>-</em></span> <span class='ocrx_word' id='word_1_40' title='bbox 1136 1298 1184 1346; x_wconf 89' lang='lat' dir='ltr'>Vv.</span> <span class='ocrx_word' id='word_1_41' title='bbox 1201 1299 1231 1346; x_wconf 84' lang='lat' dir='ltr'>ttl</span> <span class='ocrx_word' id='word_1_42' title='bbox 1249 1300 1276 1346; x_wconf 91' lang='lat' dir='ltr'>et</span> <span class='ocrx_word' id='word_1_43' title='bbox 1295 1299 1327 1346; x_wconf 84' lang='grc'>444</span> 
     </span>
     <span class='ocr_line' id='line_1_8' title="bbox 325 1375 495 1424; baseline -0.006 0"><span class='ocrx_word' id='word_1_44' title='bbox 325 1377 407 1424; x_wconf 89' lang='lat' dir='ltr'>esunt</span> <span class='ocrx_word' id='word_1_45' title='bbox 423 1375 449 1424; x_wconf 94' lang='lat' dir='ltr'>in</span> <span class='ocrx_word' id='word_1_46' title='bbox 466 1376 495 1424; x_wconf 87' lang='lat' dir='ltr'>B.</span> 
     </span>
    </p>
   </div>
   <div class='ocr_carea' id='block_1_5' title="bbox 219 1567 1408 4322">
    <p class='ocr_par' dir='ltr' id='par_1_5' title="bbox 219 1567 1408 3130">
     <span class='ocr_line' id='line_1_9' title="bbox 306 1567 1408 1634; baseline 0.004 -14"><span class='ocrx_word' id='word_1_47' title='bbox 306 1573 345 1621; x_wconf 93' lang='grc'>44.</span> <span class='ocrx_word' id='word_1_48' title='bbox 378 1572 459 1622; x_wconf 84' lang='lat' dir='ltr'>Ustica</span> <span class='ocrx_word' id='word_1_49' title='bbox 484 1568 557 1620; x_wconf 86' lang='lat' dir='ltr'>vallis</span> <span class='ocrx_word' id='word_1_50' title='bbox 584 1582 667 1634; x_wconf 89' lang='lat' dir='ltr'>propa</span> <span class='ocrx_word' id='word_1_51' title='bbox 696 1569 795 1619; x_wconf 84' lang='lat' dir='ltr'><strong>Horatii</strong></span> <span class='ocrx_word' id='word_1_52' title='bbox 867 1570 906 1618; x_wconf 82' lang='grc'>45.</span> <span class='ocrx_word' id='word_1_53' title='bbox 926 1570 960 1617; x_wconf 85' lang='lat' dir='ltr'>ad</span> <span class='ocrx_word' id='word_1_54' title='bbox 976 1569 1086 1634; x_wconf 80' lang='lat' dir='ltr'>plenum]</span> <span class='ocrx_word' id='word_1_55' title='bbox 1104 1569 1213 1630; x_wconf 78' lang='lat' dir='ltr'>affatim,</span> <span class='ocrx_word' id='word_1_56' title='bbox 1231 1567 1362 1631; x_wconf 90' lang='lat' dir='ltr'>ubertim,</span> <span class='ocrx_word' id='word_1_57' title='bbox 1400 1601 1408 1624; x_wconf 66' lang='lat' dir='ltr'>r</span> 
     </span>
     <span class='ocr_line' id='line_1_10' title="bbox 272 1643 1365 1708; baseline -0.004 -12"><span class='ocrx_word' id='word_1_58' title='bbox 272 1646 407 1696; x_wconf 88' lang='lat' dir='ltr'>Sabinum.</span> <span class='ocrx_word' id='word_1_59' title='bbox 435 1645 581 1708; x_wconf 83' lang='lat' dir='ltr'>SicNibby</span> <span class='ocrx_word' id='word_1_60' title='bbox 600 1645 703 1708; x_wconf 74' lang='lat' dir='ltr'>Vtoppto</span> <span class='ocrx_word' id='word_1_61' title='bbox 720 1645 745 1694; x_wconf 73' lang='lat' dir='ltr'>T.</span> <span class='ocrx_word' id='word_1_62' title='bbox 767 1657 793 1706; x_wconf 87' lang='lat' dir='ltr'>p.</span> <span class='ocrx_word' id='word_1_63' title='bbox 831 1643 1000 1693; x_wconf 70' lang='lat' dir='ltr'>roal-&#39;tilla</span> <span class='ocrx_word' id='word_1_64' title='bbox 1031 1645 1100 1706; x_wconf 80' lang='lat' dir='ltr'>virg.</span> <span class='ocrx_word' id='word_1_65' title='bbox 1115 1645 1160 1693; x_wconf 90' lang='lat' dir='ltr'>Ge.</span> <span class='ocrx_word' id='word_1_66' title='bbox 1175 1645 1200 1704; x_wconf 74' lang='lat' dir='ltr'>T,</span> <span class='ocrx_word' id='word_1_67' title='bbox 1214 1643 1276 1694; x_wconf 78' lang='lat' dir='ltr'>aia:</span> <span class='ocrx_word' id='word_1_68' title='bbox 1296 1659 1365 1708; x_wconf 77' lang='lat' dir='ltr'>oper</span> 
     </span>
     <span class='ocr_line' id='line_1_11' title="bbox 272 1719 1366 1780; baseline 0 -11"><span class='ocrx_word' id='word_1_69' title='bbox 272 1720 328 1771; x_wconf 88' lang='grc'><strong>494.</strong></span> <span class='ocrx_word' id='word_1_70' title='bbox 347 1719 394 1770; x_wconf 77' lang='lat' dir='ltr'>Alii</span> <span class='ocrx_word' id='word_1_71' title='bbox 406 1721 494 1772; x_wconf 87' lang='lat' dir='ltr'>minus</span> <span class='ocrx_word' id='word_1_72' title='bbox 511 1723 584 1770; x_wconf 87' lang='lat' dir='ltr'>recta</span> <span class='ocrx_word' id='word_1_73' title='bbox 597 1721 716 1770; x_wconf 88' lang='lat' dir='ltr'>montem</span> <span class='ocrx_word' id='word_1_74' title='bbox 734 1731 795 1768; x_wconf 84' lang='lat' dir='ltr'>esse</span> <span class='ocrx_word' id='word_1_75' title='bbox 832 1719 1366 1780; x_wconf 73' lang='lat' dir='ltr'>--datcesqoe--urdocndptenomcet-</span> 
     </span>
     <span class='ocr_line' id='line_1_12' title="bbox 270 1791 1364 1856; baseline 0.004 -15"><span class='ocrx_word' id='word_1_76' title='bbox 270 1793 371 1856; x_wconf 79' lang='lat' dir='ltr'>volunt,</span> <span class='ocrx_word' id='word_1_77' title='bbox 390 1798 420 1844; x_wconf 91' lang='lat' dir='ltr'>ut</span> <span class='ocrx_word' id='word_1_78' title='bbox 435 1795 528 1844; x_wconf 72' lang='grc'><strong>444444</strong></span> <span class='ocrx_word' id='word_1_79' title='bbox 544 1796 579 1843; x_wconf 86' lang='lat' dir='ltr'>sit</span> <span class='ocrx_word' id='word_1_80' title='bbox 600 1792 732 1853; x_wconf 79' lang='lat' dir='ltr'>«acclivis,</span> <span class='ocrx_word' id='word_1_81' title='bbox 749 1805 796 1842; x_wconf 86' lang='lat' dir='ltr'>su·</span> <span class='ocrx_word' id='word_1_82' title='bbox 832 1797 927 1842; x_wconf 78' lang='lat' dir='ltr'><strong><em>centur.</em></strong></span> <span class='ocrx_word' id='word_1_83' title='bbox 946 1791 1071 1842; x_wconf 78' lang='lat' dir='ltr'>Consulto</span> <span class='ocrx_word' id='word_1_84' title='bbox 1089 1793 1116 1841; x_wconf 93' lang='lat' dir='ltr'>in</span> <span class='ocrx_word' id='word_1_85' title='bbox 1127 1793 1169 1842; x_wconf 90' lang='lat' dir='ltr'>his</span> <span class='ocrx_word' id='word_1_86' title='bbox 1180 1791 1364 1845; x_wconf 77' lang='lat' dir='ltr'>accumulavit</span> 
     </span>
     <span class='ocr_line' id='line_1_13' title="bbox 271 1866 1364 1932; baseline 0.002 -14"><span class='ocrx_word' id='word_1_87' title='bbox 271 1870 380 1932; x_wconf 78' lang='lat' dir='ltr'>pinus.»</span> <span class='ocrx_word' id='word_1_88' title='bbox 422 1870 537 1919; x_wconf 87' lang='lat' dir='ltr'>ittontem</span> <span class='ocrx_word' id='word_1_89' title='bbox 563 1870 591 1917; x_wconf 91' lang='lat' dir='ltr'>et</span> <span class='ocrx_word' id='word_1_90' title='bbox 615 1866 711 1916; x_wconf 84' lang='lat' dir='ltr'>vallem</span> <span class='ocrx_word' id='word_1_91' title='bbox 736 1867 797 1916; x_wconf 85' lang='lat' dir='ltr'>lacit</span> <span class='ocrx_word' id='word_1_92' title='bbox 831 1866 960 1930; x_wconf 81' lang='lat' dir='ltr'><strong>pleraque</strong></span> <span class='ocrx_word' id='word_1_93' title='bbox 979 1866 1156 1916; x_wconf 80' lang='lat' dir='ltr'>abundantiae</span> <span class='ocrx_word' id='word_1_94' title='bbox 1175 1867 1273 1918; x_wconf 88' lang='lat' dir='ltr'>verba:</span> <span class='ocrx_word' id='word_1_95' title='bbox 1302 1870 1364 1919; x_wconf 80' lang='lat' dir='ltr'>«bic</span> 
     </span>
     <span class='ocr_line' id='line_1_14' title="bbox 271 1941 1364 2006; baseline 0 -12"><span class='ocrx_word' id='word_1_96' title='bbox 271 1947 368 1994; x_wconf 76' lang='lat' dir='ltr'>Acron.</span> <span class='ocrx_word' id='word_1_97' title='bbox 412 1941 470 2006; x_wconf 83' lang='lat' dir='ltr'>(Vol</span> <span class='ocrx_word' id='word_1_98' title='bbox 502 1943 613 1992; x_wconf 82' lang='lat' dir='ltr'>d&#39;Ustr&#39;co</span> <span class='ocrx_word' id='word_1_99' title='bbox 645 1943 796 1991; x_wconf 85' lang='lat' dir='ltr'>etiamnunc</span> <span class='ocrx_word' id='word_1_100' title='bbox 833 1942 949 2002; x_wconf 82' lang='lat' dir='ltr'>opulento</span> <span class='ocrx_word' id='word_1_101' title='bbox 977 1942 1047 1992; x_wconf 75' lang='grc'><strong>444444</strong></span> <span class='ocrx_word' id='word_1_102' title='bbox 1069 1943 1191 1992; x_wconf 71' lang='lat' dir='ltr'>botonem</span> <span class='ocrx_word' id='word_1_103' title='bbox 1221 1943 1294 2004; x_wconf 86' lang='lat' dir='ltr'>copto</span> <span class='ocrx_word' id='word_1_104' title='bbox 1317 1945 1364 1994; x_wconf 82' lang='lat' dir='ltr'>tibi</span> 
     </span>
     <span class='ocr_line' id='line_1_15' title="bbox 272 2016 1365 2084; baseline 0 -16"><span class='ocrx_word' id='word_1_105' title='bbox 272 2016 431 2084; x_wconf 88' lang='lat' dir='ltr'>appellatur,</span> <span class='ocrx_word' id='word_1_106' title='bbox 451 2021 519 2068; x_wconf 86' lang='lat' dir='ltr'>teste</span> <span class='ocrx_word' id='word_1_107' title='bbox 532 2017 628 2078; x_wconf 89' lang='lat' dir='ltr'>Tullio,</span> <span class='ocrx_word' id='word_1_108' title='bbox 642 2032 699 2068; x_wconf 81' lang='lat' dir='ltr'>rer.</span> <span class='ocrx_word' id='word_1_109' title='bbox 712 2018 798 2067; x_wconf 87' lang='lat' dir='ltr'>archi·</span> <span class='ocrx_word' id='word_1_110' title='bbox 834 2018 867 2080; x_wconf 85' lang='lat' dir='ltr'>(in</span> <span class='ocrx_word' id='word_1_111' title='bbox 885 2018 1017 2079; x_wconf 84' lang='lat' dir='ltr'>gremium</span> <span class='ocrx_word' id='word_1_112' title='bbox 1035 2017 1117 2078; x_wconf 87' lang='lat' dir='ltr'>tuum)</span> <span class='ocrx_word' id='word_1_113' title='bbox 1134 2017 1248 2068; x_wconf 74' lang='lat' dir='ltr'>monebit</span> <span class='ocrx_word' id='word_1_114' title='bbox 1263 2020 1365 2080; x_wconf 82' lang='lat' dir='ltr'>adple-</span> 
     </span>
     <span class='ocr_line' id='line_1_16' title="bbox 271 2091 1302 2156; baseline -0.004 -14"><span class='ocrx_word' id='word_1_115' title='bbox 271 2092 432 2156; x_wconf 85' lang='lat' dir='ltr'>presbytero</span> <span class='ocrx_word' id='word_1_116' title='bbox 458 2095 508 2143; x_wconf 91' lang='lat' dir='ltr'>vici</span> <span class='ocrx_word' id='word_1_117' title='bbox 525 2094 633 2154; x_wconf 74' lang='lat' dir='ltr'>liccam</span> <span class='ocrx_word' id='word_1_118' title='bbox 649 2093 684 2142; x_wconf 88' lang='grc'>44</span> <span class='ocrx_word' id='word_1_119' title='bbox 703 2094 798 2156; x_wconf 84' lang='lat' dir='ltr'>Digen-</span> <span class='ocrx_word' id='word_1_120' title='bbox 832 2104 893 2140; x_wconf 85' lang='lat' dir='ltr'>num</span> <span class='ocrx_word' id='word_1_121' title='bbox 910 2091 958 2154; x_wconf 79' lang='lat' dir='ltr'>[erl</span> <span class='ocrx_word' id='word_1_122' title='bbox 976 2091 1079 2155; x_wconf 81' lang='lat' dir='ltr'>beaipno</span> <span class='ocrx_word' id='word_1_123' title='bbox 1095 2092 1182 2156; x_wconf 81' lang='lat' dir='ltr'>(largo)</span> <span class='ocrx_word' id='word_1_124' title='bbox 1197 2107 1302 2142; x_wconf 71' lang='lat' dir='ltr'>cornua</span> 
     </span>
     <span class='ocr_line' id='line_1_17' title="bbox 273 2165 1361 2231; baseline -0.001 -13"><span class='ocrx_word' id='word_1_125' title='bbox 273 2169 335 2218; x_wconf 91' lang='lat' dir='ltr'>tiam</span> <span class='ocrx_word' id='word_1_126' title='bbox 351 2169 440 2218; x_wconf 90' lang='lat' dir='ltr'>rivum</span> <span class='ocrx_word' id='word_1_127' title='bbox 457 2169 512 2230; x_wconf 87' lang='lat' dir='ltr'>sili,</span> <span class='ocrx_word' id='word_1_128' title='bbox 532 2181 649 2231; x_wconf 82' lang='lat' dir='ltr'>quocum</span> <span class='ocrx_word' id='word_1_129' title='bbox 664 2168 701 2218; x_wconf 92' lang='lat' dir='ltr'>ibi</span> <span class='ocrx_word' id='word_1_130' title='bbox 718 2166 798 2219; x_wconf 85' lang='lat' dir='ltr'>collo·</span> <span class='ocrx_word' id='word_1_131' title='bbox 867 2165 906 2214; x_wconf 91' lang='grc'>46.</span> <span class='ocrx_word' id='word_1_132' title='bbox 942 2167 1017 2216; x_wconf 78' lang='lat' dir='ltr'>liaris</span> <span class='ocrx_word' id='word_1_133' title='bbox 1030 2167 1161 2230; x_wconf 76' lang='grc'><strong>4444444444]</strong></span> <span class='ocrx_word' id='word_1_134' title='bbox 1186 2168 1252 2216; x_wconf 86' lang='lat' dir='ltr'>Sunt</span> <span class='ocrx_word' id='word_1_135' title='bbox 1267 2167 1361 2226; x_wconf 89' lang='lat' dir='ltr'>liores,</span> 
     </span>
     <span class='ocr_line' id='line_1_18' title="bbox 272 2241 1364 2306; baseline 0 -14"><span class='ocrx_word' id='word_1_136' title='bbox 272 2246 350 2292; x_wconf 91' lang='lat' dir='ltr'>cutus</span> <span class='ocrx_word' id='word_1_137' title='bbox 368 2245 409 2294; x_wconf 89' lang='lat' dir='ltr'>est</span> <span class='ocrx_word' id='word_1_138' title='bbox 425 2244 469 2294; x_wconf 89' lang='lat' dir='ltr'>Dr.</span> <span class='ocrx_word' id='word_1_139' title='bbox 488 2245 525 2292; x_wconf 90' lang='lat' dir='ltr'>lo.</span> <span class='ocrx_word' id='word_1_140' title='bbox 543 2242 694 2304; x_wconf 77' lang='lat' dir='ltr'>llorlielius,</span> <span class='ocrx_word' id='word_1_141' title='bbox 713 2244 797 2293; x_wconf 82' lang='lat' dir='ltr'>Reno·</span> <span class='ocrx_word' id='word_1_142' title='bbox 833 2253 923 2303; x_wconf 88' lang='lat' dir='ltr'>poma,</span> <span class='ocrx_word' id='word_1_143' title='bbox 941 2241 1039 2303; x_wconf 80' lang='lat' dir='ltr'>fruges,</span> <span class='ocrx_word' id='word_1_144' title='bbox 1057 2241 1173 2304; x_wconf 90' lang='lat' dir='ltr'>denique</span> <span class='ocrx_word' id='word_1_145' title='bbox 1191 2243 1289 2303; x_wconf 85' lang='lat' dir='ltr'>omnia,</span> <span class='ocrx_word' id='word_1_146' title='bbox 1303 2244 1364 2306; x_wconf 84' lang='lat' dir='ltr'>qui-</span> 
     </span>
     <span class='ocr_line' id='line_1_19' title="bbox 273 2314 1359 2378; baseline -0.001 -11"><span class='ocrx_word' id='word_1_147' title='bbox 273 2315 390 2368; x_wconf 86' lang='lat' dir='ltr'>linensls.</span> <span class='ocrx_word' id='word_1_148' title='bbox 425 2317 525 2366; x_wconf 88' lang='lat' dir='ltr'>Verum</span> <span class='ocrx_word' id='word_1_149' title='bbox 551 2315 610 2368; x_wconf 85' lang='lat' dir='ltr'>talia</span> <span class='ocrx_word' id='word_1_150' title='bbox 629 2318 736 2368; x_wconf 88' lang='lat' dir='ltr'>uomina</span> <span class='ocrx_word' id='word_1_151' title='bbox 753 2331 798 2368; x_wconf 94' lang='lat' dir='ltr'>an·</span> <span class='ocrx_word' id='word_1_152' title='bbox 834 2314 886 2364; x_wconf 92' lang='lat' dir='ltr'>bus</span> <span class='ocrx_word' id='word_1_153' title='bbox 903 2316 1111 2376; x_wconf 81' lang='lat' dir='ltr'>rusbonestotor,</span> <span class='ocrx_word' id='word_1_154' title='bbox 1129 2319 1246 2367; x_wconf 91' lang='lat' dir='ltr'>ornatur.</span> <span class='ocrx_word' id='word_1_155' title='bbox 1265 2319 1319 2366; x_wconf 90' lang='lat' dir='ltr'>Sat.</span> <span class='ocrx_word' id='word_1_156' title='bbox 1333 2318 1359 2378; x_wconf 74' lang='lat'>2,</span> 
     </span>
     <span class='ocr_line' id='line_1_20' title="bbox 271 2389 1363 2456; baseline 0.001 -16"><span class='ocrx_word' id='word_1_157' title='bbox 271 2392 345 2455; x_wconf 82' lang='lat' dir='ltr'>tique</span> <span class='ocrx_word' id='word_1_158' title='bbox 361 2390 496 2442; x_wconf 90' lang='lat' dir='ltr'>interdum</span> <span class='ocrx_word' id='word_1_159' title='bbox 517 2405 532 2440; x_wconf 87' lang='lat' dir='ltr'>o</span> <span class='ocrx_word' id='word_1_160' title='bbox 553 2390 797 2456; x_wconf 82' lang='lat' dir='ltr'>peregrinatoribus</span> <span class='ocrx_word' id='word_1_161' title='bbox 834 2391 858 2450; x_wconf 81' lang='lat' dir='ltr'>a,</span> <span class='ocrx_word' id='word_1_162' title='bbox 877 2390 921 2438; x_wconf 79' lang='lat' dir='ltr'>ta:</span> <span class='ocrx_word' id='word_1_163' title='bbox 948 2389 1032 2439; x_wconf 80' lang='lat' dir='ltr'>dulcio</span> <span class='ocrx_word' id='word_1_164' title='bbox 1052 2403 1131 2452; x_wconf 81' lang='lat' dir='ltr'>pomo</span> <span class='ocrx_word' id='word_1_165' title='bbox 1149 2391 1182 2441; x_wconf 84' lang='lat' dir='ltr'>Ft</span> <span class='ocrx_word' id='word_1_166' title='bbox 1203 2404 1363 2453; x_wconf 66' lang='lat' dir='ltr'>pensatoque</span> 
     </span>
     <span class='ocr_line' id='line_1_21' title="bbox 219 2464 1358 2529; baseline 0.005 -19"><span class='ocrx_word' id='word_1_167' title='bbox 219 2502 224 2510; x_wconf 92' lang='lat'>.</span> <span class='ocrx_word' id='word_1_168' title='bbox 272 2465 383 2516; x_wconf 88' lang='lat' dir='ltr'>eruditis</span> <span class='ocrx_word' id='word_1_169' title='bbox 394 2467 521 2515; x_wconf 82' lang='lat' dir='ltr'>renovata</span> <span class='ocrx_word' id='word_1_170' title='bbox 537 2469 599 2516; x_wconf 89' lang='lat' dir='ltr'>sunt</span> <span class='ocrx_word' id='word_1_171' title='bbox 615 2469 642 2516; x_wconf 87' lang='lat' dir='ltr'>et</span> <span class='ocrx_word' id='word_1_172' title='bbox 653 2465 750 2516; x_wconf 89' lang='lat' dir='ltr'>deinde</span> <span class='ocrx_word' id='word_1_173' title='bbox 762 2466 796 2517; x_wconf 86' lang='lat' dir='ltr'>ab</span> <span class='ocrx_word' id='word_1_174' title='bbox 832 2464 895 2525; x_wconf 82' lang='lat' dir='ltr'>soret</span> <span class='ocrx_word' id='word_1_175' title='bbox 911 2464 991 2513; x_wconf 72' lang='grc'><strong>44444444</strong></span> <span class='ocrx_word' id='word_1_176' title='bbox 1004 2464 1048 2512; x_wconf 83' lang='lat' dir='ltr'>tibi</span> <span class='ocrx_word' id='word_1_177' title='bbox 1063 2466 1159 2529; x_wconf 73' lang='grc'><strong>[444444</strong></span> <span class='ocrx_word' id='word_1_178' title='bbox 1172 2466 1284 2516; x_wconf 73' lang='lat' dir='ltr'>bonores</span> <span class='ocrx_word' id='word_1_179' title='bbox 1314 2466 1358 2517; x_wconf 89' lang='lat' dir='ltr'>Sil.</span> 
     </span>
     <span class='ocr_line' id='line_1_22' title="bbox 272 2536 1361 2605; baseline 0 -15"><span class='ocrx_word' id='word_1_180' title='bbox 272 2539 371 2590; x_wconf 86' lang='lat' dir='ltr'>accolis</span> <span class='ocrx_word' id='word_1_181' title='bbox 386 2541 460 2602; x_wconf 82' lang='lat' dir='ltr'>grate</span> <span class='ocrx_word' id='word_1_182' title='bbox 481 2542 592 2604; x_wconf 88' lang='lat' dir='ltr'>excepta</span> <span class='ocrx_word' id='word_1_183' title='bbox 609 2543 689 2604; x_wconf 87' lang='lat' dir='ltr'>atque</span> <span class='ocrx_word' id='word_1_184' title='bbox 704 2542 731 2590; x_wconf 93' lang='lat' dir='ltr'>in</span> <span class='ocrx_word' id='word_1_185' title='bbox 747 2555 798 2605; x_wconf 91' lang='lat' dir='ltr'>po·</span> <span class='ocrx_word' id='word_1_186' title='bbox 835 2537 858 2596; x_wconf 88' lang='grc'>3,</span> <span class='ocrx_word' id='word_1_187' title='bbox 872 2536 935 2588; x_wconf 74' lang='lat' dir='ltr'>lsi:</span> <span class='ocrx_word' id='word_1_188' title='bbox 953 2538 1057 2590; x_wconf 74' lang='lat' dir='ltr'>Nullam</span> <span class='ocrx_word' id='word_1_189' title='bbox 1069 2553 1114 2590; x_wconf 84' lang='lat' dir='ltr'>aar</span> <span class='ocrx_word' id='word_1_190' title='bbox 1127 2553 1234 2602; x_wconf 71' lang='lat' dir='ltr'>aequom</span> <span class='ocrx_word' id='word_1_191' title='bbox 1249 2540 1361 2603; x_wconf 73' lang='grc'><strong>44444444</strong></span> 
     </span>
     <span class='ocr_line' id='line_1_23' title="bbox 271 2613 1358 2678; baseline 0.002 -14"><span class='ocrx_word' id='word_1_192' title='bbox 271 2617 359 2664; x_wconf 83' lang='lat' dir='ltr'>steros</span> <span class='ocrx_word' id='word_1_193' title='bbox 383 2615 537 2678; x_wconf 82' lang='lat' dir='ltr'>propagata.</span> <span class='ocrx_word' id='word_1_194' title='bbox 584 2615 626 2664; x_wconf 89' lang='lat' dir='ltr'>Sic</span> <span class='ocrx_word' id='word_1_195' title='bbox 652 2629 667 2664; x_wconf 90' lang='lat' dir='ltr'>e</span> <span class='ocrx_word' id='word_1_196' title='bbox 691 2615 798 2667; x_wconf 84' lang='lat' dir='ltr'>diverso</span> <span class='ocrx_word' id='word_1_197' title='bbox 834 2613 936 2662; x_wconf 73' lang='lat' dir='ltr'>amictis</span> <span class='ocrx_word' id='word_1_198' title='bbox 964 2615 1076 2664; x_wconf 73' lang='grc'><strong>4444444.</strong></span> <span class='ocrx_word' id='word_1_199' title='bbox 1115 2615 1179 2665; x_wconf 87' lang='lat' dir='ltr'>Stat.</span> <span class='ocrx_word' id='word_1_200' title='bbox 1206 2615 1289 2666; x_wconf 87' lang='lat' dir='ltr'>Theb.</span> <span class='ocrx_word' id='word_1_201' title='bbox 1317 2617 1358 2678; x_wconf 85' lang='grc'>40,</span> 
     </span>
     <span class='ocr_line' id='line_1_24' title="bbox 272 2686 1360 2753; baseline 0 -13"><span class='ocrx_word' id='word_1_202' title='bbox 272 2689 424 2740; x_wconf 85' lang='lat' dir='ltr'>testimonio</span> <span class='ocrx_word' id='word_1_203' title='bbox 451 2686 581 2738; x_wconf 85' lang='lat' dir='ltr'>llollandii</span> <span class='ocrx_word' id='word_1_204' title='bbox 607 2689 799 2753; x_wconf 75' lang='lat' dir='ltr'>(Tremocttoos</span> <span class='ocrx_word' id='word_1_205' title='bbox 834 2687 896 2738; x_wconf 79' lang='lat'><strong>783:</strong></span> <span class='ocrx_word' id='word_1_206' title='bbox 913 2689 979 2738; x_wconf 73' lang='grc'><strong>44444</strong></span> <span class='ocrx_word' id='word_1_207' title='bbox 995 2689 1082 2739; x_wconf 81' lang='lat' dir='ltr'>bonor.</span> <span class='ocrx_word' id='word_1_208' title='bbox 1109 2689 1195 2740; x_wconf 86' lang='lat' dir='ltr'>Etiam</span> <span class='ocrx_word' id='word_1_209' title='bbox 1211 2689 1245 2740; x_wconf 92' lang='lat' dir='ltr'>de</span> <span class='ocrx_word' id='word_1_210' title='bbox 1262 2690 1360 2740; x_wconf 82' lang='lat' dir='ltr'>frondi-</span> 
     </span>
     <span class='ocr_line' id='line_1_25' title="bbox 272 2761 1360 2830; baseline -0.002 -12"><span class='ocrx_word' id='word_1_211' title='bbox 272 2765 359 2830; x_wconf 68' lang='lat' dir='ltr'>oftlro</span> <span class='ocrx_word' id='word_1_212' title='bbox 381 2764 471 2825; x_wconf 73' lang='lat' dir='ltr'>society</span> <span class='ocrx_word' id='word_1_213' title='bbox 493 2764 523 2827; x_wconf 77' lang='lat' dir='ltr'>os</span> <span class='ocrx_word' id='word_1_214' title='bbox 543 2764 674 2816; x_wconf 81' lang='lat' dir='ltr'>literatura</span> <span class='ocrx_word' id='word_1_215' title='bbox 699 2767 742 2818; x_wconf 92' lang='lat'><em>111.</em></span> <span class='ocrx_word' id='word_1_216' title='bbox 768 2780 795 2830; x_wconf 91' lang='lat' dir='ltr'>p.</span> <span class='ocrx_word' id='word_1_217' title='bbox 833 2761 898 2822; x_wconf 83' lang='lat' dir='ltr'>bue;</span> <span class='ocrx_word' id='word_1_218' title='bbox 925 2761 1008 2828; x_wconf 89' lang='lat' dir='ltr'>Epod.</span> <span class='ocrx_word' id='word_1_219' title='bbox 1036 2765 1077 2825; x_wconf 89' lang='lat' dir='ltr'>tl,</span> <span class='ocrx_word' id='word_1_220' title='bbox 1095 2763 1124 2813; x_wconf 85' lang='lat'>9:</span> <span class='ocrx_word' id='word_1_221' title='bbox 1148 2765 1223 2814; x_wconf 79' lang='lat' dir='ltr'>Silvis</span> <span class='ocrx_word' id='word_1_222' title='bbox 1241 2765 1360 2816; x_wconf 77' lang='lat' dir='ltr'>bonoram</span> 
     </span>
     <span class='ocr_line' id='line_1_26' title="bbox 273 2837 1357 2904; baseline -0.001 -14"><span class='ocrx_word' id='word_1_223' title='bbox 273 2839 339 2902; x_wconf 85' lang='grc'><strong>449.)</strong></span> <span class='ocrx_word' id='word_1_224' title='bbox 353 2851 424 2889; x_wconf 89' lang='lat' dir='ltr'>nunc</span> <span class='ocrx_word' id='word_1_225' title='bbox 435 2841 547 2888; x_wconf 87' lang='lat' dir='ltr'>vocatur</span> <span class='ocrx_word' id='word_1_226' title='bbox 560 2839 665 2889; x_wconf 71' lang='grc'><strong>1444444.</strong></span> <span class='ocrx_word' id='word_1_227' title='bbox 692 2839 799 2904; x_wconf 75' lang='grc'><strong>(0444444-</strong></span> <span class='ocrx_word' id='word_1_228' title='bbox 834 2837 932 2887; x_wconf 71' lang='lat' dir='ltr'>desuda</span> <span class='ocrx_word' id='word_1_229' title='bbox 945 2863 973 2873; x_wconf 90' lang='lat'>-</span> <span class='ocrx_word' id='word_1_230' title='bbox 986 2837 1073 2901; x_wconf 79' lang='lat' dir='ltr'>como]</span> <span class='ocrx_word' id='word_1_231' title='bbox 1093 2838 1201 2889; x_wconf 73' lang='lat' dir='ltr'>«Cornu</span> <span class='ocrx_word' id='word_1_232' title='bbox 1217 2839 1357 2900; x_wconf 81' lang='lat' dir='ltr'>Fortunae,</span> 
     </span>
     <span class='ocr_line' id='line_1_27' title="bbox 270 2910 1360 2979; baseline 0.001 -15"><span class='ocrx_word' id='word_1_233' title='bbox 270 2913 335 2978; x_wconf 72' lang='lat' dir='ltr'>nol)</span> <span class='ocrx_word' id='word_1_234' title='bbox 361 2940 389 2950; x_wconf 90' lang='lat'><em>-</em></span> <span class='ocrx_word' id='word_1_235' title='bbox 412 2914 534 2979; x_wconf 76' lang='grc'><strong>44444444]</strong></span> <span class='ocrx_word' id='word_1_236' title='bbox 559 2915 672 2966; x_wconf 86' lang='lat' dir='ltr'>Theocr.</span> <span class='ocrx_word' id='word_1_237' title='bbox 691 2917 731 2978; x_wconf 83' lang='grc'>43,</span> <span class='ocrx_word' id='word_1_238' title='bbox 750 2915 795 2967; x_wconf 84' lang='lat' dir='ltr'>lo:</span> <span class='ocrx_word' id='word_1_239' title='bbox 834 2911 906 2974; x_wconf 87' lang='lat' dir='ltr'>quod</span> <span class='ocrx_word' id='word_1_240' title='bbox 931 2910 1059 2962; x_wconf 87' lang='lat' dir='ltr'>Hercules</span> <span class='ocrx_word' id='word_1_241' title='bbox 1083 2912 1250 2963; x_wconf 72' lang='lat' dir='ltr'>detractum·</span> <span class='ocrx_word' id='word_1_242' title='bbox 1270 2913 1305 2976; x_wconf 78' lang='lat' dir='ltr'>lin</span> <span class='ocrx_word' id='word_1_243' title='bbox 1321 2913 1360 2964; x_wconf 89' lang='lat' dir='ltr'>lu·</span> 
     </span>
     <span class='ocr_line' id='line_1_28' title="bbox 272 2983 1359 3060; baseline -0.001 -21"><span class='ocrx_word' id='word_1_244' title='bbox 272 2983 370 3055; x_wconf 77' lang='grc' dir='ltr'>ἡμένῳ</span> <span class='ocrx_word' id='word_1_245' title='bbox 387 2987 418 3039; x_wconf 79' lang='grc' dir='ltr'>ἐν</span> <span class='ocrx_word' id='word_1_246' title='bbox 435 2984 529 3060; x_wconf 75' lang='grc' dir='ltr'><strong>χώρῳ.</strong></span> <span class='ocrx_word' id='word_1_247' title='bbox 559 2991 664 3041; x_wconf 90' lang='lat' dir='ltr'>Lucret.</span> <span class='ocrx_word' id='word_1_248' title='bbox 686 2989 711 3051; x_wconf 89' lang='grc'>4,</span> <span class='ocrx_word' id='word_1_249' title='bbox 732 2991 795 3041; x_wconf 79' lang='lat' dir='ltr'>ors:</span> <span class='ocrx_word' id='word_1_250' title='bbox 833 2986 930 3037; x_wconf 82' lang='lat' dir='ltr'>atando</span> <span class='ocrx_word' id='word_1_251' title='bbox 945 2987 1256 3052; x_wconf 74' lang='lat' dir='ltr'>obmptuml·«1tcheloo</span> <span class='ocrx_word' id='word_1_252' title='bbox 1273 2989 1359 3041; x_wconf 85' lang='lat' dir='ltr'>victor</span> 
     </span>
     <span class='ocr_line' id='line_1_29' title="bbox 271 3061 1358 3130; baseline -0.002 -16"><span class='ocrx_word' id='word_1_253' title='bbox 271 3064 392 3114; x_wconf 77' lang='lat' dir='ltr'>cubantia</span> <span class='ocrx_word' id='word_1_254' title='bbox 406 3068 479 3114; x_wconf 82' lang='lat' dir='ltr'>tecto.</span> <span class='ocrx_word' id='word_1_255' title='bbox 497 3063 575 3128; x_wconf 70' lang='lat' dir='ltr'>(conti</span> <span class='ocrx_word' id='word_1_256' title='bbox 590 3065 748 3130; x_wconf 75' lang='lat' dir='ltr'>obpadocbt.)</span> <span class='ocrx_word' id='word_1_257' title='bbox 834 3061 929 3112; x_wconf 88' lang='lat' dir='ltr'>dieitur</span> <span class='ocrx_word' id='word_1_258' title='bbox 960 3061 1075 3113; x_wconf 86' lang='lat' dir='ltr'>donasse</span> <span class='ocrx_word' id='word_1_259' title='bbox 1108 3064 1251 3124; x_wconf 83' lang='lat' dir='ltr'>Fortunae,</span> <span class='ocrx_word' id='word_1_260' title='bbox 1286 3063 1358 3127; x_wconf 90' lang='lat' dir='ltr'>quod</span> 
     </span>
    </p>

    <p class='ocr_par' dir='ltr' id='par_1_6' title="bbox 272 3135 1360 3574">
     <span class='ocr_line' id='line_1_30' title="bbox 305 3135 1360 3202; baseline -0.003 -12"><span class='ocrx_word' id='word_1_261' title='bbox 305 3140 346 3190; x_wconf 78' lang='lat' dir='ltr'>ta.</span> <span class='ocrx_word' id='word_1_262' title='bbox 364 3138 449 3202; x_wconf 70' lang='lat' dir='ltr'>Lectio]</span> <span class='ocrx_word' id='word_1_263' title='bbox 459 3140 516 3188; x_wconf 91' lang='lat' dir='ltr'>Non</span> <span class='ocrx_word' id='word_1_264' title='bbox 529 3141 583 3189; x_wconf 74' lang='grc'><strong>4444</strong></span> <span class='ocrx_word' id='word_1_265' title='bbox 595 3151 726 3202; x_wconf 89' lang='lat' dir='ltr'>aquarum</span> <span class='ocrx_word' id='word_1_266' title='bbox 738 3152 799 3189; x_wconf 88' lang='lat' dir='ltr'>cur·</span> <span class='ocrx_word' id='word_1_267' title='bbox 833 3135 911 3199; x_wconf 80' lang='lat' dir='ltr'>volgo</span> <span class='ocrx_word' id='word_1_268' title='bbox 927 3137 1116 3200; x_wconf 70' lang='lat' dir='ltr'>conceptae,</span> <span class='ocrx_word' id='word_1_269' title='bbox 1135 3150 1188 3200; x_wconf 88' lang='lat' dir='ltr'>quo</span> <span class='ocrx_word' id='word_1_270' title='bbox 1205 3138 1301 3190; x_wconf 88' lang='lat' dir='ltr'>dicitur</span> <span class='ocrx_word' id='word_1_271' title='bbox 1317 3138 1360 3189; x_wconf 91' lang='lat' dir='ltr'>di-</span> 
     </span>
     <span class='ocr_line' id='line_1_31' title="bbox 272 3210 1356 3277; baseline -0.005 -13"><span class='ocrx_word' id='word_1_272' title='bbox 272 3227 304 3264; x_wconf 90' lang='lat' dir='ltr'>su</span> <span class='ocrx_word' id='word_1_273' title='bbox 321 3215 408 3264; x_wconf 82' lang='lat' dir='ltr'>attrita</span> <span class='ocrx_word' id='word_1_274' title='bbox 426 3216 455 3264; x_wconf 89' lang='lat' dir='ltr'>et</span> <span class='ocrx_word' id='word_1_275' title='bbox 470 3213 591 3276; x_wconf 83' lang='lat' dir='ltr'>lavigata,</span> <span class='ocrx_word' id='word_1_276' title='bbox 611 3217 796 3277; x_wconf 83' lang='lat' dir='ltr'>quamnatura</span> <span class='ocrx_word' id='word_1_277' title='bbox 832 3211 909 3262; x_wconf 86' lang='lat' dir='ltr'>vitias</span> <span class='ocrx_word' id='word_1_278' title='bbox 933 3212 1047 3262; x_wconf 89' lang='lat' dir='ltr'>Fortuna</span> <span class='ocrx_word' id='word_1_279' title='bbox 1071 3225 1216 3263; x_wconf 83' lang='lat' dir='ltr'>consuesse</span> <span class='ocrx_word' id='word_1_280' title='bbox 1241 3210 1356 3276; x_wconf 76' lang='lat' dir='ltr'>largiri.»</span> 
     </span>
     <span class='ocr_line' id='line_1_32' title="bbox 272 3285 1357 3352; baseline -0.001 -15"><span class='ocrx_word' id='word_1_281' title='bbox 272 3286 345 3348; x_wconf 80' lang='grc' dir='ltr'><strong><em>λεῖα,</em></strong></span> <span class='ocrx_word' id='word_1_282' title='bbox 362 3289 392 3338; x_wconf 90' lang='lat' dir='ltr'>ut</span> <span class='ocrx_word' id='word_1_283' title='bbox 403 3291 465 3339; x_wconf 86' lang='lat' dir='ltr'>sunt</span> <span class='ocrx_word' id='word_1_284' title='bbox 475 3301 556 3352; x_wconf 88' lang='lat' dir='ltr'>rupes</span> <span class='ocrx_word' id='word_1_285' title='bbox 569 3286 714 3338; x_wconf 82' lang='lat' dir='ltr'>calcareae.</span> <span class='ocrx_word' id='word_1_286' title='bbox 736 3289 798 3338; x_wconf 84' lang='lat' dir='ltr'>Sca·</span> <span class='ocrx_word' id='word_1_287' title='bbox 834 3289 925 3338; x_wconf 78' lang='lat' dir='ltr'>Senon.</span> <span class='ocrx_word' id='word_1_288' title='bbox 938 3287 1017 3344; x_wconf 88' lang='lat' dir='ltr'>Cnuo.</span> <span class='ocrx_word' id='word_1_289' title='bbox 1030 3285 1119 3336; x_wconf 88' lang='lat' dir='ltr'>Sidon.</span> <span class='ocrx_word' id='word_1_290' title='bbox 1134 3287 1222 3336; x_wconf 87' lang='lat' dir='ltr'>Carm.</span> <span class='ocrx_word' id='word_1_291' title='bbox 1241 3286 1281 3349; x_wconf 86' lang='lat' dir='ltr'>tt,</span> <span class='ocrx_word' id='word_1_292' title='bbox 1295 3287 1357 3337; x_wconf 83' lang='lat' dir='ltr'>tto:</span> 
     </span>
     <span class='ocr_line' id='line_1_33' title="bbox 272 3360 1360 3427; baseline 0 -15"><span class='ocrx_word' id='word_1_293' title='bbox 272 3362 338 3425; x_wconf 82' lang='lat' dir='ltr'>liger</span> <span class='ocrx_word' id='word_1_294' title='bbox 372 3375 421 3412; x_wconf 84' lang='lat' dir='ltr'>suo</span> <span class='ocrx_word' id='word_1_295' title='bbox 458 3361 602 3425; x_wconf 84' lang='lat' dir='ltr'>examplari</span> <span class='ocrx_word' id='word_1_296' title='bbox 637 3363 794 3427; x_wconf 75' lang='lat' dir='ltr'>adscripsit:</span> <span class='ocrx_word' id='word_1_297' title='bbox 830 3361 919 3426; x_wconf 76' lang='lat' dir='ltr'>patulo</span> <span class='ocrx_word' id='word_1_298' title='bbox 935 3363 972 3423; x_wconf 79' lang='lat' dir='ltr'>(ut</span> <span class='ocrx_word' id='word_1_299' title='bbox 985 3361 1029 3410; x_wconf 92' lang='lat' dir='ltr'>bic</span> <span class='ocrx_word' id='word_1_300' title='bbox 1048 3360 1163 3424; x_wconf 76' lang='lat' dir='ltr'>tortpno)</span> <span class='ocrx_word' id='word_1_301' title='bbox 1178 3362 1305 3412; x_wconf 82' lang='lat' dir='ltr'>Fbrtuooa</span> <span class='ocrx_word' id='word_1_302' title='bbox 1319 3375 1360 3412; x_wconf 86' lang='lat' dir='ltr'>ao-</span> 
     </span>
     <span class='ocr_line' id='line_1_34' title="bbox 272 3429 1359 3506; baseline -0.002 -18"><span class='ocrx_word' id='word_1_303' title='bbox 272 3432 407 3500; x_wconf 76' lang='grc' dir='ltr'><strong><em>λισσάόες</em></strong></span> <span class='ocrx_word' id='word_1_304' title='bbox 432 3436 541 3506; x_wconf 77' lang='grc' dir='ltr'>πέτραι.</span> <span class='ocrx_word' id='word_1_305' title='bbox 579 3437 682 3499; x_wconf 79' lang='grc'><strong>(444444.</strong></span> <span class='ocrx_word' id='word_1_306' title='bbox 705 3436 794 3503; x_wconf 89' lang='lat' dir='ltr'>Suppl.</span> <span class='ocrx_word' id='word_1_307' title='bbox 830 3438 878 3500; x_wconf 83' lang='lat' dir='ltr'>pta</span> <span class='ocrx_word' id='word_1_308' title='bbox 893 3449 980 3486; x_wconf 79' lang='lat' dir='ltr'>amno.</span> <span class='ocrx_word' id='word_1_309' title='bbox 1017 3436 1131 3497; x_wconf 81' lang='lat' dir='ltr'>(Graecis</span> <span class='ocrx_word' id='word_1_310' title='bbox 1155 3437 1242 3506; x_wconf 76' lang='grc' dir='ltr'><strong><em>κέρας</em></strong></span> <span class='ocrx_word' id='word_1_311' title='bbox 1255 3429 1359 3500; x_wconf 71' lang='grc' dir='ltr'><em>Ἀμαλ-</em></span> 
     </span>
     <span class='ocr_line' id='line_1_35' title="bbox 272 3509 1359 3574; baseline -0.002 -12"><span class='ocrx_word' id='word_1_312' title='bbox 272 3512 341 3574; x_wconf 82' lang='grc'><strong>494.)</strong></span> <span class='ocrx_word' id='word_1_313' title='bbox 833 3511 932 3572; x_wconf 73' lang='grc' dir='ltr'><em>θείας,</em></span> <span class='ocrx_word' id='word_1_314' title='bbox 958 3509 992 3558; x_wconf 87' lang='grc'>44</span> <span class='ocrx_word' id='word_1_315' title='bbox 1018 3521 1072 3571; x_wconf 84' lang='lat' dir='ltr'>quo</span> <span class='ocrx_word' id='word_1_316' title='bbox 1105 3511 1152 3560; x_wconf 88' lang='lat' dir='ltr'>cir.</span> <span class='ocrx_word' id='word_1_317' title='bbox 1178 3511 1297 3562; x_wconf 88' lang='lat' dir='ltr'>Eustath.</span> <span class='ocrx_word' id='word_1_318' title='bbox 1324 3511 1359 3562; x_wconf 90' lang='grc'>44</span> 
     </span>
    </p>

    <p class='ocr_par' dir='ltr' id='par_1_7' title="bbox 273 3583 1367 4322">
     <span class='ocr_line' id='line_1_36' title="bbox 306 3583 1356 3650; baseline 0.002 -16"><span class='ocrx_word' id='word_1_319' title='bbox 306 3585 346 3636; x_wconf 85' lang='grc'>44,</span> <span class='ocrx_word' id='word_1_320' title='bbox 364 3585 410 3634; x_wconf 81' lang='lat' dir='ltr'>llic</span> <span class='ocrx_word' id='word_1_321' title='bbox 424 3584 568 3648; x_wconf 89' lang='lat' dir='ltr'>requiritur</span> <span class='ocrx_word' id='word_1_322' title='bbox 580 3587 607 3636; x_wconf 89' lang='lat' dir='ltr'>et</span> <span class='ocrx_word' id='word_1_323' title='bbox 622 3588 733 3650; x_wconf 89' lang='lat' dir='ltr'>propter</span> <span class='ocrx_word' id='word_1_324' title='bbox 750 3589 797 3638; x_wconf 87' lang='lat' dir='ltr'>tri-</span> <span class='ocrx_word' id='word_1_325' title='bbox 833 3587 942 3648; x_wconf 85' lang='lat' dir='ltr'>Dionys.</span> <span class='ocrx_word' id='word_1_326' title='bbox 976 3583 1033 3635; x_wconf 90' lang='grc'><strong>434.</strong></span> <span class='ocrx_word' id='word_1_327' title='bbox 1068 3585 1142 3636; x_wconf 77' lang='grc'><strong>0444.</strong></span> <span class='ocrx_word' id='word_1_328' title='bbox 1175 3587 1236 3636; x_wconf 79' lang='lat' dir='ltr'>Met.</span> <span class='ocrx_word' id='word_1_329' title='bbox 1264 3587 1289 3646; x_wconf 87' lang='grc'>9,</span> <span class='ocrx_word' id='word_1_330' title='bbox 1315 3587 1356 3636; x_wconf 80' lang='grc'>85.</span> 
     </span>
     <span class='ocr_line' id='line_1_37' title="bbox 273 3654 1360 3730; baseline 0.002 -20"><span class='ocrx_word' id='word_1_331' title='bbox 273 3659 369 3724; x_wconf 82' lang='lat' dir='ltr'>plicam</span> <span class='ocrx_word' id='word_1_332' title='bbox 386 3654 540 3730; x_wconf 81' lang='grc' dir='ltr'><em>ἀναφορὰν</em></span> <span class='ocrx_word' id='word_1_333' title='bbox 563 3664 591 3710; x_wconf 91' lang='grc'>44</span> <span class='ocrx_word' id='word_1_334' title='bbox 607 3663 668 3724; x_wconf 84' lang='lat' dir='ltr'>quio</span> <span class='ocrx_word' id='word_1_335' title='bbox 686 3675 797 3712; x_wconf 87' lang='lat' dir='ltr'>accura-</span> <span class='ocrx_word' id='word_1_336' title='bbox 834 3663 903 3710; x_wconf 89' lang='lat' dir='ltr'>Fast.</span> <span class='ocrx_word' id='word_1_337' title='bbox 931 3661 957 3721; x_wconf 79' lang='lat'>5,</span> <span class='ocrx_word' id='word_1_338' title='bbox 982 3661 1037 3709; x_wconf 84' lang='lat' dir='ltr'>tlb.</span> <span class='ocrx_word' id='word_1_339' title='bbox 1074 3662 1140 3710; x_wconf 75' lang='lat' dir='ltr'>«Dte</span> <span class='ocrx_word' id='word_1_340' title='bbox 1159 3662 1214 3711; x_wconf 84' lang='lat' dir='ltr'>ldae</span> <span class='ocrx_word' id='word_1_341' title='bbox 1234 3663 1276 3711; x_wconf 82' lang='lat' dir='ltr'>des</span> <span class='ocrx_word' id='word_1_342' title='bbox 1291 3662 1360 3712; x_wconf 75' lang='grc'><strong>44444-</strong></span> 
     </span>
     <span class='ocr_line' id='line_1_38' title="bbox 273 3735 1360 3799; baseline 0.002 -15"><span class='ocrx_word' id='word_1_343' title='bbox 273 3737 324 3784; x_wconf 84' lang='lat' dir='ltr'>tius</span> <span class='ocrx_word' id='word_1_344' title='bbox 341 3735 483 3796; x_wconf 77' lang='lat' dir='ltr'>significat,</span> <span class='ocrx_word' id='word_1_345' title='bbox 503 3735 547 3784; x_wconf 76' lang='lat' dir='ltr'>cin</span> <span class='ocrx_word' id='word_1_346' title='bbox 565 3736 623 3799; x_wconf 90' lang='lat' dir='ltr'>ipso</span> <span class='ocrx_word' id='word_1_347' title='bbox 641 3735 738 3787; x_wconf 89' lang='lat' dir='ltr'>Sabino</span> <span class='ocrx_word' id='word_1_348' title='bbox 755 3737 796 3787; x_wconf 89' lang='lat' dir='ltr'>his</span> <span class='ocrx_word' id='word_1_349' title='bbox 833 3738 908 3786; x_wconf 76' lang='lat' dir='ltr'>tomo</span> <span class='ocrx_word' id='word_1_350' title='bbox 921 3749 980 3785; x_wconf 85' lang='lat' dir='ltr'>war</span> <span class='ocrx_word' id='word_1_351' title='bbox 994 3735 1081 3784; x_wconf 75' lang='lat' dir='ltr'>berotto</span> <span class='ocrx_word' id='word_1_352' title='bbox 1094 3749 1121 3785; x_wconf 87' lang='lat' dir='ltr'>so</span> <span class='ocrx_word' id='word_1_353' title='bbox 1136 3736 1280 3798; x_wconf 84' lang='lat' dir='ltr'>oerbrettet,</span> <span class='ocrx_word' id='word_1_354' title='bbox 1301 3737 1360 3786; x_wconf 78' lang='lat' dir='ltr'>dass</span> 
     </span>
     <span class='ocr_line' id='line_1_39' title="bbox 274 3809 1359 3875; baseline 0 -15"><span class='ocrx_word' id='word_1_355' title='bbox 274 3811 382 3860; x_wconf 91' lang='lat' dir='ltr'>naturae</span> <span class='ocrx_word' id='word_1_356' title='bbox 410 3809 566 3860; x_wconf 88' lang='lat' dir='ltr'>muneribus</span> <span class='ocrx_word' id='word_1_357' title='bbox 600 3824 709 3861; x_wconf 82' lang='lat' dir='ltr'>usuram</span> <span class='ocrx_word' id='word_1_358' title='bbox 736 3824 796 3860; x_wconf 89' lang='lat' dir='ltr'>esse</span> <span class='ocrx_word' id='word_1_359' title='bbox 834 3813 880 3861; x_wconf 81' lang='lat' dir='ltr'>dos</span> <span class='ocrx_word' id='word_1_360' title='bbox 897 3811 1016 3861; x_wconf 80' lang='lat' dir='ltr'>Btldltcbe</span> <span class='ocrx_word' id='word_1_361' title='bbox 1032 3811 1113 3860; x_wconf 79' lang='lat' dir='ltr'>daron</span> <span class='ocrx_word' id='word_1_362' title='bbox 1137 3811 1267 3874; x_wconf 79' lang='lat' dir='ltr'>ollmdbltp</span> <span class='ocrx_word' id='word_1_363' title='bbox 1281 3812 1359 3875; x_wconf 78' lang='lat' dir='ltr'>ootllp</span> 
     </span>
     <span class='ocr_line' id='line_1_40' title="bbox 273 3883 1359 3949; baseline 0.005 -18"><span class='ocrx_word' id='word_1_364' title='bbox 273 3883 478 3946; x_wconf 78' lang='lat' dir='ltr'>Tyndaridem.»</span> <span class='ocrx_word' id='word_1_365' title='bbox 505 3887 543 3935; x_wconf 91' lang='lat' dir='ltr'>De</span> <span class='ocrx_word' id='word_1_366' title='bbox 560 3886 695 3949; x_wconf 82' lang='lat' dir='ltr'>anaphora</span> <span class='ocrx_word' id='word_1_367' title='bbox 706 3886 796 3935; x_wconf 88' lang='lat' dir='ltr'>autem</span> <span class='ocrx_word' id='word_1_368' title='bbox 832 3887 995 3936; x_wconf 72' lang='grc'><strong>4444444444</strong></span> <span class='ocrx_word' id='word_1_369' title='bbox 1024 3887 1076 3934; x_wconf 79' lang='lat' dir='ltr'>aad</span> <span class='ocrx_word' id='word_1_370' title='bbox 1114 3885 1154 3936; x_wconf 82' lang='lat' dir='ltr'>dte</span> <span class='ocrx_word' id='word_1_371' title='bbox 1184 3887 1276 3949; x_wconf 81' lang='lat' dir='ltr'>copto</span> <span class='ocrx_word' id='word_1_372' title='bbox 1305 3887 1359 3936; x_wconf 78' lang='lat' dir='ltr'>oleo</span> 
     </span>
     <span class='ocr_line' id='line_1_41' title="bbox 274 3957 1367 4024; baseline 0.002 -15"><span class='ocrx_word' id='word_1_373' title='bbox 274 3959 487 4022; x_wconf 78' lang='lat' dir='ltr'>Frequentissinm</span> <span class='ocrx_word' id='word_1_374' title='bbox 512 3958 554 4010; x_wconf 89' lang='lat' dir='ltr'>illa</span> <span class='ocrx_word' id='word_1_375' title='bbox 573 3960 645 4024; x_wconf 85' lang='lat' dir='ltr'>apud</span> <span class='ocrx_word' id='word_1_376' title='bbox 665 3959 796 4009; x_wconf 85' lang='lat' dir='ltr'>Tibullum</span> <span class='ocrx_word' id='word_1_377' title='bbox 834 3960 912 4010; x_wconf 81' lang='lat' dir='ltr'>durcb</span> <span class='ocrx_word' id='word_1_378' title='bbox 926 3962 972 4009; x_wconf 83' lang='lat' dir='ltr'>dos</span> <span class='ocrx_word' id='word_1_379' title='bbox 989 3961 1151 4010; x_wconf 81' lang='lat' dir='ltr'>thsutrelca</span> <span class='ocrx_word' id='word_1_380' title='bbox 1166 3961 1287 4010; x_wconf 79' lang='lat' dir='ltr'>desselben</span> <span class='ocrx_word' id='word_1_381' title='bbox 1309 3957 1367 4011; x_wconf 74' lang='lat' dir='ltr'>lsai-¹</span> 
     </span>
     <span class='ocr_line' id='line_1_42' title="bbox 273 4033 1358 4099; baseline 0.002 -15"><span class='ocrx_word' id='word_1_382' title='bbox 273 4033 320 4084; x_wconf 85' lang='lat' dir='ltr'>cir.</span> <span class='ocrx_word' id='word_1_383' title='bbox 346 4034 441 4084; x_wconf 89' lang='lat' dir='ltr'>Dissen</span> <span class='ocrx_word' id='word_1_384' title='bbox 465 4035 499 4084; x_wconf 91' lang='lat' dir='ltr'>de</span> <span class='ocrx_word' id='word_1_385' title='bbox 520 4036 596 4099; x_wconf 73' lang='lat' dir='ltr'>poesi</span> <span class='ocrx_word' id='word_1_386' title='bbox 613 4034 669 4085; x_wconf 89' lang='lat' dir='ltr'>Tib.</span> <span class='ocrx_word' id='word_1_387' title='bbox 687 4047 713 4098; x_wconf 91' lang='lat' dir='ltr'>p.</span> <span class='ocrx_word' id='word_1_388' title='bbox 733 4034 794 4084; x_wconf 91' lang='lat' dir='ltr'>CLl.</span> <span class='ocrx_word' id='word_1_389' title='bbox 834 4049 942 4098; x_wconf 78' lang='lat' dir='ltr'>naaueps</span> <span class='ocrx_word' id='word_1_390' title='bbox 962 4049 997 4084; x_wconf 78' lang='lat' dir='ltr'>za</span> <span class='ocrx_word' id='word_1_391' title='bbox 1010 4037 1089 4086; x_wconf 78' lang='grc'><strong>444444</strong></span> <span class='ocrx_word' id='word_1_392' title='bbox 1105 4035 1281 4098; x_wconf 74' lang='lat' dir='ltr'>epmboltrclrao</span> <span class='ocrx_word' id='word_1_393' title='bbox 1299 4037 1358 4086; x_wconf 83' lang='lat' dir='ltr'>We-</span> 
     </span>
     <span class='ocr_line' id='line_1_43' title="bbox 273 4107 1131 4172; baseline 0.002 -14"><span class='ocrx_word' id='word_1_394' title='bbox 273 4107 338 4158; x_wconf 91' lang='lat' dir='ltr'>Olim</span> <span class='ocrx_word' id='word_1_395' title='bbox 361 4109 432 4168; x_wconf 79' lang='lat' dir='ltr'>binc,</span> <span class='ocrx_word' id='word_1_396' title='bbox 462 4110 535 4172; x_wconf 85' lang='lat' dir='ltr'>quod</span> <span class='ocrx_word' id='word_1_397' title='bbox 559 4110 719 4171; x_wconf 81' lang='lat' dir='ltr'>signiticaret</span> <span class='ocrx_word' id='word_1_398' title='bbox 745 4122 797 4158; x_wconf 77' lang='lat' dir='ltr'>rex</span> <span class='ocrx_word' id='word_1_399' title='bbox 833 4111 1131 4161; x_wconf 61' lang='lat' dir='ltr'>sewardeshusun.</span> 
     </span>
     <span class='ocr_line' id='line_1_44' title="bbox 273 4181 1357 4248; baseline 0.003 -16"><span class='ocrx_word' id='word_1_400' title='bbox 273 4196 336 4246; x_wconf 78' lang='lat' dir='ltr'>agro</span> <span class='ocrx_word' id='word_1_401' title='bbox 354 4184 403 4234; x_wconf 87' lang='lat' dir='ltr'>isto</span> <span class='ocrx_word' id='word_1_402' title='bbox 421 4185 501 4234; x_wconf 89' lang='lat' dir='ltr'>etiam</span> <span class='ocrx_word' id='word_1_403' title='bbox 517 4185 543 4232; x_wconf 90' lang='lat' dir='ltr'>in</span> <span class='ocrx_word' id='word_1_404' title='bbox 562 4184 630 4236; x_wconf 86' lang='lat' dir='ltr'>Urbe</span> <span class='ocrx_word' id='word_1_405' title='bbox 649 4196 708 4234; x_wconf 81' lang='lat' dir='ltr'>anm</span> <span class='ocrx_word' id='word_1_406' title='bbox 721 4181 796 4234; x_wconf 87' lang='lat' dir='ltr'>donis</span> <span class='ocrx_word' id='word_1_407' title='bbox 866 4184 983 4234; x_wconf 80' lang='grc'><strong>47-49.</strong></span> <span class='ocrx_word' id='word_1_408' title='bbox 1009 4186 1113 4235; x_wconf 84' lang='lat' dir='ltr'>reducto</span> <span class='ocrx_word' id='word_1_409' title='bbox 1129 4185 1203 4248; x_wconf 79' lang='grc'><strong>44444]</strong></span> <span class='ocrx_word' id='word_1_410' title='bbox 1220 4183 1357 4235; x_wconf 78' lang='lat' dir='ltr'>«convelle</span> 
     </span>
     <span class='ocr_line' id='line_1_45' title="bbox 274 4256 1357 4322; baseline 0.001 -16"><span class='ocrx_word' id='word_1_411' title='bbox 274 4256 321 4306; x_wconf 85' lang='lat' dir='ltr'>illis</span> <span class='ocrx_word' id='word_1_412' title='bbox 340 4257 582 4320; x_wconf 81' lang='lat' dir='ltr'>quomodocunque</span> <span class='ocrx_word' id='word_1_413' title='bbox 599 4257 649 4306; x_wconf 88' lang='lat' dir='ltr'>lrui</span> <span class='ocrx_word' id='word_1_414' title='bbox 666 4270 775 4321; x_wconf 78' lang='lat' dir='ltr'>posse.»</span> <span class='ocrx_word' id='word_1_415' title='bbox 833 4258 909 4320; x_wconf 82' lang='lat' dir='ltr'>longe</span> <span class='ocrx_word' id='word_1_416' title='bbox 927 4260 952 4310; x_wconf 92' lang='lat' dir='ltr'>in</span> <span class='ocrx_word' id='word_1_417' title='bbox 969 4262 1074 4310; x_wconf 86' lang='lat' dir='ltr'>montes</span> <span class='ocrx_word' id='word_1_418' title='bbox 1090 4260 1235 4310; x_wconf 87' lang='lat' dir='ltr'>recedente</span> <span class='ocrx_word' id='word_1_419' title='bbox 1251 4273 1282 4310; x_wconf 89' lang='lat' dir='ltr'>ac</span> <span class='ocrx_word' id='word_1_420' title='bbox 1294 4271 1357 4322; x_wconf 89' lang='lat' dir='ltr'>pro-</span> 
     </span>
    </p>
   </div>
   <div class='ocr_carea' id='block_1_6' title="bbox 0 0 1504 4980">
    <p class='ocr_par' dir='ltr' id='par_1_8' title="bbox 0 0 1504 4980">
     <span class='ocr_line' id='line_1_46' title="bbox 0 0 1504 4980; baseline 0 0"><span class='ocrx_word' id='word_1_421' title='bbox 0 0 1504 4980; x_wconf 95' lang='lat' dir='ltr'> </span> 
     </span>
    </p>
   </div>
  </div>
 </body>
</html>
