3080 4980
676 426 803 476 ΗΟΒΑΤΙΙ
822 427 990 478 annullabit

431 567 434 573 ¹
519 584 704 648 Nequidquam
722 583 789 634 deus
806 583 920 636 abscidit

552 667 671 718 Prudens
688 668 793 718 Oceano
811 667 971 718 dissociabili

519 752 627 811 Terras,
647 751 668 800 si
686 753 776 800 tamen
795 750 890 815 impiae

553 836 609 884 Non
627 834 758 897 tangenda
777 836 849 886 rates
866 833 1015 884 transiliunt
1031 834 1107 884 vada.

519 917 557 967 Nil
576 917 731 968 mortalibus
749 918 862 969 arduum
881 921 929 968 est.

532 991 536 998 ’
553 1001 663 1052 Caelum
680 1003 769 1066 ipsum
786 1003 901 1065 petimus
918 1000 1039 1060 stultitia,
1059 1015 1147 1064 neque
1346 1002 1377 1050 ao

521 1087 570 1134 Per
587 1089 708 1136 nostrum
726 1087 842 1148 patimur
859 1084 947 1136 scelus

552 1168 681 1218 iracunda
699 1171 789 1218 lovem
807 1182 909 1232 ponere
927 1167 1043 1218 iultnina.

341 1252 440 1312 Quodsi
458 1252 528 1301 bunc
546 1253 694 1311 Horatium,
718 1265 813 1302 verum
834 1250 946 1313 scilicet,
970 1251 1052 1302 edere
1077 1250 1183 1310 liceret,
1207 1253 1272 1313 quot
1291 1264 1378 1314 quan-

292 1336 378 1400 lisqne
400 1335 536 1388 laboribus
557 1337 583 1386 ln
605 1338 744 1401 posterum
766 1336 943 1400 supersedere
964 1337 1119 1399 possemus!
1154 1335 1257 1384 Etenim
1279 1335 1307 1384 in
1324 1347 1378 1385 nno

292 1420 342 1468 boc
369 1421 486 1470 carmine
509 1420 627 1483 (migrata
649 1419 711 1470 licet
735 1419 794 1482 lege
821 1419 949 1471 bleinekia
971 1418 1005 1469 de
1033 1419 1223 1482 quaternorum
1248 1431 1378 1468 versuum

291 1503 414 1566 strophis]
433 1504 519 1553 livill.
538 1502 684 1554 versiculos
701 1503 735 1554 ab
753 1505 848 1568 ineptis
866 1503 1050 1554 Grammaticis
1067 1499 1213 1552 inculcatos
1230 1513 1326 1551 securo
1339 1503 1377 1552 si-

292 1585 373 1636 lentio
391 1587 574 1638 transiremus.

758 1774 900 1784 ..—

608 1936 972 2004 EXCUREUS
1012 1941 1056 1996 11.

758 2069 905 2119 incili.
1091 2017 1098 2036 .

340 2193 441 2244 Ceteris
459 2205 492 2242 ex
509 2191 587 2252 locis,
606 2190 653 2242 ubi
669 2189 766 2254 Virgilii
785 2193 880 2255 poetae
899 2191 1062 2240 mentionem
1079 2189 1154 2250 iacit,
1177 2191 1306 2254 imprimis
1326 2191 1375 2242 Od.

292 2277 315 2338 l,
334 2277 375 2328 ai.
410 2279 462 2326 Sat.
482 2278 507 2337 i,
526 2278 550 2337 5,
569 2276 625 2336 io,
644 2273 733 2326 multis
751 2275 812 2325 inde
830 2288 846 2323 a
863 2273 960 2324 seculis
977 2273 1172 2324 ardentioribus
1189 2275 1316 2336 ingeniis,
1336 2277 1378 2325 ni-

291 2362 345 2411 mio
362 2359 473 2410 fortasse
491 2359 628 2422 utriusque
646 2372 737 2408 amore
755 2358 891 2422 abreptis,
911 2357 944 2406 ad
961 2357 1034 2407 illum
1053 2371 1161 2408 carmen
1179 2359 1230 2407 boc
1241 2359 1376 2422 pertinere

197 2497 201 2510 ,
290 2458 339 2508 pro
365 2447 439 2494 certo
465 2456 624 2508 persuasum
646 2445 716 2502 erat,
740 2443 802 2493 ideo
824 2443 953 2502 maxime,
976 2441 1049 2504 quod
1066 2443 1170 2492 sincera
1187 2445 1267 2505 atque
1285 2443 1376 2492 intima

291 2541 338 2578 eos
355 2528 468 2577 amicitia
491 2527 645 2579 coniunctos
668 2526 747 2578 luisse
771 2526 925 2590 simpliciter
946 2524 1095 2576 crederent.
1130 2527 1164 2576 at
1184 2539 1248 2575 vero
1269 2528 1376 2590 sapien-

291 2613 371 2662 tiores
388 2610 511 2660 videlicet
529 2611 616 2660 Critici
633 2610 702 2660 hanc
719 2611 788 2659 inter
805 2607 861 2660 illos
879 2608 1103 2659 necessitudinem
1121 2608 1278 2660 addubitare
1290 2623 1377 2673 nuper

291 2697 450 2758 coeperunt;
473 2707 542 2758 quae
565 2707 632 2744 nova
654 2695 782 2758 sapientia
800 2694 862 2743 buic
884 2693 1011 2742 iuventuti
1031 2688 1246 2764 σκεπτικωιάτῃ
1264 2707 1376 2756 magno-

290 2791 355 2842 pere
373 2779 401 2827 ut
418 2777 536 2842 placeret
552 2781 762 2828 consentaneum
780 2779 844 2827 erat.
876 2777 943 2826 Cum
955 2777 1032 2838 igitur
1044 2777 1165 2838 egregius
1177 2775 1219 2826 ille
1238 2778 1375 2828 Fastorum

292 2861 494 2913 Horatianoruna
514 2861 646 2920 conditor,
670 2874 732 2912 suas
754 2862 865 2924 propter
885 2861 1014 2920 rationes,
1039 2861 1190 2909 coniectura
1212 2859 1271 2923 plus
1293 2875 1376 2924 quam

290 2945 517 3008 Cuninghamiana
533 2959 558 2994 v.
581 2945 712 3008 Virpiliom
728 2945 754 2994 in
773 2945 919 3006 Quintilium
942 2942 997 3006 (Od.
1022 2943 1045 3004 i,
1064 2941 1116 3004 ii.)
1135 2943 1293 2993 mutandum
1310 2958 1376 2994 cen·

290 3030 400 3090 suisset,
424 3028 524 3080 scilicet
546 3043 579 3078 ne
602 3031 657 3079 tres
677 3029 781 3092 priores
799 3029 953 3078 carminum
975 3025 1034 3076 libri
1051 3039 1076 3075 a.
1095 3039 1122 3075 u.
1141 3039 1164 3075 c.
1185 3025 1241 3076 736.
1260 3027 1309 3076 sed
1327 3027 1376 3077 ali-

289 3116 355 3176 quot
371 3115 433 3163 anie
449 3115 525 3164 annis
543 3113 606 3164 editi
622 3113 789 3172 viderentur,
813 3113 934 3175 sagacius
956 3113 1036 3162 eliam
1058 3108 1181 3161 Luebker
1201 3111 1325 3173 cogitauit
1340 3110 1376 3162 de

289 3197 372 3248 aliero
390 3195 432 3247 illo
449 3195 564 3260 Virgilio,
583 3198 700 3247 iuvenum
716 3197 930 3248 nobiinmciienti
944 3195 994 3257 vel,
1014 3197 1042 3246 nt
1059 3193 1220 3246 scholiastae
1239 3194 1375 3244 bononem

288 3285 392 3340 vocant,
411 3283 588 3345 unpomtorio,
607 3282 654 3333 0d.
674 3281 699 3342 i,
719 3283 758 3331 lt.

338 3365 394 3413 iloo
410 3377 475 3412 vero
493 3365 557 3414 mihi
573 3378 684 3428 prorsus
701 3363 855 3414 incredibile
874 3364 978 3414 videtur
997 3365 1066 3414 inter
1082 3363 1277 3422 Maecenatem,
1306 3361 1375 3412 Cae-

289 3459 378 3497 sarem
396 3445 568 3496 Octavianum
587 3448 614 3496 et
630 3447 744 3496 Sestium
762 3447 796 3496 ab
815 3448 921 3497 iloratio
939 3447 1068 3498 intrusum
1087 3459 1146 3497 esse
1159 3447 1283 3496 iuvenem
1300 3449 1375 3496 cete-

289 3529 383 3592 roquin
406 3529 537 3590 ignotum,
561 3541 697 3592 quemque
720 3528 764 3578 diu
787 3531 894 3592 postea,
923 3529 948 3578 id
974 3531 1028 3590 est,
1056 3528 1167 3579 demum
1188 3533 1249 3580 ante
1272 3529 1375 3579 editum

290 3612 397 3663 Librum
420 3614 558 3676 quartum,
582 3613 608 3662 in
630 3624 707 3664 suam
729 3611 933 3663 familiaritatem
956 3612 1097 3665 admisisse
1118 3613 1232 3663 videtur.
1272 3613 1375 3672 Quanto

289 3697 375 3760 aptius
393 3697 450 3746 erat
467 3695 502 3745 ab
514 3699 627 3760 utroque
636 3701 736 3758 potants
746 3697 828 3746 emim
840 3697 964 3746 continuo
976 3697 1061 3760 excipi
1074 3699 1199 3758 amicum,
1218 3697 1373 3758 Maecenati,

289 3780 410 3840 Caesari,
430 3780 479 3844 ipsi
496 3780 663 3830 carissimum
675 3777 778 3844 illisque
791 3780 987 3844 dignissimum,
1007 3779 1136 3845 subsequi
1148 3782 1276 3845 deinceps
1287 3781 1374 3830 naum

289 3862 482 3928 amplissimum
500 3877 532 3913 ac
548 3865 658 3926 propter
674 3864 799 3914 virtutem
817 3865 896 3914 animi
919 3867 991 3915 omni
1008 3865 1176 3916 observantia
1199 3865 1320 3929 dignum,
1344 3865 1372 3914 L.

289 3948 416 3998 Sestiuml
446 3949 513 3996 llam
536 3960 600 3997 casu
621 3948 711 3998 nescio
734 3962 787 4012 quo
808 3950 938 4012 permixta
961 3964 1014 4001 non
1037 3954 1098 4002 sunt
1120 3951 1219 4001 lioratii
1246 3951 1373 4010 carmina,

289 4031 338 4081 sed
355 4033 427 4080 certa
445 4031 563 4094 quodam
580 4029 689 4081 oonsilio
706 4031 834 4082 ordinata.

336 4117 370 4164 at
386 4114 459 4177 quod
480 4115 571 4166 dicunt
592 4129 607 4164 a
625 4115 730 4179 Virgilio
748 4130 883 4180 nunquam
906 4115 1057 4178 laudatum,
1082 4131 1115 4167 ne
1133 4119 1373 4167 commemoratum

289 4197 398 4262 quidem
416 4212 476 4270 esse
494 4199 644 4260 Horatium,
668 4201 739 4250 hunc
760 4204 850 4252 autem
869 4202 919 4252 boc
938 4201 1056 4252 carmine
1074 4212 1206 4264 nmquam
1224 4201 1372 4263 significare

189 4321 191 4326 .
289 4285 420 4346 politicam
438 4284 514 4333 amici
533 4282 698 4338 facultatem,
718 4285 744 4334 id
761 4298 826 4335 vero
844 4284 1010 4349 periacilem,
1033 4287 1140 4350 opinor,
1163 4283 1245 4334 babet
1262 4283 1373 4339 solutio-
