3012 4978
660 435 789 500 uanuru
807 435 975 487 casuluuu

636 995 995 1064 cmm·

320 1172 486 1260 Diffugere
510 1173 615 1250 niveS,
641 1172 778 1240 redeunt
800 1173 863 1238 iam
885 1172 1029 1262 gramina
1051 1171 1173 1259 campis

443 1293 687 1382 arboribusque
710 1313 841 1372 comae3

339 1502 398 1626 Vll1¹3
399 1499 591 1626 binscrovalg÷
602 1501 641 1551 Ad
659 1501 822 1564 Torquatum,
842 1503 869 1551 ct
885 1502 923 1553 sic
940 1515 963 1552 c.
980 1529 1007 1540 —
1023 1502 1062 1552 Ad
1077 1501 1202 1553 Metilium
1221 1503 1327 1566 Torqua·

309 1582 362 1627 ittm
421 1603 476 1625 .-
517 1589 553 1625 m.
595 1613 600 1624 .

307 1763 360 1812 vu.
380 1763 456 1813 iluna
476 1763 653 1824 Torquatum,
672 1759 799 1825 adquam
838 1761 864 1810 lu
882 1761 950 1812 vivis
967 1761 1015 1811 luit
1031 1764 1061 1812 Α.
1081 1763 1124 1812 hic
1137 1765 1286 1826 Torquatus
1302 1765 1357 1828 past

275 1838 317 1888 est
328 1836 496 1900 atiamlipist.
511 1837 534 1893 t,
547 1837 571 1886 t.
582 1873 588 1897 ,
598 1834 718 1900 plerique
730 1847 801 1886 nunc
837 1849 862 1886 a.
881 1835 957 1897 73⁰„
982 1836 1004 1886 si
1021 1849 1074 1886 non
1092 1837 1240 1888 admodum
1257 1837 1357 1900 grandis

275 1911 377 1962 habent
396 1913 560 1975 pronepote
579 1913 607 1960 L.
626 1909 713 1960 Manlii
735 1911 801 1960 Tar·
837 1911 914 1972 natu,
944 1910 1034 1960 tamen
1059 1911 1112 1960 iam
1137 1913 1226 1962 aetate
1251 1915 1287 1964 itu
1303 1925 1359 1976 pro·

275 1987 363 2050 quati,
389 1998 444 2048 quo
472 1985 581 2036 consule
603 1999 628 2035 a.
647 1999 674 2036 u.
693 1999 717 2034 a.
740 1985 797 2036 689.
838 1984 931 2034 vectus
948 1997 1009 2034 essa
1027 1982 1162 2045 debebat,
1184 1988 1215 2036 ut
1237 1987 1305 2038 inter
1320 2000 1359 2039 so·

275 2063 353 2112 natus
375 2064 417 2112 ast
436 2061 573 2112 Horatius:
603 2059 721 2111 nonnulli
737 2059 799 2110 olim
838 2057 912 2110 dales
938 2060 1038 2110 Horatii
1063 2061 1106 2110 vix
1128 2059 1218 2112 locum
1240 2061 1356 2112 haberet.

275 2149 325 2201 pro
343 2134 458 2187 consulis
476 2134 541 2197 lilio,
567 2137 721 2200 qul'tamen
738 2137 799 2186 ante
840 2161 867 2170 -
879 2133 943 2184 inde
962 2133 1034 2197 quad
1055 2134 1098 2184 hic
1115 2147 1238 2199 quoque,
1256 2139 1286 2187 ut
1301 2151 1359 2188 sae-

275 2225 299 2260 a.
318 2223 344 2260 u.
368 2224 392 2262 c.
415 2211 472 2261 709.
504 2211 567 2274 (Cio.
594 2212 667 2261 lirut.
694 2210 744 2274 76.)
774 2211 799 2260 in
836 2209 960 2272 pissima,
986 2207 1086 2260 lectum
1105 2211 1174 2260 vitae
1194 2223 1274 2262 usum
1292 2225 1361 2264 com-

274 2284 360 2335 unica
391 2286 497 2335 interiit.
539 2283 616 2349 (Bell.
641 2285 720 2336 Atrio.
742 2285 799 2346 96.)
836 2283 946 2333 mandat
971 2285 1074 2346 amico,
1109 2297 1281 2349 nequaquam
1304 2301 1362 2351 pro-

274 2359 374 2409 Verum
392 2373 455 2410 cum
472 2360 506 2414 de
523 2362 551 2410 L.
569 2358 657 2411 Manlii
675 2359 799 2422 Torquati
837 2356 906 2408 lecta
938 2371 1002 2409 oum
1030 2355 1197 2412 scholasticis
1231 2361 1361 2413 nonnullis

274 2435 373 2496 nepote
398 2433 460 2484 nihil
484 2436 593 2485 omnino
614 2437 731 2496 canstat,
757 2433 799 2484 alii
837 2431 1013 2496 colligandum
1036 2435 1078 2483 est
1099 2434 1178 2484 nimia
1197 2435 1281 2486 tuisse
1298 2437 1362 2486 Tar·

275 2507 389 2572 amplexi
406 2511 468 2560 sunt
487 2509 594 2560 Marcilii
611 2513 639 2560 et
653 2509 800 2561 Weinherti
837 2510 948 2570 quntum
966 2508 1126 2570 parsimonia
1144 2509 1225 2572 atque
1243 2511 1360 2560 avaritia.

275 2583 473 2643 coniecturam,
504 2583 646 2647 probatam
674 2586 755 2635 etiam
784 2598 798 2633 a
837 2581 942 2633 Minime
960 2583 1032 2632 anim
1049 2582 1199 2644 urbanitas,
1219 2586 1363 2647 quamllo-

275 2658 403 2719 Frankio,
421 2655 620 2720 intelligendum
638 2672 699 2710 esso
718 2659 746 2710 C.
765 2659 798 2722 (in
837 2657 920 2707 ratius
937 2658 1057 2708 omnium
1074 2658 1174 2721 optima
1186 2657 1319 2719 cadebat,
1337 2659 1361 2710 id

275 2727 363 2783 Fastis
394 2731 563 2796 Capitolinis:
603 2734 666 2796 0.).
685 2734 798 2784 Nauium
837 2731 1029 2790 concessisset,
1055 2733 1085 2782 ut
1105 2733 1194 2782 virum
1214 2730 1361 2794 illustrem,

274 2809 463 2871 Asprenatem,
483 2807 621 2860 considam
637 2811 730 2874 postea
748 2807 801 2859 sui·
837 2805 887 2856 sihi
905 2805 1080 2866 benevolum,
1099 2819 1150 2858 nec
1164 2809 1255 2859 tamen
1272 2811 1362 2862 intima

276 2881 376 2932 lectum
393 2896 417 2932 a.
430 2896 457 2933 u.
471 2895 495 2933 c.
509 2882 584 2944 tis,
609 2883 643 2934 da
661 2897 715 2948 quo
732 2884 799 2932 Sua·
836 2879 878 2930 illa
904 2881 1019 2930 amicitia
1049 2893 1143 2930 acaum
1171 2881 1361 2938 coniunctum.

275 2959 330 3006 ton.
348 2958 404 3007 oct.
423 2956 472 3008 43:
496 2959 525 3008 tu
545 2959 638 3010 Troiae
656 2960 753 3010 ludicro
770 2960 797 3010 0.
836 2967 905 3018 quaa
921 2957 1017 3019 poetae
1033 2955 1218 3006 intercedebat
1233 2969 1298 3009 aum
1309 2961 1363 3008 ltin

275 3032 387 3081 Nauium
407 3032 570 3095 Asprmatuu
589 3034 663 3096 lapsu
685 3034 799 3084 debitita-
837 3028 911 3092 gilla,
931 3030 1024 3091 Vario,
1042 3031 1209 3091 Maecenate,
1231 3033 1292 3083 sine
1312 3033 1361 3084 ulla

276 3109 329 3155 mou
342 3101 425 3156 'amsa
441 3111 529 3169 torque
546 3109 649 3158 donamt
662 3121 800 3170 passuque
836 3104 997 3174 necessitate
1006 3102 1139 3165 laederet,
1150 3118 1213 3156 cum
1222 3107 1285 3156 viiia
1295 3109 1360 3165 eins.

276 3185 312 3230 est
327 3181 408 3242 ipsum
421 3187 581 3245 posterosque
599 3184 718 3245 Torquati
733 3183 801 3246 suus
835 3179 858 3230 si
876 3175 918 3228 val
930 3179 1046 3230 maxime
1058 3177 1151 3240 vellet,
1170 3180 1261 3243 viginti
1277 3181 1360 3242 hace,

275 3255 417 3318 coquamus.
441 3257 528 3320 Atque
541 3258 598 3307 sine
616 3271 696 3308 causa
714 3271 801 3322 nuper
837 3253 942 3316 triginta
973 3251 1101 3318 epistolae
1133 3253 1201 3306 itlius
1222 3255 1362 3307 versiculis

276 3330 385 3394 quidam
396 3330 534 3380 contendit
549 3332 660 3382 huiusce
672 3333 734 3395 viri,
754 3334 800 3396 qui
837 3327 969 3390 corrigere
982 3341 1035 3378 non
1046 3330 1147 3391 posset,
1162 3329 1297 3392 siquidem
1309 3330 1363 3382 lou-

276 3407 367 3456 tamen
378 3403 471 3456 consul
483 3405 568 3456 lactus
581 3409 635 3468 est,
654 3421 732 3471 qouus
746 3421 800 3458 non
836 3415 869 3465 ge
884 3401 940 3454 aliis
956 3403 1086 3454 machinis
1101 3415 1168 3466 opus
1181 3407 1223 3454 est
1233 3404 1269 3455 ad
1285 3419 1362 3456 aera-

274 3481 394 3544 patuissc
407 3478 545 3531 celebrari.
560 3480 655 3545 (via.)
674 3483 800 3532 Ceterum
836 3477 926 3527 denda
951 3478 1025 3542 pravi
1051 3477 1183 3542 cupidinis
1201 3478 1361 3530 elementa.»

274 3553 300 3602 in
326 3568 355 3603 re
382 3557 437 3604 tam
462 3555 563 3605 incerta
591 3556 664 3607 haud
692 3557 799 3608 omnino
836 3553 922 3602 Immo
951 3552 1093 3615 utrobique
1124 3551 1250 3604 liberales
1278 3555 1362 3618 ipsius

274 3626 396 3690 displicet
412 3630 582 3691 coniectura,
609 3644 691 3694 quam
714 3645 801 3696 nuper
836 3627 960 3689 Torquati
981 3639 1077 3678 sensus
1098 3625 1182 3677 multa
1199 3640 1263 3678 aum
1279 3641 1362 3678 uenu-

275 3703 415 3766 pruposuil
436 3705 510 3755 Estrt
534 3706 594 3755 lior.
617 3709 659 3756 Pr.
681 3719 708 3770 p.
729 3707 798 3769 tau,
836 3701 904 3750 state
916 3702 1061 3764 expressit,
1081 3701 1198 3752 ucircum
1210 3703 1269 3752 aius
1280 3714 1361 3766 prae-

275 3789 336 3826 esse
353 3777 615 3831 huncdulumillum
627 3782 798 3844 Torquatum,
837 3775 928 3824 cordia
944 3774 1066 3826 ludent.»
1086 3801 1115 3812 -
1137 3777 1275 3843 Temporis
1292 3776 1362 3827 ludl-

275 3850 309 3901 da
332 3863 386 3914 quo
408 3852 487 3902 Corn.
513 3855 578 3918 Nep.
600 3857 653 3904 titt.
673 3855 721 3904 tt:
752 3857 800 3918 Qus·
837 3849 878 3899 cio
908 3849 961 3899 hac
993 3863 1103 3901 carmen
1133 3863 1244 3915 prorsus
1269 3853 1359 3902 caret:

275 3925 351 3975 adam
372 3929 428 3987 post
450 3928 574 3989 proelium
597 3929 773 3990 Philippmise-
785 3955 799 3968 -
836 3924 979 3976 Grateland
996 3925 1079 3975 reteri
1094 3925 1129 3976 ad
1146 3939 1170 3974 a.
1189 3925 1246 3976 738.

273 4000 303 4050 A.
324 4000 476 4062 Torquatum
500 4007 641 4066 ceterosque
659 4004 721 4064 pati
744 4004 800 4067 sor-
870 3999 951 4051 l-l.
985 4000 1116 4064 Diffisqcre
1141 3999 1223 4063 uiues]
1254 3999 1303 4050 Od.
1331 4000 1358 4059 l,

275 4077 473 4138 homocreatus
484 4077 618 4127 instituerit
628 4078 706 4138 tutti,
725 4084 800 4141 atque
837 4075 882 4136 li,
902 4075 934 4125 3:
952 4089 997 4126 uec
1020 4075 1091 4140 qiwii
1114 4079 1227 4136 strepunt
1250 4073 1361 4124 Hiberna

276 4163 308 4200 eo>
324 4151 403 4213 Epiro
427 4151 465 4201 iis
489 4152 573 4200 asuuia
598 4151 800 4203 Samothraciam
836 4153 892 4202 uiue
910 4152 1013 4216 tuqiut.
1031 4153 1171 4213 -oamae]
1188 4149 1243 4201 cir.
1262 4151 1311 4202 Od.
1331 4153 1357 4209 t,

276 4226 421 4287 supportari
443 4225 550 4274 iurauit.
586 4225 640 4275 Nisi
663 4225 730 4276 torte
748 4227 799 4278 ob·
836 4226 999 4288 it,5.l,3,
1016 4228 1095 4276 tl.-
1111 4223 1358 4287 uummuoeua]

276 4301 435 4360 stulticiam
467 4311 545 4358 nam,
573 4299 596 4351 si
617 4299 659 4350 vol
682 4301 798 4354 maxime
836 4301 938 4353 dictum
956 4301 1071 4353 estleia
1089 4303 1117 4350 ut
1142 4297 1234 4352 πόνον
1251 4305 1355 4358 πονεῖν,
