2998 4980
313 407 353 472 70
695 406 823 456 ιιοιιτιι
841 403 1010 456 cnnmuuu

355 561 497 631 'lentaris
520 581 681 627 numeros.
726 560 765 627 Ut
787 559 918 636 melius,
943 558 1102 646 quidquid
1125 560 1200 636 erit,
1224 560 1305 647 petil

300 775 303 780 Ι
354 687 418 752 Seu
441 683 551 771 plnres
573 682 697 748 hiemes
720 701 779 748 seu
801 680 911 748 tribuit
933 681 1076 768 luppiter
1097 680 1257 758 ultimam,

354 846 445 924 Quae
467 861 551 907 nnnc
573 839 730 927 oppositis
752 838 895 908 debilitat
915 838 1097 927 pumicibus
1120 860 1209 906 marc
1378 843 1397 905 5

364 1041 565 1165 ¹ltdierupturis
590 1038 671 1088 bSTc.
700 1067 726 1074 -
753 1037 777 1090 l.
802 1037 892 1088 tatur
915 1051 930 1088 e
954 1038 1037 1088 cedd.
1066 1039 1093 1088 F.
1115 1066 1142 1075 -
1167 1040 1191 1088 5.
1212 1039 1260 1101 (lui
1277 1039 1363 1090 Codd.

343 1117 407 1166 Ban
427 1117 479 1165 inii.

310 1295 372 1344 cant
400 1292 506 1351 Graeci;
539 1292 651 1341 rationes
688 1289 836 1340 Chaldaicos
871 1287 962 1356 Biand.
995 1289 1043 1352 Qui
1060 1289 1192 1354 (luppiter)
1210 1289 1252 1341 vel
1265 1290 1326 1342 ideo
1340 1294 1401 1344 reii-

312 1367 365 1418 Cic.
385 1364 419 1416 de
437 1366 494 1416 Div.
507 1365 532 1428 2,
546 1364 586 1417 ti.
600 1391 628 1402 -
641 1364 753 1415 Teum
769 1362 837 1414 «sol-
872 1362 967 1413 cienda
989 1364 1042 1423 est,
1066 1365 1127 1428 quia
1148 1365 1227 1416 huius
1248 1367 1398 1418 sententiae

311 1442 381 1493 licite
394 1439 565 1504 exploraris.»
584 1439 637 1491 Cir.
651 1440 699 1490 od.
714 1441 738 1501 t,
754 1439 795 1500 28,
808 1441 832 1489 5.
872 1435 942 1487 nulia
964 1439 1071 1488 omnino
1096 1437 1164 1490 ieret
1186 1439 1309 1491 iunctura
1335 1455 1399 1492 cum

313 1545 339 1554 -
368 1517 397 1566 Ut
417 1515 512 1580 meiius]
542 1517 668 1575 «Quanto
691 1515 773 1565 satius
795 1515 836 1564 ast
871 1510 974 1574 reliquo
991 1513 1122 1572 carmine;
1145 1514 1218 1578 pingi
1235 1517 1328 1565 contra
1350 1515 1400 1566 de·

311 1593 390 1642 etiam
412 1589 482 1640 mala
503 1590 572 1654 pati,
599 1587 646 1638 ubi
669 1588 834 1650 advenerint,
871 1585 954 1636 bebat
971 1585 1185 1638 terribilishnius
1197 1587 1303 1650 hiemis,
1325 1591 1400 1642 eius-

309 1679 391 1729 quum
408 1666 440 1715 iis
456 1666 517 1715 ante
536 1661 705 1730 explorandis
726 1664 835 1713 maesti·
871 1660 935 1711 dem
953 1661 1065 1712 tortasse
1082 1662 1203 1723 ultimae,
1222 1664 1340 1728 impetus
1359 1669 1402 1715 at·

310 1741 375 1790 tiam
392 1741 550 1803 perpetuam
572 1739 618 1788 tibi
638 1739 834 1803 praepararet»
871 1749 924 1799 que
950 1737 1060 1786 insania.
1095 1737 1215 1787 Deducat
1239 1741 1331 1788 eutem
1360 1742 1401 1791 est

310 1813 421 1864 Salmas.
446 1813 480 1862 ad
497 1813 567 1862 Tert.
587 1813 621 1862 de
639 1811 719 1862 Pallio
736 1825 762 1875 p.
776 1812 833 1861 322.
872 1809 994 1872 «collidit,
1012 1811 1165 1872 rescidit»
1183 1813 1248 1863 dum
1261 1813 1353 1864 undae
1366 1814 1401 1864 ad

311 1887 476 1951 comparavit
492 1880 533 1948 ὥς
550 1883 645 1952 πολλῷ
663 1879 793 1950 ἄμεινον.
870 1885 992 1948 pumices
1014 1883 1071 1935 illos
1088 1899 1148 1936 sese
1165 1887 1322 1949 infringunt,
1346 1901 1401 1938 non
1496 1917 1497 1958 3

344 1961 368 2012 i.
388 1963 412 2011 a.
431 1961 532 2024 Excipit
544 1962 675 2024 protasin:
694 1961 837 2023 Scupiurcs
873 1957 1047 2022 «tranquillat,
1061 1963 1194 2023 coercet»
1206 1965 1236 2012 ut
1244 1975 1331 2026 nuper
1342 1964 1402 2027 qui·

311 2061 326 2074 -
342 2061 356 2072 -
373 2048 445 2085 naara
463 2035 632 2098 iunicum,
651 2035 776 2100 epodosis
792 2047 836 2084 so·
872 2033 935 2083 dam
952 2031 1100 2097 explicavit.

305 2111 372 2173 pios.
392 2110 488 2160 Contra
499 2108 619 2174 plerique
631 2112 730 2174 puncto
742 2110 836 2160 distin-
905 2108 929 2156 6.
947 2109 1041 2172 sapias]
1066 2109 1181 2158 «Omitte
1201 2108 1272 2159 illam
1289 2109 1401 2162 stultam

309 2187 393 2248 gaunt
409 2187 470 2235 ante
487 2197 512 2234 v.
525 2185 622 2247 sopiam
642 2187 671 2234 ut
682 2197 768 2249 nuper
779 2197 838 2234 run-
872 2181 1076 2233 sollicitudinem
1093 2185 1129 2243 et,
1147 2187 1177 2234 ut
1187 2185 1337 2249 sapientem
1351 2187 1402 2236 de·
1497 2189 1498 2210 ¹

311 2273 357 2310 sus
383 2260 445 2310 iecit
469 2259 558 2323 Regel.
594 2262 715 2322 «Nema
742 2261 834 2324 inquit,
872 2259 924 2318 cet,
939 2257 1120 2307 iruerevita.»
1148 2259 1300 2322 imperativi
1317 2261 1403 2312 babet

311 2349 369 2384 «vv.
388 2337 509 2396 quidquid
525 2337 572 2385 crit
589 2337 746 2385 accuratiori
757 2337 837 2399 egent
871 2333 939 2392 vim,
959 2345 1009 2382 nec
1027 2333 1128 2382 dictum
1146 2336 1199 2395 est,
1222 2335 1252 2383 ut
1271 2334 1326 2385 volt
1343 2337 1402 2386 Pri-

312 2407 504 2472 explicatione,
531 2423 601 2472 quae
626 2422 703 2474 seqq.
730 2411 837 2460 Seruum
872 2407 977 2458 selanus
999 2407 1026 2455 T.
1050 2408 1075 2456 t.
1098 2419 1125 2471 p.
1152 2407 1208 2459 til.
1232 2410 1292 2470 lin,
1312 2413 1402 2474 prosi

311 2483 474 2532 subiicitur„
516 2484 578 2534 Mihi
602 2497 667 2535 vero
693 2485 754 2534 buic
777 2486 836 2548 opi·
871 2483 969 2544 sapies,
991 2480 1033 2531 vel
1054 2483 1142 2545 potius
1165 2483 1192 2532 in
1215 2485 1335 2534 oratione
1360 2487 1402 2536 di-

311 2558 382 2607 nioni
408 2559 524 2608 maxime
550 2571 644 2608 versus
669 2559 694 2608 6.
724 2572 834 2609 caesura
871 2557 1063 2619 recussum,
1082 2558 1103 2606 ri
1119 2559 1209 2620 sapies,
1227 2561 1398 2611 utestovid.

311 2632 447 2683 adversari
468 2633 582 2683 videtur.
612 2661 639 2669 -
665 2633 763 2698 iteratas]
787 2647 836 2686 an·
872 2635 931 2683 Am.
951 2634 975 2693 i,
994 2631 1018 2692 l,
1037 2633 1082 2682 29:
1114 2633 1185 2693 Quod
1201 2633 1245 2681 tibi
1260 2635 1400 2698 ιιιίιιιιοήι,

311 2720 373 2762 nos;
399 2711 504 2758 servata
528 2711 618 2758 tamen
641 2710 773 2773 primitiva
799 2711 836 2760 si·
871 2709 969 2770 sapias,
996 2707 1064 2756 bibat
1084 2709 1136 2769 ipae
1152 2707 1241 2758 iubeto.
1263 2735 1291 2744 -
1310 2709 1400 2774 tiques]

310 2782 476 2846 gnificetione
493 2784 582 2834 statim
604 2785 753 2848 praesentis
773 2785 835 2836 anni
871 2785 921 2832 Per
939 2780 1027 2831 coium
1044 2782 1192 2840 nivarium,
1210 2781 1253 2832 vei
1270 2795 1320 2846 per
1337 2797 1401 2835 sao-

308 2860 416 2921 tempus
442 2857 584 2908 hibernum
607 2858 737 2924 depingit;
765 2873 834 2923 quae
872 2855 961 2906 culum
982 2853 1093 2905 linteum
1115 2854 1239 2906 colebant
1260 2857 1317 2906 sive
1338 2871 1401 2909 sac-

310 2932 398 2982 hiems
414 2947 481 2982 nuuc
502 2933 612 2984 debilitat
627 2935 721 2996 undae,
744 2935 833 2995 elficit,
872 2929 970 2980 cabant
985 2932 1056 2990 vina,
1075 2944 1129 2993 quo
1152 2932 1261 2995 dempta
1279 2933 1355 2982 laece
1375 2935 1401 2983 et

310 3009 339 3055 ut
356 3005 511 3069 frangantur
527 3007 562 3058 ad
575 3010 695 3070 manticas,
714 3011 835 3060 nontam
872 3005 938 3056 ssore
956 3003 1095 3068 liquidiora
1107 3005 1210 3056 tierent.
1232 3007 1343 3058 Martini.
1359 3008 1399 3069 il,

308 3082 416 3145 proprie
434 3083 528 3142 dictos,
548 3096 638 3146 quam,
660 3087 689 3132 nt
706 3087 747 3134 est
764 3084 835 3148 apud
873 3079 934 3131 tos:
975 3081 1072 3129 Setiam
1103 3093 1190 3130 moneo
1224 3086 1311 3131 nostro
1344 3083 1402 3132 aiae

310 3155 420 3206 Plinium
435 3157 477 3216 36,
496 3156 541 3208 li:
561 3160 721 3221 appellantur
738 3160 837 3220 quidem
871 3157 962 3219 sruoqe
994 3157 1111 3214 triantem
1144 3157 1298 3218 Pauperiore
1329 3171 1401 3209 merc

309 3231 348 3279 itu
365 3231 501 3294 (pumices)
524 3239 547 3282 ct
567 3247 640 3283 crosa
660 3247 741 3292 satem
763 3235 833 3296 virg.
873 3232 970 3294 liupere
987 3231 1131 3292 linopola.

311 3307 376 3354 aen.
397 3307 420 3365 5,
440 3307 501 3356 ati:
529 3309 655 3370 caraea,
683 3311 725 3358 car
750 3311 837 3358 mmm
906 3305 930 3354 c.
951 3307 1100 3370 «reputans
1110 3307 1208 3366 ecum.
1222 3319 1303 3369 quam
1315 3305 1399 3365 breve

311 3385 333 3427 et
359 3380 441 3427 daiam
465 3381 586 3430 latebroso
607 3384 633 3430 iu
650 3385 749 3444 manue
773 3385 835 3444 uidi,
872 3384 942 3432 vitae
954 3383 988 3431 sit
999 3382 1123 3444 spatium,
1137 3383 1241 3432 eertum
1254 3383 1398 3432 terminum

314 3455 472 3515 (iterumque
486 3455 525 3514 46,
539 3457 616 3516 titii),
628 3471 698 3507 cresco
710 3459 761 3507 rute
771 3472 839 3508 saro
873 3459 936 3506 siste
949 3456 1045 3507 nimiae
1058 3457 1114 3520 spei
1127 3455 1161 3506 de
1179 3456 1265 3507 luturo
1278 3459 1399 3520 tempore

308 3541 399 3589 peresa
412 3527 524 3588 (Lucret.
540 3531 563 3590 i,
576 3530 644 3594 32⁰.)
657 3537 684 3582 et
696 3535 836 3597 propterea
874 3531 934 3594 (ψει
955 3531 1058 3593 touque,
1082 3532 1111 3578 nt
1132 3530 1180 3580 Od.
1205 3531 1228 3589 l,
1251 3531 1276 3590 l,
1299 3533 1349 3595 ib.)
1372 3535 1399 3581 et

312 3601 462 3665 pumicibus
492 3605 585 3655 nativis
617 3605 719 3656 similia.
761 3607 838 3656 Sido·
873 3607 932 3654 vive
951 3605 1153 3668 inpraesentia.
1189 3607 1243 3654 ium
1266 3605 1332 3655 dum
1350 3606 1400 3655 ‹io-

312 3677 371 3726 nius
396 3676 478 3740 Apoll.
507 3681 547 3737 tr.
572 3682 617 3731 26:
644 3683 765 3733 Eaeterior
789 3697 839 3732 ocu
874 3681 987 3730 utrinam
1005 3679 1074 3728 hanc
1091 3679 1139 3729 tibi
1151 3680 1238 3739 trado,
1258 3681 1321 3742 fugit
1332 3682 1400 3730 irre-

311 3755 411 3812 corupto
443 3753 526 3815 sileo,
560 3758 602 3806 scd
632 3757 757 3819 prominet
790 3759 840 3807 otte
874 3753 992 3820 parabile
1010 3757 1125 3818 tempus,
1144 3755 1216 3818 quod
1228 3754 1342 3806 laetitiae
1354 3757 1401 3805 de·

311 3826 388 3888 Aspar
404 3827 436 3875 ab
452 3829 553 3880 msiduo
569 3832 840 3894 lymphammvarberc
874 3830 964 3880 dicare
982 3830 1188 3893 potuissemus.»
1211 3828 1400 3894 Neoptolemus
1451 3847 1455 3856 ·

308 3915 428 3964 pumex.
454 3929 480 3938 -
504 3908 628 3972 oppositis]
653 3908 740 3957 «mari
762 3907 838 3957 obie-
874 3919 917 3968 ap.
941 3903 1017 3954 Diod.
1044 3905 1095 3954 Sic.
1124 3905 1164 3964 ic,
1188 3905 1232 3954 92:
1268 3899 1400 3966 ἄφαντος

312 3977 361 4027 ctis
390 3977 415 4026 in
445 3981 564 4030 extremo
592 3980 667 4031 litore
694 3981 839 4045 [luctisropo
875 3977 1007 4050 προσέβα
1034 3976 1154 4050 Μακρὰς
1182 3973 1399 4050 ἀᾳιιιρούμενος

314 4051 425 4111 (Lunrct.
453 4052 476 4112 l,
495 4055 579 4117 2993.»
614 4055 670 4104 Noli
696 4067 759 4103 cum
782 4054 838 4106 aliis
874 4052 990 4116 ἐλπίδας
1006 4052 1123 4121 θανάτῳ
1140 4047 1400 4120 ΠολύμοχιῖοςἍι-

314 4128 430 4187 cogitare
448 4127 482 4176 do
501 4128 616 4179 molibus
637 4130 695 4178 arte
713 4128 788 4178 iactis
806 4143 837 4179 cx
874 4126 935 4191 δας.
972 4130 1007 4178 Ex
1030 4129 1060 4178 iis
1079 4132 1120 4179 est
1139 4129 1204 4180 locis
1223 4131 1259 4192 (ut
1277 4129 1332 4179 iere
1350 4127 1396 4178 Od.

313 4201 420 4262 pumice
438 4205 463 4250 et
481 4201 590 4264 pulvere
608 4201 760 4252 Puteolano.
784 4204 838 4266 (Vi-
877 4204 900 4262 i,
919 4205 943 4264 6,
963 4203 997 4264 i.)
1016 4203 1061 4253 ubi
1079 4203 1209 4255 ablativus
1224 4201 1362 4255 absolutus
1374 4203 1399 4252 et

313 4275 381 4322 truv.
401 4275 426 4332 t,
445 4275 470 4324 6.
489 4279 516 4324 et
533 4277 557 4337 6,
577 4277 611 4338 6.)
647 4278 729 4327 Lecti.
750 4277 835 4328 Codd.
875 4276 1082 4330 instrumentalis
1093 4279 1208 4332 invicem
1217 4291 1246 4330 so
1258 4281 1397 4344 penetrant
