<?xml version="1.0" encoding="UTF-8"?>
<!DOCTYPE html PUBLIC "-//W3C//DTD XHTML 1.0 Transitional//EN"
    "http://www.w3.org/TR/xhtml1/DTD/xhtml1-transitional.dtd">
<html xmlns="http://www.w3.org/1999/xhtml" xml:lang="en" lang="en">
 <head>
  <title>
</title>
<meta http-equiv="Content-Type" content="text/html;charset=utf-8" />
  <meta name='ocr-system' content='tesseract 3.04.00' />
  <meta name='ocr-capabilities' content='ocr_page ocr_carea ocr_par ocr_line ocrx_word'/>
</head>
<body>
  <div class='ocr_page' id='page_1' title='image "./qhoratiusflaccu02baitgoog/qhoratiusflaccu02baitgoog_0165.png"; bbox 0 0 2998 4980; ppageno 0'>
   <div class='ocr_carea' id='block_1_1' title="bbox 342 447 1034 516">
    <p class='ocr_par' dir='ltr' id='par_1_1' title="bbox 342 447 1034 516">
     <span class='ocr_line' id='line_1_1' title="bbox 342 447 1034 516; baseline -0.003 -14"><span class='ocrx_word' id='word_1_1' title='bbox 342 451 403 516; x_wconf 71' lang='grc'>430</span> <span class='ocrx_word' id='word_1_2' title='bbox 721 449 848 500; x_wconf 75' lang='lat' dir='ltr'>flottam</span> <span class='ocrx_word' id='word_1_3' title='bbox 867 447 1034 502; x_wconf 72' lang='lat' dir='ltr'>clamauit</span> 
     </span>
    </p>
   </div>
   <div class='ocr_carea' id='block_1_2' title="bbox 499 602 1186 816">
    <p class='ocr_par' dir='ltr' id='par_1_2' title="bbox 499 602 1186 816">
     <span class='ocr_line' id='line_1_2' title="bbox 499 602 1186 692; baseline -0.004 -20"><span class='ocrx_word' id='word_1_4' title='bbox 499 632 503 642; x_wconf 93' lang='lat'><em>·</em></span> <span class='ocrx_word' id='word_1_5' title='bbox 552 607 729 673; x_wconf 83' lang='lat' dir='ltr'>Caucasum</span> <span class='ocrx_word' id='word_1_6' title='bbox 751 606 801 671; x_wconf 90' lang='lat' dir='ltr'>vel</span> <span class='ocrx_word' id='word_1_7' title='bbox 823 625 908 692; x_wconf 89' lang='lat' dir='ltr'>quae</span> <span class='ocrx_word' id='word_1_8' title='bbox 930 603 1001 670; x_wconf 83' lang='lat' dir='ltr'>loca</span> <span class='ocrx_word' id='word_1_9' title='bbox 1023 602 1186 670; x_wconf 79' lang='lat' dir='ltr'>fabulosus</span> 
     </span>
     <span class='ocr_line' id='line_1_3' title="bbox 675 725 1078 816; baseline -0.005 -24"><span class='ocrx_word' id='word_1_10' title='bbox 675 725 799 793; x_wconf 93' lang='lat' dir='ltr'>Lambit</span> <span class='ocrx_word' id='word_1_11' title='bbox 820 725 1000 816; x_wconf 81' lang='lat' dir='ltr'>Hydaspes.</span> <span class='ocrx_word' id='word_1_12' title='bbox 1072 739 1078 752; x_wconf 91' lang='lat'>·</span> 
     </span>
    </p>
   </div>
   <div class='ocr_carea' id='block_1_3' title="bbox 548 883 1414 1336">
    <p class='ocr_par' dir='ltr' id='par_1_3' title="bbox 548 883 1414 1214">
     <span class='ocr_line' id='line_1_4' title="bbox 548 883 1195 974; baseline -0.003 -22"><span class='ocrx_word' id='word_1_13' title='bbox 548 889 691 974; x_wconf 84' lang='lat' dir='ltr'><strong>Namque</strong></span> <span class='ocrx_word' id='word_1_14' title='bbox 714 905 765 950; x_wconf 88' lang='lat' dir='ltr'>me</span> <span class='ocrx_word' id='word_1_15' title='bbox 788 883 868 952; x_wconf 90' lang='lat' dir='ltr'>silva</span> <span class='ocrx_word' id='word_1_16' title='bbox 888 884 985 972; x_wconf 91' lang='lat' dir='ltr'>lupus</span> <span class='ocrx_word' id='word_1_17' title='bbox 1008 883 1039 949; x_wconf 90' lang='lat' dir='ltr'>in</span> <span class='ocrx_word' id='word_1_18' title='bbox 1062 884 1195 957; x_wconf 84' lang='lat' dir='ltr'>Sabina,</span> 
     </span>
     <span class='ocr_line' id='line_1_5' title="bbox 550 1002 1414 1094; baseline -0.008 -22"><span class='ocrx_word' id='word_1_19' title='bbox 550 1009 633 1072; x_wconf 90' lang='lat' dir='ltr'>Dum</span> <span class='ocrx_word' id='word_1_20' title='bbox 655 1027 761 1073; x_wconf 90' lang='lat' dir='ltr'>meam</span> <span class='ocrx_word' id='word_1_21' title='bbox 782 1016 875 1072; x_wconf 87' lang='lat' dir='ltr'>canto</span> <span class='ocrx_word' id='word_1_22' title='bbox 896 1004 1036 1094; x_wconf 80' lang='lat' dir='ltr'><strong>Lalagen</strong></span> <span class='ocrx_word' id='word_1_23' title='bbox 1058 1014 1089 1072; x_wconf 89' lang='lat' dir='ltr'>et</span> <span class='ocrx_word' id='word_1_24' title='bbox 1109 1004 1192 1070; x_wconf 89' lang='lat' dir='ltr'>ultra</span> <span class='ocrx_word' id='word_1_25' title='bbox 1383 1002 1414 1066; x_wconf 83' lang='lat' dir='ltr'>to</span> 
     </span>
     <span class='ocr_line' id='line_1_6' title="bbox 549 1125 1152 1214; baseline 0 -22"><span class='ocrx_word' id='word_1_26' title='bbox 549 1129 731 1194; x_wconf 89' lang='lat' dir='ltr'>Terminum</span> <span class='ocrx_word' id='word_1_27' title='bbox 753 1127 839 1194; x_wconf 87' lang='lat' dir='ltr'>curis</span> <span class='ocrx_word' id='word_1_28' title='bbox 860 1146 960 1214; x_wconf 83' lang='lat' dir='ltr'>vagor</span> <span class='ocrx_word' id='word_1_29' title='bbox 980 1125 1152 1214; x_wconf 57' lang='lat' dir='ltr'>expeditis</span> 
     </span>
    </p>

    <p class='ocr_par' dir='ltr' id='par_1_4' title="bbox 675 1248 961 1336">
     <span class='ocr_line' id='line_1_7' title="bbox 675 1248 961 1336; baseline -0.01 -21"><span class='ocrx_word' id='word_1_30' title='bbox 675 1249 766 1336; x_wconf 82' lang='lat' dir='ltr'>Fugit</span> <span class='ocrx_word' id='word_1_31' title='bbox 789 1248 961 1324; x_wconf 84' lang='lat' dir='ltr'><strong>inermem,</strong></span> 
     </span>
    </p>
   </div>
   <div class='ocr_carea' id='block_1_4' title="bbox 549 1404 1150 1494">
    <p class='ocr_par' dir='ltr' id='par_1_5' title="bbox 549 1404 1150 1494">
     <span class='ocr_line' id='line_1_8' title="bbox 549 1404 1150 1494; baseline -0.005 -20"><span class='ocrx_word' id='word_1_32' title='bbox 549 1407 651 1488; x_wconf 88' lang='lat' dir='ltr'>Quale</span> <span class='ocrx_word' id='word_1_33' title='bbox 674 1417 856 1494; x_wconf 84' lang='lat' dir='ltr'>portentum</span> <span class='ocrx_word' id='word_1_34' title='bbox 877 1426 984 1494; x_wconf 85' lang='lat' dir='ltr'>neque</span> <span class='ocrx_word' id='word_1_35' title='bbox 1005 1404 1150 1472; x_wconf 89' lang='lat' dir='ltr'>militaris</span> 
     </span>
    </p>
   </div>
   <div class='ocr_carea' id='block_1_5' title="bbox 370 1611 1387 1751">
    <p class='ocr_par' dir='ltr' id='par_1_6' title="bbox 370 1611 1387 1751">
     <span class='ocr_line' id='line_1_9' title="bbox 404 1611 1387 1684; baseline -0.006 -16"><span class='ocrx_word' id='word_1_36' title='bbox 404 1620 443 1668; x_wconf 91' lang='lat' dir='ltr'>tt.</span> <span class='ocrx_word' id='word_1_37' title='bbox 461 1618 589 1679; x_wconf 77' lang='lat' dir='ltr'>expeditus</span> <span class='ocrx_word' id='word_1_38' title='bbox 613 1615 630 1665; x_wconf 92' lang='lat' dir='ltr'>d</span> <span class='ocrx_word' id='word_1_39' title='bbox 651 1619 678 1665; x_wconf 89' lang='lat' dir='ltr'>et</span> <span class='ocrx_word' id='word_1_40' title='bbox 698 1628 767 1666; x_wconf 88' lang='lat' dir='ltr'>oorr.</span> <span class='ocrx_word' id='word_1_41' title='bbox 789 1613 828 1674; x_wconf 68' lang='lat' dir='ltr'>ln,</span> <span class='ocrx_word' id='word_1_42' title='bbox 853 1615 917 1664; x_wconf 86' lang='lat' dir='ltr'>item</span> <span class='ocrx_word' id='word_1_43' title='bbox 937 1611 1028 1674; x_wconf 76' lang='lat' dir='ltr'>Aldus,</span> <span class='ocrx_word' id='word_1_44' title='bbox 1051 1613 1082 1663; x_wconf 84' lang='lat' dir='ltr'>Lt</span> <span class='ocrx_word' id='word_1_45' title='bbox 1098 1615 1126 1663; x_wconf 89' lang='lat' dir='ltr'>et</span> <span class='ocrx_word' id='word_1_46' title='bbox 1141 1611 1228 1684; x_wconf 84' lang='lat' dir='ltr'>Bentl.</span> <span class='ocrx_word' id='word_1_47' title='bbox 1264 1613 1387 1678; x_wconf 85' lang='lat' dir='ltr'>(Codices</span> 
     </span>
     <span class='ocr_line' id='line_1_10' title="bbox 370 1685 1386 1751; baseline -0.006 -8"><span class='ocrx_word' id='word_1_48' title='bbox 370 1707 423 1744; x_wconf 91' lang='lat' dir='ltr'>non</span> <span class='ocrx_word' id='word_1_49' title='bbox 440 1693 565 1742; x_wconf 88' lang='lat' dir='ltr'>nominat.</span> <span class='ocrx_word' id='word_1_50' title='bbox 593 1693 623 1742; x_wconf 89' lang='lat' dir='ltr'>Ut</span> <span class='ocrx_word' id='word_1_51' title='bbox 640 1703 697 1750; x_wconf 90' lang='lat' dir='ltr'>nos,</span> <span class='ocrx_word' id='word_1_52' title='bbox 721 1689 804 1740; x_wconf 84' lang='lat' dir='ltr'>ceteri</span> <span class='ocrx_word' id='word_1_53' title='bbox 820 1688 912 1749; x_wconf 84' lang='lat' dir='ltr'>nostri,</span> <span class='ocrx_word' id='word_1_54' title='bbox 930 1689 1054 1751; x_wconf 87' lang='lat' dir='ltr'>quattuor</span> <span class='ocrx_word' id='word_1_55' title='bbox 1068 1685 1170 1750; x_wconf 85' lang='lat' dir='ltr'>Bland,</span> <span class='ocrx_word' id='word_1_56' title='bbox 1188 1687 1257 1738; x_wconf 87' lang='lat' dir='ltr'>Pott.</span> <span class='ocrx_word' id='word_1_57' title='bbox 1272 1687 1386 1749; x_wconf 74' lang='lat' dir='ltr'>decem.)</span> 
     </span>
    </p>
   </div>
   <div class='ocr_carea' id='block_1_6' title="bbox 369 1853 1415 1923">
    <p class='ocr_par' dir='ltr' id='par_1_7' title="bbox 369 1853 1415 1923">
     <span class='ocr_line' id='line_1_11' title="bbox 369 1853 1415 1923; baseline -0.008 -13"><span class='ocrx_word' id='word_1_58' title='bbox 369 1863 393 1910; x_wconf 82' lang='lat'>7.</span> <span class='ocrx_word' id='word_1_59' title='bbox 413 1862 436 1910; x_wconf 89' lang='lat'>8.</span> <span class='ocrx_word' id='word_1_60' title='bbox 463 1857 741 1923; x_wconf 60' lang='lat' dir='ltr'>[oudone-Humentes,</span> <span class='ocrx_word' id='word_1_61' title='bbox 761 1868 859 1907; x_wconf 88' lang='lat' dir='ltr'>nomen</span> <span class='ocrx_word' id='word_1_62' title='bbox 897 1855 988 1904; x_wconf 86' lang='lat' dir='ltr'>sextus</span> <span class='ocrx_word' id='word_1_63' title='bbox 1011 1853 1132 1906; x_wconf 85' lang='lat' dir='ltr'>decimus</span> <span class='ocrx_word' id='word_1_64' title='bbox 1152 1853 1276 1918; x_wconf 79' lang='lat' dir='ltr'><strong>Collyrae</strong></span> <span class='ocrx_word' id='word_1_65' title='bbox 1298 1853 1415 1906; x_wconf 86' lang='lat' dir='ltr'>inscribi·</span> 
     </span>
    </p>
   </div>
   <div class='ocr_carea' id='block_1_7' title="bbox 236 1929 1414 1997">
    <p class='ocr_par' dir='ltr' id='par_1_8' title="bbox 236 1929 1414 1997">
     <span class='ocr_line' id='line_1_12' title="bbox 236 1929 1414 1997; baseline -0.007 -12"><span class='ocrx_word' id='word_1_66' title='bbox 236 1951 240 1960; x_wconf 93' lang='lat'>·</span> <span class='ocrx_word' id='word_1_67' title='bbox 338 1935 493 1997; x_wconf 90' lang='lat' dir='ltr'>corruptum</span> <span class='ocrx_word' id='word_1_68' title='bbox 507 1946 539 1982; x_wconf 83' lang='lat' dir='ltr'>ex</span> <span class='ocrx_word' id='word_1_69' title='bbox 551 1930 642 1982; x_wconf 88' lang='lat' dir='ltr'>Indico</span> <span class='ocrx_word' id='word_1_70' title='bbox 658 1932 752 1980; x_wconf 75' lang='lat' dir='ltr'>Vltostd</span> <span class='ocrx_word' id='word_1_71' title='bbox 763 1929 860 1980; x_wconf 72' lang='lat' dir='ltr'>«emis-</span> <span class='ocrx_word' id='word_1_72' title='bbox 897 1929 953 1990; x_wconf 87' lang='lat' dir='ltr'>tur,</span> <span class='ocrx_word' id='word_1_73' title='bbox 977 1943 1023 1990; x_wconf 82' lang='lat' dir='ltr'>eo,</span> <span class='ocrx_word' id='word_1_74' title='bbox 1050 1929 1121 1992; x_wconf 86' lang='lat' dir='ltr'>quod</span> <span class='ocrx_word' id='word_1_75' title='bbox 1147 1930 1181 1980; x_wconf 90' lang='lat' dir='ltr'>de</span> <span class='ocrx_word' id='word_1_76' title='bbox 1203 1930 1312 1994; x_wconf 81' lang='lat' dir='ltr'>Collyra</span> <span class='ocrx_word' id='word_1_77' title='bbox 1337 1929 1414 1980; x_wconf 85' lang='lat' dir='ltr'>amica</span> 
     </span>
    </p>
   </div>
   <div class='ocr_carea' id='block_1_8' title="bbox 333 2003 1416 4377">
    <p class='ocr_par' dir='ltr' id='par_1_9' title="bbox 333 2003 1416 4377">
     <span class='ocr_line' id='line_1_13' title="bbox 338 2003 1416 2070; baseline -0.006 -11"><span class='ocrx_word' id='word_1_78' title='bbox 338 2021 383 2059; x_wconf 76' lang='lat' dir='ltr'>sar</span> <span class='ocrx_word' id='word_1_79' title='bbox 395 2009 435 2070; x_wconf 85' lang='lat' dir='ltr'>(ci.</span> <span class='ocrx_word' id='word_1_80' title='bbox 447 2009 519 2057; x_wconf 88' lang='lat' dir='ltr'>Lass.</span> <span class='ocrx_word' id='word_1_81' title='bbox 531 2003 641 2055; x_wconf 73' lang='lat' dir='ltr'>indrllt.</span> <span class='ocrx_word' id='word_1_82' title='bbox 650 2006 669 2053; x_wconf 94' lang='lat' dir='ltr'>l.</span> <span class='ocrx_word' id='word_1_83' title='bbox 679 2003 719 2054; x_wconf 85' lang='lat' dir='ltr'>lt.</span> <span class='ocrx_word' id='word_1_84' title='bbox 728 2017 753 2054; x_wconf 90' lang='lat' dir='ltr'>n.</span> <span class='ocrx_word' id='word_1_85' title='bbox 762 2003 807 2066; x_wconf 70' lang='grc'>2.),</span> <span class='ocrx_word' id='word_1_86' title='bbox 819 2005 861 2052; x_wconf 85' lang='lat' dir='ltr'>est</span> <span class='ocrx_word' id='word_1_87' title='bbox 897 2005 1012 2067; x_wconf 86' lang='lat' dir='ltr'>scriptus</span> <span class='ocrx_word' id='word_1_88' title='bbox 1023 2005 1083 2054; x_wconf 76' lang='lat' dir='ltr'>sit.»</span> <span class='ocrx_word' id='word_1_89' title='bbox 1102 2003 1149 2054; x_wconf 88' lang='lat' dir='ltr'>Ed.</span> <span class='ocrx_word' id='word_1_90' title='bbox 1162 2005 1220 2056; x_wconf 88' lang='lat' dir='ltr'>Bas.</span> <span class='ocrx_word' id='word_1_91' title='bbox 1235 2007 1315 2057; x_wconf 78' lang='lat'><strong>⁴580:</strong></span> <span class='ocrx_word' id='word_1_92' title='bbox 1330 2005 1416 2054; x_wconf 79' lang='lat' dir='ltr'>«Com-</span> 
     </span>
     <span class='ocr_line' id='line_1_14' title="bbox 338 2074 1415 2146; baseline -0.007 -14"><span class='ocrx_word' id='word_1_93' title='bbox 338 2082 426 2132; x_wconf 87' lang='lat' dir='ltr'>lndiae</span> <span class='ocrx_word' id='word_1_94' title='bbox 446 2081 542 2130; x_wconf 88' lang='lat' dir='ltr'>liuvius</span> <span class='ocrx_word' id='word_1_95' title='bbox 566 2079 636 2142; x_wconf 82' lang='lat' dir='ltr'>(hod.</span> <span class='ocrx_word' id='word_1_96' title='bbox 657 2077 753 2143; x_wconf 70' lang='lat' dir='ltr'>Belial),</span> <span class='ocrx_word' id='word_1_97' title='bbox 771 2091 859 2141; x_wconf 88' lang='lat' dir='ltr'>usque</span> <span class='ocrx_word' id='word_1_98' title='bbox 897 2091 977 2142; x_wconf 83' lang='lat' dir='ltr'>pono,</span> <span class='ocrx_word' id='word_1_99' title='bbox 995 2077 1051 2130; x_wconf 86' lang='lat' dir='ltr'>scil.</span> <span class='ocrx_word' id='word_1_100' title='bbox 1071 2078 1169 2130; x_wconf 90' lang='lat' dir='ltr'>librum</span> <span class='ocrx_word' id='word_1_101' title='bbox 1185 2078 1310 2146; x_wconf 83' lang='lat' dir='ltr'>Lalagen.</span> <span class='ocrx_word' id='word_1_102' title='bbox 1340 2080 1376 2128; x_wconf 84' lang='lat' dir='ltr'>lta</span> <span class='ocrx_word' id='word_1_103' title='bbox 1391 2074 1415 2124; x_wconf 88' lang='lat' dir='ltr'>li·</span> 
     </span>
     <span class='ocr_line' id='line_1_15' title="bbox 338 2151 1415 2219; baseline -0.008 -12"><span class='ocrx_word' id='word_1_104' title='bbox 338 2156 371 2207; x_wconf 89' lang='lat' dir='ltr'>ad</span> <span class='ocrx_word' id='word_1_105' title='bbox 387 2169 469 2219; x_wconf 88' lang='lat' dir='ltr'>quem</span> <span class='ocrx_word' id='word_1_106' title='bbox 485 2154 634 2205; x_wconf 78' lang='lat' dir='ltr'>Alexander</span> <span class='ocrx_word' id='word_1_107' title='bbox 650 2155 683 2204; x_wconf 85' lang='lat' dir='ltr'>lli.</span> <span class='ocrx_word' id='word_1_108' title='bbox 696 2154 857 2218; x_wconf 88' lang='lat' dir='ltr'>penetrarat.</span> <span class='ocrx_word' id='word_1_109' title='bbox 896 2151 947 2201; x_wconf 91' lang='lat' dir='ltr'>ber</span> <span class='ocrx_word' id='word_1_110' title='bbox 964 2153 1022 2202; x_wconf 81' lang='lat' dir='ltr'>Ser.</span> <span class='ocrx_word' id='word_1_111' title='bbox 1045 2153 1119 2204; x_wconf 86' lang='lat' dir='ltr'><strong>Decii</strong></span> <span class='ocrx_word' id='word_1_112' title='bbox 1140 2151 1246 2217; x_wconf 79' lang='lat' dir='ltr'>Collyra</span> <span class='ocrx_word' id='word_1_113' title='bbox 1267 2152 1415 2205; x_wconf 85' lang='lat' dir='ltr'>inscribitur</span> 
     </span>
     <span class='ocr_line' id='line_1_16' title="bbox 338 2219 1414 2293; baseline -0.008 -11"><span class='ocrx_word' id='word_1_114' title='bbox 338 2234 376 2282; x_wconf 85' lang='lat' dir='ltr'>Do</span> <span class='ocrx_word' id='word_1_115' title='bbox 394 2245 427 2281; x_wconf 90' lang='lat' dir='ltr'>eo</span> <span class='ocrx_word' id='word_1_116' title='bbox 443 2229 525 2281; x_wconf 89' lang='lat' dir='ltr'>multa</span> <span class='ocrx_word' id='word_1_117' title='bbox 542 2229 656 2293; x_wconf 64' lang='lat' dir='ltr'>[obmsa</span> <span class='ocrx_word' id='word_1_118' title='bbox 673 2219 784 2293; x_wconf 82' lang='lat' dir='ltr'>apoetis</span> <span class='ocrx_word' id='word_1_119' title='bbox 797 2241 860 2276; x_wconf 90' lang='lat' dir='ltr'>nar·</span> <span class='ocrx_word' id='word_1_120' title='bbox 897 2229 965 2277; x_wconf 68' lang='lat' dir='ltr'>oet.»</span> <span class='ocrx_word' id='word_1_121' title='bbox 1002 2227 1054 2277; x_wconf 86' lang='lat' dir='ltr'>Cir.</span> <span class='ocrx_word' id='word_1_122' title='bbox 1073 2241 1125 2278; x_wconf 89' lang='lat' dir='ltr'>van</span> <span class='ocrx_word' id='word_1_123' title='bbox 1143 2227 1249 2278; x_wconf 83' lang='lat' dir='ltr'>Heusde</span> <span class='ocrx_word' id='word_1_124' title='bbox 1268 2227 1304 2278; x_wconf 88' lang='lat' dir='ltr'>ds</span> <span class='ocrx_word' id='word_1_125' title='bbox 1322 2229 1351 2278; x_wconf 84' lang='lat' dir='ltr'>L.</span> <span class='ocrx_word' id='word_1_126' title='bbox 1367 2227 1414 2275; x_wconf 77' lang='lat' dir='ltr'>le·</span> 
     </span>
     <span class='ocr_line' id='line_1_17' title="bbox 339 2299 1150 2365; baseline -0.005 -10"><span class='ocrx_word' id='word_1_127' title='bbox 339 2305 475 2364; x_wconf 76' lang='lat' dir='ltr'>rabuntur,</span> <span class='ocrx_word' id='word_1_128' title='bbox 494 2303 576 2354; x_wconf 90' lang='lat' dir='ltr'>veluti</span> <span class='ocrx_word' id='word_1_129' title='bbox 594 2303 739 2353; x_wconf 78' lang='lat' dir='ltr'>auriferum</span> <span class='ocrx_word' id='word_1_130' title='bbox 750 2301 862 2365; x_wconf 86' lang='lat' dir='ltr'>gemmi-</span> <span class='ocrx_word' id='word_1_131' title='bbox 897 2300 931 2351; x_wconf 90' lang='lat' dir='ltr'>lio</span> <span class='ocrx_word' id='word_1_132' title='bbox 950 2299 1047 2351; x_wconf 86' lang='lat' dir='ltr'>Stilone</span> <span class='ocrx_word' id='word_1_133' title='bbox 1065 2315 1090 2365; x_wconf 89' lang='lat' dir='ltr'>p.</span> <span class='ocrx_word' id='word_1_134' title='bbox 1110 2302 1150 2352; x_wconf 84' lang='lat'>38.</span> 
     </span>
     <span class='ocr_line' id='line_1_18' title="bbox 338 2376 1415 2442; baseline -0.009 -12"><span class='ocrx_word' id='word_1_135' title='bbox 338 2379 478 2441; x_wconf 84' lang='lat' dir='ltr'>ferumque</span> <span class='ocrx_word' id='word_1_136' title='bbox 497 2391 566 2438; x_wconf 84' lang='lat' dir='ltr'>esse,</span> <span class='ocrx_word' id='word_1_137' title='bbox 585 2378 743 2442; x_wconf 88' lang='lat' dir='ltr'>praesertim</span> <span class='ocrx_word' id='word_1_138' title='bbox 760 2378 786 2426; x_wconf 93' lang='lat' dir='ltr'>in</span> <span class='ocrx_word' id='word_1_139' title='bbox 796 2377 861 2427; x_wconf 90' lang='lat' dir='ltr'>Dio·</span> <span class='ocrx_word' id='word_1_140' title='bbox 924 2377 964 2425; x_wconf 84' lang='lat' dir='ltr'>tt.</span> <span class='ocrx_word' id='word_1_141' title='bbox 977 2376 1219 2441; x_wconf 73' lang='lat' dir='ltr'>ramtoom]«1tum</span> <span class='ocrx_word' id='word_1_142' title='bbox 1231 2377 1321 2428; x_wconf 87' lang='lat' dir='ltr'>tractu</span> <span class='ocrx_word' id='word_1_143' title='bbox 1332 2383 1415 2424; x_wconf 76' lang='lat' dir='ltr'>amoe</span> 
     </span>
     <span class='ocr_line' id='line_1_19' title="bbox 339 2445 1413 2518; baseline -0.012 -13"><span class='ocrx_word' id='word_1_144' title='bbox 339 2454 468 2518; x_wconf 79' lang='lat' dir='ltr'>nysiacis3</span> <span class='ocrx_word' id='word_1_145' title='bbox 488 2454 579 2502; x_wconf 86' lang='lat' dir='ltr'>ettota</span> <span class='ocrx_word' id='word_1_146' title='bbox 591 2451 664 2502; x_wconf 85' lang='lat' dir='ltr'>ludia</span> <span class='ocrx_word' id='word_1_147' title='bbox 676 2452 860 2516; x_wconf 89' lang='lat' dir='ltr'>portentorum</span> <span class='ocrx_word' id='word_1_148' title='bbox 897 2461 932 2499; x_wconf 91' lang='lat' dir='ltr'>no</span> <span class='ocrx_word' id='word_1_149' title='bbox 949 2463 981 2500; x_wconf 87' lang='lat' dir='ltr'>ac</span> <span class='ocrx_word' id='word_1_150' title='bbox 997 2449 1145 2514; x_wconf 89' lang='lat' dir='ltr'>voluptario</span> <span class='ocrx_word' id='word_1_151' title='bbox 1167 2453 1335 2515; x_wconf 85' lang='lat' dir='ltr'>somniisque</span> <span class='ocrx_word' id='word_1_152' title='bbox 1354 2445 1413 2498; x_wconf 85' lang='lat' dir='ltr'>meis</span> 
     </span>
     <span class='ocr_line' id='line_1_20' title="bbox 340 2518 1414 2593; baseline -0.003 -16"><span class='ocrx_word' id='word_1_153' title='bbox 340 2527 426 2593; x_wconf 87' lang='lat' dir='ltr'>plena.</span> <span class='ocrx_word' id='word_1_154' title='bbox 446 2524 492 2575; x_wconf 91' lang='lat' dir='ltr'>0d.</span> <span class='ocrx_word' id='word_1_155' title='bbox 510 2526 534 2586; x_wconf 86' lang='lat'>3,</span> <span class='ocrx_word' id='word_1_156' title='bbox 555 2525 583 2586; x_wconf 81' lang='lat' dir='ltr'>l,</span> <span class='ocrx_word' id='word_1_157' title='bbox 603 2525 630 2574; x_wconf 83' lang='lat'>9:</span> <span class='ocrx_word' id='word_1_158' title='bbox 658 2525 861 2589; x_wconf 63' lang='lat' dir='ltr'>[adamans-u</span> <span class='ocrx_word' id='word_1_159' title='bbox 897 2525 1108 2589; x_wconf 80' lang='lat' dir='ltr'>poeticiscaptus</span> <span class='ocrx_word' id='word_1_160' title='bbox 1117 2524 1184 2575; x_wconf 89' lang='lat' dir='ltr'>ultra</span> <span class='ocrx_word' id='word_1_161' title='bbox 1194 2518 1414 2586; x_wconf 79' lang='lat' dir='ltr'>terminumagelli</span> 
     </span>
     <span class='ocr_line' id='line_1_21' title="bbox 333 2595 1415 2665; baseline -0.005 -14"><span class='ocrx_word' id='word_1_162' title='bbox 333 2601 469 2665; x_wconf 71' lang='lat' dir='ltr'>patmon.</span> <span class='ocrx_word' id='word_1_163' title='bbox 494 2601 656 2650; x_wconf 86' lang='lat' dir='ltr'>Tae.Germ.</span> <span class='ocrx_word' id='word_1_164' title='bbox 682 2599 710 2649; x_wconf 85' lang='lat'>3:</span> <span class='ocrx_word' id='word_1_165' title='bbox 730 2598 807 2651; x_wconf 85' lang='lat' dir='ltr'>Ulixis</span> <span class='ocrx_word' id='word_1_166' title='bbox 822 2599 862 2662; x_wconf 70' lang='lat' dir='ltr'>sa-</span> <span class='ocrx_word' id='word_1_167' title='bbox 898 2600 950 2650; x_wconf 87' lang='lat' dir='ltr'>mei</span> <span class='ocrx_word' id='word_1_168' title='bbox 976 2598 1079 2659; x_wconf 89' lang='lat' dir='ltr'>Sabini,</span> <span class='ocrx_word' id='word_1_169' title='bbox 1113 2600 1181 2650; x_wconf 92' lang='lat' dir='ltr'>intra</span> <span class='ocrx_word' id='word_1_170' title='bbox 1213 2613 1297 2663; x_wconf 88' lang='lat' dir='ltr'>quem</span> <span class='ocrx_word' id='word_1_171' title='bbox 1329 2595 1415 2649; x_wconf 88' lang='lat' dir='ltr'>termi-</span> 
     </span>
     <span class='ocr_line' id='line_1_22' title="bbox 341 2673 1414 2734; baseline -0.007 -8"><span class='ocrx_word' id='word_1_172' title='bbox 341 2677 424 2726; x_wconf 83' lang='lat' dir='ltr'>buloso</span> <span class='ocrx_word' id='word_1_173' title='bbox 435 2687 529 2724; x_wconf 72' lang='lat' dir='ltr'>errore</span> <span class='ocrx_word' id='word_1_174' title='bbox 548 2673 654 2724; x_wconf 90' lang='lat' dir='ltr'>Curtius</span> <span class='ocrx_word' id='word_1_175' title='bbox 666 2673 863 2734; x_wconf 52' lang='lat' dir='ltr'>&amp;wilermus</span> <span class='ocrx_word' id='word_1_176' title='bbox 898 2685 962 2723; x_wconf 89' lang='lat' dir='ltr'>num</span> <span class='ocrx_word' id='word_1_177' title='bbox 980 2675 1034 2724; x_wconf 90' lang='lat' dir='ltr'>iera</span> <span class='ocrx_word' id='word_1_178' title='bbox 1056 2673 1126 2724; x_wconf 90' lang='lat' dir='ltr'>nulla</span> <span class='ocrx_word' id='word_1_179' title='bbox 1147 2675 1264 2724; x_wconf 90' lang='lat' dir='ltr'>timenda</span> <span class='ocrx_word' id='word_1_180' title='bbox 1285 2676 1354 2732; x_wconf 83' lang='lat' dir='ltr'>erat,</span> <span class='ocrx_word' id='word_1_181' title='bbox 1375 2683 1414 2719; x_wconf 85' lang='lat' dir='ltr'>se·</span> 
     </span>
     <span class='ocr_line' id='line_1_23' title="bbox 338 2745 1415 2813; baseline -0.003 -12"><span class='ocrx_word' id='word_1_182' title='bbox 338 2751 429 2810; x_wconf 77' lang='lat' dir='ltr'>oannis,</span> <span class='ocrx_word' id='word_1_183' title='bbox 445 2747 564 2812; x_wconf 61' lang='lat' dir='ltr'>sadum</span> <span class='ocrx_word' id='word_1_184' title='bbox 574 2749 729 2798; x_wconf 79' lang='lat' dir='ltr'>Graecorum</span> <span class='ocrx_word' id='word_1_185' title='bbox 742 2747 862 2796; x_wconf 66' lang='lat' dir='ltr'>comnmi-</span> <span class='ocrx_word' id='word_1_186' title='bbox 898 2760 979 2798; x_wconf 90' lang='lat' dir='ltr'>eurus</span> <span class='ocrx_word' id='word_1_187' title='bbox 997 2749 1023 2798; x_wconf 93' lang='lat' dir='ltr'>in</span> <span class='ocrx_word' id='word_1_188' title='bbox 1041 2761 1136 2799; x_wconf 84' lang='lat' dir='ltr'>nemus</span> <span class='ocrx_word' id='word_1_189' title='bbox 1154 2761 1279 2813; x_wconf 79' lang='lat' dir='ltr'>evagor.»</span> <span class='ocrx_word' id='word_1_190' title='bbox 1295 2775 1323 2786; x_wconf 91' lang='lat'>-</span> <span class='ocrx_word' id='word_1_191' title='bbox 1335 2745 1415 2798; x_wconf 70' lang='lat' dir='ltr'>wit·</span> 
     </span>
     <span class='ocr_line' id='line_1_24' title="bbox 339 2816 1414 2887; baseline -0.006 -11"><span class='ocrx_word' id='word_1_192' title='bbox 339 2823 499 2876; x_wconf 67' lang='lat' dir='ltr'>mossetena.</span> <span class='ocrx_word' id='word_1_193' title='bbox 512 2822 588 2872; x_wconf 82' lang='lat' dir='ltr'>Notio</span> <span class='ocrx_word' id='word_1_194' title='bbox 597 2822 671 2882; x_wconf 71' lang='lat' dir='ltr'>olori,</span> <span class='ocrx_word' id='word_1_195' title='bbox 681 2822 768 2883; x_wconf 77' lang='lat' dir='ltr'>incliti,</span> <span class='ocrx_word' id='word_1_196' title='bbox 779 2834 860 2884; x_wconf 87' lang='lat' dir='ltr'>quam</span> <span class='ocrx_word' id='word_1_197' title='bbox 896 2823 1025 2885; x_wconf 63' lang='lat' dir='ltr'>medule]</span> <span class='ocrx_word' id='word_1_198' title='bbox 1042 2824 1068 2873; x_wconf 93' lang='lat' dir='ltr'>in</span> <span class='ocrx_word' id='word_1_199' title='bbox 1079 2823 1197 2887; x_wconf 85' lang='lat' dir='ltr'>pedestri</span> <span class='ocrx_word' id='word_1_200' title='bbox 1214 2825 1337 2874; x_wconf 86' lang='lat' dir='ltr'>oratione</span> <span class='ocrx_word' id='word_1_201' title='bbox 1353 2816 1414 2870; x_wconf 69' lang='lat' dir='ltr'>uuit</span> 
     </span>
     <span class='ocr_line' id='line_1_25' title="bbox 337 2894 1414 2960; baseline -0.008 -9"><span class='ocrx_word' id='word_1_202' title='bbox 337 2902 381 2951; x_wconf 90' lang='lat' dir='ltr'>hio</span> <span class='ocrx_word' id='word_1_203' title='bbox 394 2894 511 2948; x_wconf 91' lang='lat' dir='ltr'>nonnulli</span> <span class='ocrx_word' id='word_1_204' title='bbox 523 2900 683 2960; x_wconf 79' lang='lat' dir='ltr'>agnoscunt,</span> <span class='ocrx_word' id='word_1_205' title='bbox 696 2910 750 2947; x_wconf 90' lang='lat' dir='ltr'>non</span> <span class='ocrx_word' id='word_1_206' title='bbox 762 2898 860 2947; x_wconf 89' lang='lat' dir='ltr'>estnisi</span> <span class='ocrx_word' id='word_1_207' title='bbox 897 2898 1041 2959; x_wconf 63' lang='lat' dir='ltr'>aspediae,</span> <span class='ocrx_word' id='word_1_208' title='bbox 1067 2901 1098 2948; x_wconf 93' lang='lat' dir='ltr'>ut</span> <span class='ocrx_word' id='word_1_209' title='bbox 1123 2897 1224 2948; x_wconf 89' lang='lat' dir='ltr'>habent</span> <span class='ocrx_word' id='word_1_210' title='bbox 1244 2897 1331 2950; x_wconf 84' lang='lat' dir='ltr'>codd.</span> <span class='ocrx_word' id='word_1_211' title='bbox 1354 2905 1414 2945; x_wconf 91' lang='lat' dir='ltr'>non-</span> 
     </span>
     <span class='ocr_line' id='line_1_26' title="bbox 338 2967 1414 3036; baseline -0.005 -11"><span class='ocrx_word' id='word_1_212' title='bbox 338 2971 506 3026; x_wconf 85' lang='lat' dir='ltr'>secundaria.</span> <span class='ocrx_word' id='word_1_213' title='bbox 551 2973 618 3021; x_wconf 83' lang='lat' dir='ltr'>Nam</span> <span class='ocrx_word' id='word_1_214' title='bbox 644 2970 707 3020; x_wconf 90' lang='lat' dir='ltr'>Plin.</span> <span class='ocrx_word' id='word_1_215' title='bbox 732 2971 762 3021; x_wconf 85' lang='lat' dir='ltr'>H.</span> <span class='ocrx_word' id='word_1_216' title='bbox 786 2973 817 3021; x_wconf 89' lang='lat' dir='ltr'>N.</span> <span class='ocrx_word' id='word_1_217' title='bbox 835 2972 858 3020; x_wconf 83' lang='lat' dir='ltr'>a.</span> <span class='ocrx_word' id='word_1_218' title='bbox 897 2971 968 3022; x_wconf 87' lang='lat' dir='ltr'>nulli.</span> <span class='ocrx_word' id='word_1_219' title='bbox 998 2973 1055 3023; x_wconf 89' lang='lat' dir='ltr'>lloo</span> <span class='ocrx_word' id='word_1_220' title='bbox 1076 2969 1258 3036; x_wconf 73' lang='lat' dir='ltr'>praemiserunt</span> <span class='ocrx_word' id='word_1_221' title='bbox 1283 2967 1367 3024; x_wconf 85' lang='lat' dir='ltr'>Bentl.</span> <span class='ocrx_word' id='word_1_222' title='bbox 1392 2967 1414 3014; x_wconf 76' lang='lat' dir='ltr'>el</span> 
     </span>
     <span class='ocr_line' id='line_1_27' title="bbox 340 3040 1412 3111; baseline -0.004 -11"><span class='ocrx_word' id='word_1_223' title='bbox 340 3052 487 3100; x_wconf 80' lang='lat' dir='ltr'>tzmontem</span> <span class='ocrx_word' id='word_1_224' title='bbox 496 3045 861 3109; x_wconf 62' lang='lat' dir='ltr'>Afflcaevelfabulostsstmom</span> <span class='ocrx_word' id='word_1_225' title='bbox 898 3049 928 3098; x_wconf 90' lang='lat' dir='ltr'>H.</span> <span class='ocrx_word' id='word_1_226' title='bbox 946 3046 1111 3111; x_wconf 80' lang='lat' dir='ltr'>Peerlkamp.</span> <span class='ocrx_word' id='word_1_227' title='bbox 1143 3048 1181 3096; x_wconf 82' lang='lat' dir='ltr'>Tu</span> <span class='ocrx_word' id='word_1_228' title='bbox 1199 3047 1246 3097; x_wconf 86' lang='lat' dir='ltr'>eir.</span> <span class='ocrx_word' id='word_1_229' title='bbox 1265 3044 1360 3098; x_wconf 85' lang='lat' dir='ltr'>Catuli.</span> <span class='ocrx_word' id='word_1_230' title='bbox 1377 3040 1412 3096; x_wconf 72' lang='lat'>3⁸.</span> 
     </span>
     <span class='ocr_line' id='line_1_28' title="bbox 338 3114 1413 3185; baseline -0.005 -12"><span class='ocrx_word' id='word_1_231' title='bbox 338 3124 478 3183; x_wconf 74' lang='lat' dir='ltr'>Atlanteo,</span> <span class='ocrx_word' id='word_1_232' title='bbox 508 3121 572 3172; x_wconf 88' lang='lat' dir='ltr'>item</span> <span class='ocrx_word' id='word_1_233' title='bbox 600 3121 706 3185; x_wconf 85' lang='lat' dir='ltr'>proprie</span> <span class='ocrx_word' id='word_1_234' title='bbox 735 3119 861 3184; x_wconf 82' lang='lat' dir='ltr'>explicari</span> <span class='ocrx_word' id='word_1_235' title='bbox 897 3124 925 3172; x_wconf 84' lang='lat'>7:</span> <span class='ocrx_word' id='word_1_236' title='bbox 949 3123 968 3172; x_wconf 91' lang='grc'><strong>0</strong></span> <span class='ocrx_word' id='word_1_237' title='bbox 991 3123 1051 3184; x_wconf 81' lang='lat' dir='ltr'>quid</span> <span class='ocrx_word' id='word_1_238' title='bbox 1071 3123 1156 3172; x_wconf 71' lang='lat' dir='ltr'>roheis</span> <span class='ocrx_word' id='word_1_239' title='bbox 1171 3127 1207 3172; x_wconf 81' lang='lat' dir='ltr'>est</span> <span class='ocrx_word' id='word_1_240' title='bbox 1227 3121 1325 3173; x_wconf 62' lang='lat' dir='ltr'>lentim</span> <span class='ocrx_word' id='word_1_241' title='bbox 1340 3114 1413 3168; x_wconf 66' lang='lat' dir='ltr'>rods!</span> 
     </span>
     <span class='ocr_line' id='line_1_29' title="bbox 338 3194 1413 3259; baseline -0.007 -11"><span class='ocrx_word' id='word_1_242' title='bbox 338 3197 429 3259; x_wconf 86' lang='lat' dir='ltr'>debet,</span> <span class='ocrx_word' id='word_1_243' title='bbox 449 3197 483 3246; x_wconf 92' lang='lat' dir='ltr'>de</span> <span class='ocrx_word' id='word_1_244' title='bbox 501 3209 554 3259; x_wconf 84' lang='lat' dir='ltr'>quo</span> <span class='ocrx_word' id='word_1_245' title='bbox 571 3195 670 3246; x_wconf 87' lang='lat' dir='ltr'>multae</span> <span class='ocrx_word' id='word_1_246' title='bbox 682 3195 787 3246; x_wconf 86' lang='lat' dir='ltr'>tabulae</span> <span class='ocrx_word' id='word_1_247' title='bbox 799 3197 862 3246; x_wconf 89' lang='lat' dir='ltr'>sunt</span> <span class='ocrx_word' id='word_1_248' title='bbox 897 3200 935 3248; x_wconf 80' lang='lat' dir='ltr'>Ac</span> <span class='ocrx_word' id='word_1_249' title='bbox 959 3198 1033 3246; x_wconf 87' lang='lat' dir='ltr'>reete</span> <span class='ocrx_word' id='word_1_250' title='bbox 1051 3198 1171 3259; x_wconf 67' lang='lat' dir='ltr'>amoueo</span> <span class='ocrx_word' id='word_1_251' title='bbox 1191 3194 1293 3248; x_wconf 81' lang='lat' dir='ltr'>mavolt</span> <span class='ocrx_word' id='word_1_252' title='bbox 1313 3199 1413 3247; x_wconf 86' lang='lat' dir='ltr'>meeum</span> 
     </span>
     <span class='ocr_line' id='line_1_30' title="bbox 339 3267 1415 3335; baseline -0.006 -11"><span class='ocrx_word' id='word_1_253' title='bbox 339 3275 408 3324; x_wconf 86' lang='lat' dir='ltr'>inter</span> <span class='ocrx_word' id='word_1_254' title='bbox 418 3271 549 3321; x_wconf 87' lang='lat' dir='ltr'>homines.</span> <span class='ocrx_word' id='word_1_255' title='bbox 565 3297 592 3306; x_wconf 89' lang='lat'><em>-</em></span> <span class='ocrx_word' id='word_1_256' title='bbox 605 3271 710 3335; x_wconf 70' lang='lat' dir='ltr'>latebit]</span> <span class='ocrx_word' id='word_1_257' title='bbox 729 3274 863 3335; x_wconf 78' lang='lat' dir='ltr'>«praeter-</span> <span class='ocrx_word' id='word_1_258' title='bbox 897 3270 1084 3334; x_wconf 87' lang='lat' dir='ltr'>Dillenburger</span> <span class='ocrx_word' id='word_1_259' title='bbox 1099 3269 1141 3321; x_wconf 88' lang='lat' dir='ltr'>vel</span> <span class='ocrx_word' id='word_1_260' title='bbox 1153 3273 1264 3335; x_wconf 85' lang='lat' dir='ltr'>propter</span> <span class='ocrx_word' id='word_1_261' title='bbox 1273 3267 1415 3322; x_wconf 60' lang='lat' dir='ltr'>homoide</span> 
     </span>
     <span class='ocr_line' id='line_1_31' title="bbox 338 3340 1414 3407; baseline -0.003 -11"><span class='ocrx_word' id='word_1_262' title='bbox 338 3340 859 3407; x_wconf 58' lang='lat' dir='ltr'>labituretptacideallutt.»statuitis.</span> <span class='ocrx_word' id='word_1_263' title='bbox 897 3345 999 3404; x_wconf 87' lang='lat' dir='ltr'>leuton,</span> <span class='ocrx_word' id='word_1_264' title='bbox 1026 3347 1103 3396; x_wconf 86' lang='lat' dir='ltr'>euius</span> <span class='ocrx_word' id='word_1_265' title='bbox 1125 3345 1207 3396; x_wconf 88' lang='lat' dir='ltr'>multa</span> <span class='ocrx_word' id='word_1_266' title='bbox 1229 3345 1309 3396; x_wconf 80' lang='lat' dir='ltr'>affert</span> <span class='ocrx_word' id='word_1_267' title='bbox 1329 3349 1414 3395; x_wconf 81' lang='lat' dir='ltr'>exem·</span> 
     </span>
     <span class='ocr_line' id='line_1_32' title="bbox 340 3411 1414 3485; baseline 0 -14"><span class='ocrx_word' id='word_1_268' title='bbox 340 3420 364 3480; x_wconf 82' lang='lat' dir='ltr'>l,</span> <span class='ocrx_word' id='word_1_269' title='bbox 383 3421 430 3469; x_wconf 81' lang='lat' dir='ltr'>at:</span> <span class='ocrx_word' id='word_1_270' title='bbox 457 3418 689 3482; x_wconf 76' lang='lat' dir='ltr'>quosptpravodo</span> <span class='ocrx_word' id='word_1_271' title='bbox 705 3421 805 3485; x_wconf 75' lang='lat' dir='ltr'>Laepia</span> <span class='ocrx_word' id='word_1_272' title='bbox 824 3425 863 3470; x_wconf 82' lang='lat' dir='ltr'>to·</span> <span class='ocrx_word' id='word_1_273' title='bbox 898 3419 950 3484; x_wconf 89' lang='lat' dir='ltr'>pla,</span> <span class='ocrx_word' id='word_1_274' title='bbox 964 3419 1048 3469; x_wconf 90' lang='lat' dir='ltr'>utOd.</span> <span class='ocrx_word' id='word_1_275' title='bbox 1059 3421 1083 3477; x_wconf 71' lang='lat'>2.</span> <span class='ocrx_word' id='word_1_276' title='bbox 1098 3411 1414 3484; x_wconf 43' lang='lat' dir='ltr'>immemorem&amp;</span> 
     </span>
     <span class='ocr_line' id='line_1_33' title="bbox 340 3490 1414 3557; baseline -0.002 -15"><span class='ocrx_word' id='word_1_277' title='bbox 340 3491 525 3544; x_wconf 68' lang='lat' dir='ltr'>centumalo.</span> <span class='ocrx_word' id='word_1_278' title='bbox 715 3513 719 3524; x_wconf 95' lang='lat'>·</span> <span class='ocrx_word' id='word_1_279' title='bbox 896 3490 1414 3557; x_wconf 50' lang='lat' dir='ltr'>Nummiumastdsazsmsmuro·</span> 
     </span>
     <span class='ocr_line' id='line_1_34' title="bbox 374 3560 1410 3631; baseline 0.007 -14"><span class='ocrx_word' id='word_1_280' title='bbox 374 3568 399 3617; x_wconf 86' lang='grc'>9.</span> <span class='ocrx_word' id='word_1_281' title='bbox 426 3566 499 3630; x_wconf 66' lang='lat' dir='ltr'>alva]</span> <span class='ocrx_word' id='word_1_282' title='bbox 519 3579 602 3630; x_wconf 89' lang='lat' dir='ltr'>prope</span> <span class='ocrx_word' id='word_1_283' title='bbox 623 3565 749 3619; x_wconf 88' lang='lat' dir='ltr'>Sabinum</span> <span class='ocrx_word' id='word_1_284' title='bbox 772 3581 859 3618; x_wconf 89' lang='lat' dir='ltr'>suum.</span> <span class='ocrx_word' id='word_1_285' title='bbox 897 3571 937 3620; x_wconf 73' lang='lat' dir='ltr'>tae</span> <span class='ocrx_word' id='word_1_286' title='bbox 954 3573 1050 3619; x_wconf 68' lang='lat' dir='ltr'>undem</span> <span class='ocrx_word' id='word_1_287' title='bbox 1060 3567 1198 3629; x_wconf 54' lang='lat' dir='ltr'>Camenam</span> <span class='ocrx_word' id='word_1_288' title='bbox 1215 3570 1316 3631; x_wconf 69' lang='lat' dir='ltr'>item,</span> <span class='ocrx_word' id='word_1_289' title='bbox 1335 3565 1373 3624; x_wconf 70' lang='lat'>⁴7·</span> <span class='ocrx_word' id='word_1_290' title='bbox 1390 3560 1410 3608; x_wconf 62' lang='lat'>⁴¹</span> 
     </span>
     <span class='ocr_line' id='line_1_35' title="bbox 340 3631 1409 3707; baseline 0 -15"><span class='ocrx_word' id='word_1_291' title='bbox 340 3642 389 3692; x_wconf 86' lang='lat' dir='ltr'>oa.</span> <span class='ocrx_word' id='word_1_292' title='bbox 408 3641 432 3704; x_wconf 85' lang='lat' dir='ltr'>a,</span> <span class='ocrx_word' id='word_1_293' title='bbox 455 3641 552 3700; x_wconf 56' lang='lat' dir='ltr'>msto.</span> <span class='ocrx_word' id='word_1_294' title='bbox 572 3642 605 3692; x_wconf 79' lang='lat' dir='ltr'>de</span> <span class='ocrx_word' id='word_1_295' title='bbox 624 3643 730 3695; x_wconf 77' lang='lat' dir='ltr'>eadem:</span> <span class='ocrx_word' id='word_1_296' title='bbox 751 3645 863 3707; x_wconf 67' lang='lat' dir='ltr'>arvaque</span> <span class='ocrx_word' id='word_1_297' title='bbox 898 3644 928 3704; x_wconf 86' lang='lat' dir='ltr'>s,</span> <span class='ocrx_word' id='word_1_298' title='bbox 947 3641 1018 3704; x_wconf 69' lang='lat' dir='ltr'>al.</span> <span class='ocrx_word' id='word_1_299' title='bbox 1037 3641 1267 3705; x_wconf 82' lang='lat' dir='ltr'>a‚s⁴,a.a,ss‚</span> <span class='ocrx_word' id='word_1_300' title='bbox 1286 3645 1311 3694; x_wconf 84' lang='lat'>7.</span> <span class='ocrx_word' id='word_1_301' title='bbox 1334 3631 1409 3704; x_wconf 78' lang='lat' dir='ltr'>epod-</span> 
     </span>
     <span class='ocr_line' id='line_1_36' title="bbox 340 3707 1411 3779; baseline -0.002 -13"><span class='ocrx_word' id='word_1_302' title='bbox 340 3718 455 3779; x_wconf 69' lang='lat' dir='ltr'>tapsum</span> <span class='ocrx_word' id='word_1_303' title='bbox 469 3717 617 3766; x_wconf 72' lang='lat' dir='ltr'>remonon.</span> <span class='ocrx_word' id='word_1_304' title='bbox 899 3719 939 3778; x_wconf 78' lang='lat' dir='ltr'>tr,</span> <span class='ocrx_word' id='word_1_305' title='bbox 951 3717 991 3768; x_wconf 78' lang='lat' dir='ltr'>at.</span> <span class='ocrx_word' id='word_1_306' title='bbox 1011 3718 1128 3767; x_wconf 86' lang='lat' dir='ltr'>Perrnira</span> <span class='ocrx_word' id='word_1_307' title='bbox 1140 3719 1232 3768; x_wconf 90' lang='lat' dir='ltr'>autem</span> <span class='ocrx_word' id='word_1_308' title='bbox 1243 3720 1285 3768; x_wconf 90' lang='lat' dir='ltr'>est</span> <span class='ocrx_word' id='word_1_309' title='bbox 1296 3711 1378 3769; x_wconf 76' lang='lat' dir='ltr'>Moliri</span> <span class='ocrx_word' id='word_1_310' title='bbox 1388 3707 1411 3756; x_wconf 58' lang='grc' dir='ltr'>εἰ</span> 
     </span>
     <span class='ocr_line' id='line_1_37' title="bbox 374 3787 1409 3857; baseline -0.001 -17"><span class='ocrx_word' id='word_1_311' title='bbox 374 3791 414 3840; x_wconf 81' lang='lat' dir='ltr'>to.</span> <span class='ocrx_word' id='word_1_312' title='bbox 434 3789 552 3853; x_wconf 72' lang='lat' dir='ltr'>tatapm]</span> <span class='ocrx_word' id='word_1_313' title='bbox 569 3791 641 3841; x_wconf 75' lang='lat' dir='ltr'>Liuia</span> <span class='ocrx_word' id='word_1_314' title='bbox 651 3792 745 3856; x_wconf 72' lang='lat' dir='ltr'>Lotape</span> <span class='ocrx_word' id='word_1_315' title='bbox 755 3796 861 3857; x_wconf 88' lang='lat' dir='ltr'>reperta</span> <span class='ocrx_word' id='word_1_316' title='bbox 898 3791 1031 3843; x_wconf 87' lang='lat' dir='ltr'>Bossehae</span> <span class='ocrx_word' id='word_1_317' title='bbox 1053 3793 1236 3856; x_wconf 84' lang='lat' dir='ltr'>interpretatio</span> <span class='ocrx_word' id='word_1_318' title='bbox 1255 3787 1409 3855; x_wconf 70' lang='lat' dir='ltr'>iungentium</span> 
     </span>
     <span class='ocr_line' id='line_1_38' title="bbox 341 3857 1408 3931; baseline -0.001 -15"><span class='ocrx_word' id='word_1_319' title='bbox 341 3866 425 3916; x_wconf 88' lang='lat' dir='ltr'>estin</span> <span class='ocrx_word' id='word_1_320' title='bbox 442 3861 607 3915; x_wconf 86' lang='lat' dir='ltr'>columbario</span> <span class='ocrx_word' id='word_1_321' title='bbox 624 3867 711 3916; x_wconf 85' lang='lat' dir='ltr'>Liviae</span> <span class='ocrx_word' id='word_1_322' title='bbox 728 3869 861 3931; x_wconf 67' lang='lat' dir='ltr'>tumulae</span> <span class='ocrx_word' id='word_1_323' title='bbox 897 3867 968 3917; x_wconf 83' lang='lat' dir='ltr'>ultro</span> <span class='ocrx_word' id='word_1_324' title='bbox 990 3867 1123 3918; x_wconf 70' lang='lat' dir='ltr'>terrim</span> <span class='ocrx_word' id='word_1_325' title='bbox 1148 3867 1284 3930; x_wconf 65' lang='lat' dir='ltr'>mediiis,</span> <span class='ocrx_word' id='word_1_326' title='bbox 1311 3863 1338 3918; x_wconf 90' lang='lat' dir='ltr'>id</span> <span class='ocrx_word' id='word_1_327' title='bbox 1358 3857 1408 3912; x_wconf 72' lang='lat' dir='ltr'>eslr</span> 
     </span>
     <span class='ocr_line' id='line_1_39' title="bbox 341 3934 1409 4007; baseline 0.001 -19"><span class='ocrx_word' id='word_1_328' title='bbox 341 3939 412 4003; x_wconf 86' lang='lat' dir='ltr'>apud</span> <span class='ocrx_word' id='word_1_329' title='bbox 428 3938 563 3990; x_wconf 85' lang='lat' dir='ltr'>Bianohini</span> <span class='ocrx_word' id='word_1_330' title='bbox 580 3940 610 3988; x_wconf 86' lang='lat' dir='ltr'>N.</span> <span class='ocrx_word' id='word_1_331' title='bbox 631 3939 686 4000; x_wconf 75' lang='grc'>439,</span> <span class='ocrx_word' id='word_1_332' title='bbox 705 3953 864 4005; x_wconf 87' lang='lat' dir='ltr'>quamnon·</span> <span class='ocrx_word' id='word_1_333' title='bbox 900 3943 1046 4002; x_wconf 74' lang='lat' dir='ltr'>«nimium,</span> <span class='ocrx_word' id='word_1_334' title='bbox 1072 3941 1132 4007; x_wconf 91' lang='lat' dir='ltr'>plus</span> <span class='ocrx_word' id='word_1_335' title='bbox 1154 3955 1241 4006; x_wconf 84' lang='lat' dir='ltr'>aequo</span> <span class='ocrx_word' id='word_1_336' title='bbox 1263 3934 1409 4006; x_wconf 76' lang='lat' dir='ltr'>expeditis·</span> 
     </span>
     <span class='ocr_line' id='line_1_40' title="bbox 342 4007 1409 4087; baseline 0.001 -23"><span class='ocrx_word' id='word_1_337' title='bbox 342 4012 405 4064; x_wconf 88' lang='lat' dir='ltr'>nulli</span> <span class='ocrx_word' id='word_1_338' title='bbox 422 4013 479 4063; x_wconf 89' lang='lat' dir='ltr'>sine</span> <span class='ocrx_word' id='word_1_339' title='bbox 496 4012 549 4064; x_wconf 89' lang='lat' dir='ltr'>ulla</span> <span class='ocrx_word' id='word_1_340' title='bbox 566 4027 646 4064; x_wconf 87' lang='lat' dir='ltr'>causa</span> <span class='ocrx_word' id='word_1_341' title='bbox 658 4027 709 4078; x_wconf 84' lang='lat' dir='ltr'>pro</span> <span class='ocrx_word' id='word_1_342' title='bbox 719 4015 862 4068; x_wconf 84' lang='lat' dir='ltr'>Horatiana</span> <span class='ocrx_word' id='word_1_343' title='bbox 932 4015 971 4066; x_wconf 82' lang='grc'>43.</span> <span class='ocrx_word' id='word_1_344' title='bbox 997 4017 1149 4081; x_wconf 69' lang='lat' dir='ltr'>potentur]</span> <span class='ocrx_word' id='word_1_345' title='bbox 1178 4015 1318 4087; x_wconf 73' lang='grc' dir='ltr'>πέλωρον,</span> <span class='ocrx_word' id='word_1_346' title='bbox 1343 4007 1409 4077; x_wconf 61' lang='grc' dir='ltr'>μέγα</span> 
     </span>
     <span class='ocr_line' id='line_1_41' title="bbox 341 4075 1407 4162; baseline -0.008 -26"><span class='ocrx_word' id='word_1_347' title='bbox 341 4085 500 4137; x_wconf 86' lang='lat' dir='ltr'>habuerunt.</span> <span class='ocrx_word' id='word_1_348' title='bbox 537 4088 673 4150; x_wconf 83' lang='lat' dir='ltr'>Frequens</span> <span class='ocrx_word' id='word_1_349' title='bbox 691 4088 743 4140; x_wconf 89' lang='lat' dir='ltr'>hoo</span> <span class='ocrx_word' id='word_1_350' title='bbox 760 4087 863 4140; x_wconf 87' lang='lat' dir='ltr'>liberti·</span> <span class='ocrx_word' id='word_1_351' title='bbox 899 4085 999 4158; x_wconf 75' lang='grc' dir='ltr'><em>χρῆμα</em></span> <span class='ocrx_word' id='word_1_352' title='bbox 1006 4087 1106 4162; x_wconf 66' lang='grc' dir='ltr'><strong><em>θηρός.</em></strong></span> <span class='ocrx_word' id='word_1_353' title='bbox 1124 4091 1215 4156; x_wconf 89' lang='lat' dir='ltr'>Eurip.</span> <span class='ocrx_word' id='word_1_354' title='bbox 1229 4089 1332 4156; x_wconf 89' lang='lat' dir='ltr'>llippol.</span> <span class='ocrx_word' id='word_1_355' title='bbox 1343 4075 1407 4134; x_wconf 78' lang='lat' dir='ltr'>rsit:</span> 
     </span>
     <span class='ocr_line' id='line_1_42' title="bbox 342 4151 1407 4237; baseline 0.002 -24"><span class='ocrx_word' id='word_1_356' title='bbox 342 4174 437 4213; x_wconf 88' lang='lat' dir='ltr'>narum</span> <span class='ocrx_word' id='word_1_357' title='bbox 454 4174 552 4212; x_wconf 88' lang='lat' dir='ltr'>nomen</span> <span class='ocrx_word' id='word_1_358' title='bbox 571 4175 586 4212; x_wconf 90' lang='lat' dir='ltr'>a</span> <span class='ocrx_word' id='word_1_359' title='bbox 603 4159 739 4230; x_wconf 77' lang='grc' dir='ltr'><strong><em>λαλαγέω.</em></strong></span> <span class='ocrx_word' id='word_1_360' title='bbox 761 4167 864 4215; x_wconf 83' lang='lat' dir='ltr'>-Por-</span> <span class='ocrx_word' id='word_1_361' title='bbox 899 4163 972 4229; x_wconf 74' lang='lat' dir='ltr'>Ktip¹</span> <span class='ocrx_word' id='word_1_362' title='bbox 989 4161 1238 4236; x_wconf 61' lang='lat' dir='ltr'>strepuntque,</span> <span class='ocrx_word' id='word_1_363' title='bbox 1255 4158 1355 4237; x_wconf 77' lang='grc' dir='ltr'><em>ἄγριον</em></span> <span class='ocrx_word' id='word_1_364' title='bbox 1368 4151 1407 4205; x_wconf 60' lang='lat'>¹³⁶</span> 
     </span>
     <span class='ocr_line' id='line_1_43' title="bbox 341 4235 1407 4310; baseline 0.007 -25"><span class='ocrx_word' id='word_1_365' title='bbox 341 4235 455 4300; x_wconf 84' lang='lat' dir='ltr'>phyrlon</span> <span class='ocrx_word' id='word_1_366' title='bbox 472 4235 499 4286; x_wconf 89' lang='lat' dir='ltr'>in</span> <span class='ocrx_word' id='word_1_367' title='bbox 515 4235 562 4287; x_wconf 88' lang='lat' dir='ltr'>Ed.</span> <span class='ocrx_word' id='word_1_368' title='bbox 580 4237 711 4302; x_wconf 84' lang='lat' dir='ltr'>principe:</span> <span class='ocrx_word' id='word_1_369' title='bbox 734 4243 861 4300; x_wconf 66' lang='lat' dir='ltr'>aemma,</span> <span class='ocrx_word' id='word_1_370' title='bbox 898 4253 959 4310; x_wconf 79' lang='grc' dir='ltr'><strong><em>ρας.</em></strong></span> <span class='ocrx_word' id='word_1_371' title='bbox 975 4265 1002 4276; x_wconf 93' lang='lat'>·-</span> <span class='ocrx_word' id='word_1_372' title='bbox 1019 4239 1145 4304; x_wconf 78' lang='lat' dir='ltr'>militaris]</span> <span class='ocrx_word' id='word_1_373' title='bbox 1166 4253 1251 4305; x_wconf 70' lang='lat' dir='ltr'>aquae</span> <span class='ocrx_word' id='word_1_374' title='bbox 1267 4239 1360 4291; x_wconf 70' lang='lat' dir='ltr'>militet</span> <span class='ocrx_word' id='word_1_375' title='bbox 1370 4237 1407 4292; x_wconf 53' lang='lat'>8*</span> 
     </span>
     <span class='ocr_line' id='line_1_44' title="bbox 343 4309 1290 4377; baseline 0.001 -17"><span class='ocrx_word' id='word_1_376' title='bbox 343 4321 505 4375; x_wconf 83' lang='lat' dir='ltr'>componere</span> <span class='ocrx_word' id='word_1_377' title='bbox 523 4309 625 4363; x_wconf 80' lang='lat' dir='ltr'>scilieet</span> <span class='ocrx_word' id='word_1_378' title='bbox 640 4310 745 4364; x_wconf 88' lang='lat' dir='ltr'>librum.</span> <span class='ocrx_word' id='word_1_379' title='bbox 773 4311 866 4377; x_wconf 79' lang='lat' dir='ltr'>Lucilii</span> <span class='ocrx_word' id='word_1_380' title='bbox 899 4316 976 4365; x_wconf 85' lang='lat' dir='ltr'>nerat</span> <span class='ocrx_word' id='word_1_381' title='bbox 992 4315 1116 4366; x_wconf 86' lang='lat' dir='ltr'>strenuos</span> <span class='ocrx_word' id='word_1_382' title='bbox 1133 4327 1165 4365; x_wconf 80' lang='lat' dir='ltr'>ao</span> <span class='ocrx_word' id='word_1_383' title='bbox 1183 4316 1290 4365; x_wconf 74' lang='lat' dir='ltr'>tortos.»</span> 
     </span>
    </p>
   </div>
   <div class='ocr_carea' id='block_1_9' title="bbox 0 0 1514 4980">
    <p class='ocr_par' dir='ltr' id='par_1_10' title="bbox 0 0 1514 4980">
     <span class='ocr_line' id='line_1_45' title="bbox 0 0 1514 4980; baseline 0 0"><span class='ocrx_word' id='word_1_384' title='bbox 0 0 1514 4980; x_wconf 95' lang='lat' dir='ltr'> </span> 
     </span>
    </p>
   </div>
  </div>
 </body>
</html>
