3012 4978
648 482 651 488 Ι
675 422 803 472 nonnul
821 421 989 474 crunt-rust

462 582 582 664 Fruges
606 587 637 642 ot
658 578 743 664 egris
766 577 884 644 rettulit
906 577 1025 644 uberes

463 700 499 763 Et
522 699 612 785 signe
635 711 745 764 nostro
768 699 907 764 restituit
930 699 995 764 lovi

504 823 643 907 Derepta
668 819 858 885 Parthorum
882 819 1031 906 superbis

547 941 697 1006 Postibus
720 951 751 1006 et
774 961 910 1010 vacuum
933 939 1048 1006 duellis

463 1102 573 1164 lanum
596 1098 720 1177 Quirini
742 1097 857 1166 elausit
879 1109 911 1166 et
932 1097 1079 1165 ordinem

462 1223 595 1287 Rectum
618 1219 763 1306 evaganti
787 1219 877 1286 frena
899 1220 1046 1287 licentiae

507 1341 617 1406 lnieoit
639 1341 823 1429 emovitque
847 1341 959 1430 culpes

359 1561 383 1609 7.
401 1559 509 1619 Direpta
526 1568 620 1606 omnes
638 1557 690 1605 mei
710 1559 736 1606 et
754 1559 886 1617 Pottierii,
914 1559 977 1608 item
995 1557 1068 1608 lnhn.
1100 1559 1138 1620 (tt
1155 1570 1218 1616 noS,
1239 1559 1349 1621 cruquii

326 1633 400 1696 duo.)
422 1659 445 1668 —
468 1633 492 1681 9.
511 1632 601 1680 ianam
620 1631 753 1692 Quirinum
775 1646 806 1680 ex
824 1633 964 1682 Passeratii
987 1633 1014 1681 et
1035 1632 1054 1680 Ι.
1075 1631 1115 1681 Fr.
1135 1631 1259 1681 Gronorii
1277 1633 1347 1681 uani.

328 1709 354 1757 P.
381 1705 492 1770 (Quirini
511 1717 604 1756 omnes
633 1707 730 1766 nostri,
759 1705 883 1766 Bentleii,
913 1705 1048 1768 Pottierii]
1079 1731 1107 1742 —
1141 1706 1213 1755 clusit
1239 1705 1305 1755 Cad.
1334 1721 1351 1771 y

327 1780 520 1842 Venderburgii
547 1781 708 1843 (nostrorum
737 1779 842 1842 nuilus).
870 1807 898 1817 -
929 1782 969 1830 ⁴0.
997 1785 1020 1830 at
1035 1781 1140 1844 nouanti
1157 1781 1274 1831 Pottierii
1292 1780 1351 1845 pie-

327 1856 412 1918 rique.
435 1883 461 1890 —
482 1856 523 1903 ti.
542 1855 693 1913 dimouitqua
710 1855 737 1903 T.

326 2054 381 2104 5-8.
399 2053 494 2102 rettulit
505 2051 598 2113 rubores]
612 2049 652 2100 rel
664 2053 816 2114 propterea,
855 2052 899 2100 tur
920 2051 946 2100 in
969 2063 1046 2112 orcu,
1071 2052 1116 2114 qui
1134 2054 1175 2102 est
1192 2053 1265 2102 iuxta
1283 2054 1380 2104 aedem

294 2127 366 2193 quod
383 2128 438 2191 agri
458 2140 508 2190 per
524 2124 592 2176 belle
610 2125 694 2174 civilia
722 2125 817 2175 vastati
855 2127 885 2176 D.
899 2124 981 2176 iulii.»

293 2216 360 2268 poce
384 2202 502 2252 restitute
530 2199 619 2250 denno
652 2199 816 2250 colebantur.
888 2201 911 2249 9.
947 2202 1038 2250 Ianum
1069 2201 1184 2266 Quirini]
1220 2203 1263 2252 Sic
1295 2203 1378 2255 Codd.

294 2278 342 2327 od.
366 2275 395 2335 i,
422 2278 452 2336 ὅ,
480 2276 524 2325 ⁴8:
554 2277 640 2325 Nutrit
661 2289 727 2326 rura
748 2276 819 2324 Ceras
855 2287 963 2334 amnes,
983 2287 1032 2338 pro
1044 2288 1096 2338 qun
1108 2274 1225 2326 lectione
1235 2277 1318 2342 recipi
1331 2292 1381 2329 non

294 2351 411 2411 annaque
434 2351 568 2399 Faustitas.
609 2349 661 2399 Cir.
689 2349 818 2413 imprimis
855 2347 1206 2400 debebetPusserutiiconi.
1224 2351 1383 2414 ianumoui·

294 2421 384 2473 Vellei.
404 2425 435 2482 9,
455 2423 502 2473 89:
532 2423 612 2472 Rediit
635 2424 817 2487 auitusaqris,
855 2423 940 2472 riuum
961 2421 1040 2472 ducta
1058 2436 1091 2472 ex
1109 2423 1225 2474 Moerob.
1242 2427 1337 2486 Sati,
1354 2427 1381 2476 9:

293 2499 373 2547 sacris
399 2497 489 2557 bonos,
519 2499 640 2547 securitas
663 2498 817 2560 bominibus,
855 2497 1383 2562 invocamus-·ianum0uirinum·-qoasi

293 2575 364 2622 cortu
373 2572 463 2631 ruique
476 2583 563 2620 rorum
579 2584 685 2620 ararum
697 2573 819 2633 possessio
856 2571 975 2621 beliorum
989 2576 1126 2633 potentem,
1148 2573 1180 2625 ab
1196 2575 1286 2636 basta,
1306 2589 1381 2636 arram

295 2647 345 2695 oet.
373 2671 399 2680 —
424 2649 534 2694 nostro·
548 2647 614 2708 toni]
642 2648 763 2710 Propert.
788 2645 817 2708 3,
856 2646 943 2694 Sabini
959 2647 1041 2694 surim
1056 2652 1161 2706 uacanu
1187 2651 1215 2697 et
1231 2649 1305 2699 Suet.
1324 2651 1379 2700 Oct.

295 2721 339 2780 tt,
361 2718 406 2769 ii:
435 2719 591 2784 (Cleopatra)
613 2721 681 2770 Ausa
697 2722 749 2770 iovi
771 2735 820 2770 uo·
856 2721 903 2770 22:
933 2721 1022 2770 Ianum
1049 2723 1183 2782 onir-intra
1205 2724 1281 2772 umet
1308 2731 1383 2786 atque

293 2799 345 2844 stro
364 2794 499 2843 latrantem
515 2807 639 2857 opponere
653 2795 768 2844 Anubim.
791 2823 817 2832 —
855 2796 1082 2846 iterumaoondita
1092 2795 1154 2844 Urbe
1165 2799 1316 2847 memoriam
1328 2805 1384 2848 asta

294 2868 412 2931 Parenta]
442 2881 554 2930 «magno
583 2881 645 2919 oum
673 2870 761 2920 studio
787 2882 820 2919 uo
856 2883 929 2919 stram
962 2870 1077 2919 statuum
1110 2871 1137 2918 in
1163 2871 1242 2920 mutto
1271 2871 1384 2922 aaaron

293 2941 391 2992 laetitia
413 2941 558 2993 detracto.»
588 2941 664 2994 Silius
688 2944 732 3006 ro,
752 2943 818 2994 599:
857 2945 974 3006 emporis
994 2945 1075 3006 spatio
1094 2949 1164 2994 terra
1183 2945 1301 3008 marique
1323 2959 1384 3008 paee

293 3019 340 3079 its,
367 3018 435 3066 ocius
450 3031 526 3068 arran
545 3018 671 3081 Deripiw,
698 3019 819 3081 aputu,
853 3024 933 3081 parta
950 3024 988 3068 ter
1004 3019 1083 3068 ciusit.
1115 3017 1196 3069 Luail.
1216 3019 1287 3069 Geri.
1307 3035 1334 3085 p.
1354 3023 1380 3080 Ξ,

294 3093 398 3155 ternpiis.
432 3093 619 3143 Necessarium
641 3105 701 3144 esse
719 3095 821 3155 derepta
857 3094 886 3142 3:
902 3094 1070 3155 patardtars,
1088 3093 1161 3142 lanu·
1180 3095 1298 3155 Quiriau’
1308 3102 1382 3156 parer

294 3167 360 3237 vidit
382 3167 435 3216 iorn
464 3167 569 3216 Cortius
598 3167 633 3217 ud
660 3168 759 3217 Lucan.
790 3167 818 3228 t,
857 3168 908 3218 oet.
928 3168 1028 3218 Verum
1046 3165 1381 3220 consuitoeiormuierum

294 3240 357 3290 239:
376 3241 489 3290 tarentus
506 3242 623 3303 Diripuit
634 3242 714 3292 saeris
730 3243 821 3305 adtira
858 3253 984 3292 sermone
1009 3242 1156 3292 recessisse
1180 3242 1317 3306 putandus
1343 3247 1383 3292 est

290 3315 423 3377 pruoeibm
438 3327 522 3366 eruta.
539 3343 566 3352 -
582 3317 739 3380 Parthorum]
752 3329 777 3366 e.
791 3330 818 3366 u.
856 3319 949 3378 paura,
968 3316 998 3364 ut
1014 3317 1049 3365 sit
1065 3316 1143 3366 lenus
1156 3316 1306 3375 Quiritium.
1325 3319 1382 3381 lpse

295 3404 318 3439 a.
338 3389 394 3440 734.
415 3389 462 3440 Od.
489 3391 516 3451 3,
543 3392 573 3451 s,
600 3393 624 3441 s.
655 3392 703 3441 Dio
720 3389 766 3451 st,
793 3391 818 3441 8.
857 3390 1028 3454 Augustusin
1044 3391 1161 3440 Manum.
1179 3391 1380 3454 AncyranoEd.

294 3465 369 3514 ovid.
389 3465 456 3514 Fosi.
476 3466 504 3526 5,
523 3466 580 3515 585.
600 3465 653 3516 Cir.
672 3464 707 3514 ed
724 3465 754 3525 i,
775 3465 817 3524 rt,
857 3463 1384 3528 Frenziip.3t:Cum‹1ueabUrbeaon·

294 3539 334 3590 ir.
352 3567 378 3576 —
396 3539 513 3604 Postibus]
532 3540 820 3604 npud'Porthossigna
858 3538 911 3588 dita
935 3543 994 3588 ante
1017 3551 1058 3587 ma
1081 3539 1172 3588 tanum
1194 3539 1330 3602 Quinam
1350 3540 1384 3589 bis

294 3613 343 3662 isto
356 3613 445 3663 Crassi
456 3615 484 3662 et
495 3613 599 3664 Antonii
616 3614 642 3664 in
653 3614 741 3677 rogiae
753 3615 820 3665 atrio
857 3613 958 3662 mino
988 3613 1128 3676 (regnante
1156 3615 1241 3665 Numa
1271 3615 1299 3664 et
1326 3617 1383 3678 past

296 3685 411 3736 nonnulii
435 3686 597 3738 arbitrantur
620 3689 697 3739 affixe
722 3688 818 3750 tuisse,
857 3686 957 3737 betium
979 3688 1108 3737 Punicum
1130 3688 1246 3751 primum
1269 3701 1293 3738 e.
1313 3703 1340 3740 u.
1359 3703 1381 3738 c.

295 3761 343 3810 etsi
362 3759 470 3824 Eput,
490 3762 533 3822 tt,
552 3763 597 3812 ts:
617 3763 668 3812 Sub
685 3765 759 3824 duae,
778 3764 821 3826 qui
857 3763 914 3812 549.
942 3763 1055 3812 atauuan
1077 3763 1155 3827 futur
1182 3765 1310 3826 prodatur
1333 3777 1383 3812 uu-

295 3835 391 3896 rernptis
398 3835 549 3884 Parthorum
560 3837 633 3900 rigna
643 3839 734 3901 reflqit.
754 3841 821 3888 Pro·
856 3837 967 3898 moriar,
982 3842 1020 3886 ter
1030 3837 1305 3900 summoueantur
1315 3839 1384 3887 aiau·

296 3908 352 3972 prie
370 3909 445 3958 Morti
463 3908 542 3960 Uitori
568 3911 643 3972 signu
667 3924 681 3959 u
707 3912 820 3962 Phraate
858 3911 965 3960 matum
987 3921 1038 3960 esse
1057 3912 1159 3960 cuntur
1189 3912 1221 3974 (a.
1240 3925 1267 3962 u.
1285 3925 1309 3962 c.
1328 3913 1381 3961 725.

295 3987 452 4048 recuperate
482 3987 651 4034 consecravit
673 3987 819 4048 Augustum
858 3986 914 4033 iiii.
935 3983 1046 4045 Quando
1067 3985 1177 4035 tertium
1190 3984 1216 4035 id
1228 3985 1329 4036 fectum
1342 3987 1381 4038 sit.

295 4057 344 4108 sed
360 4057 481 4108 consulto
498 4059 575 4122 poete
593 4071 699 4109 summo
717 4061 820 4124 imperii
859 4071 912 4110 non
929 4057 1021 4123 liquet.
1043 4061 1204 4118 bassanum,
1225 4063 1271 4124 qui
1288 4075 1314 4110 u.
1328 4059 1381 4110 ut.

295 4136 405 4184 Romani
424 4133 526 4183 custodi
549 4146 580 4182 eu
604 4134 723 4184 restitute
747 4133 818 4185 dicit.
859 4135 885 4184 id
908 4133 1009 4192 tribuit,
1038 4135 1102 4184 setis
1128 4133 1253 4184 refutarit
1271 4135 1381 4188 Fronte.

295 4211 406 4272 interpr.
429 4209 487 4258 Maii
500 4209 534 4258 ad
547 4209 617 4272 virg.
631 4211 695 4258 Aen.
710 4210 740 4268 7,
755 4210 817 4259 606:
858 4223 890 4260 uo
913 4209 1008 4260 Norisii
1032 4209 1126 4259 Cenat.
1148 4211 1198 4258 Pis,
1212 4211 1244 4270 2,
1264 4211 1303 4260 ro.
1324 4221 1383 4260 sen-

296 4283 394 4333 «Huius
420 4285 480 4334 iacti
506 4285 584 4333 notae
613 4287 820 4347 repraesentari·
858 4286 969 4334 tentiam
996 4284 1029 4334 de
1054 4299 1078 4334 a.
1100 4284 1156 4334 tt8.
1181 4285 1381 4349 praeterendum
