2986 4974
470 439 528 489 ΜΒ.
549 441 566 488 i.
603 441 631 488 tl.
652 441 783 490 xxxt'ttt.
854 483 859 494 .

277 597 362 662 Mitte
386 598 518 668 sectari,
543 617 617 664 rosa
640 619 706 685 quo
730 597 875 664 iocorum

405 719 485 784 Sem
507 729 659 785 moretur.

276 878 418 965 Simplici
443 889 548 965 myrto
573 879 648 944 nihil
671 879 831 946 allaborss

278 1000 418 1067 Sedulus
442 1022 537 1068 curo:
561 1023 669 1089 nsque
692 1011 723 1068 te
746 1001 925 1067 ministrum

276 1122 421 1190 Dedecet
443 1135 568 1214 myrtus
592 1145 699 1211 neque
722 1145 774 1188 me
797 1123 858 1190 sub
881 1133 949 1190 arta

406 1245 474 1311 Vite
497 1244 660 1312 bibentem

175 1409 198 1456 6.
217 1421 280 1456 utra
297 1405 382 1457 Bentl.
404 1407 489 1466 coni,
507 1420 584 1456 merua
601 1419 616 1456 e
635 1406 700 1456 Cod.
716 1404 858 1455 Bodleiano
878 1403 1035 1467 (memorato
1053 1407 1160 1457 etiams

145 1480 265 1544 Bentleio)
276 1481 406 1544 cuningh.
418 1485 445 1531 et
456 1479 517 1532 zell.
528 1480 606 1544 (turo
617 1494 711 1532 omnes
724 1481 776 1530 mei
790 1485 818 1530 et
828 1481 963 1544 Pottierii.)
977 1509 1003 1517 -
1013 1481 1060 1545 me]
1073 1487 1096 1532 to
1104 1483 1132 1532 T.

118 1611 150 1660 tut
164 1626 194 1661 ur
214 1613 318 1676 fluentes
335 1625 431 1674 panim
446 1625 472 1662 so
488 1612 570 1662 lautos
582 1626 634 1675 pu-
672 1625 736 1662 cura
750 1612 900 1675 imperatur.
913 1610 1009 1674 Beati,
1022 1613 1120 1662 sedulus
1131 1627 1195 1662 curu

117 1685 206 1750 urant,
223 1688 271 1736 uisa·
287 1687 395 1736 lunaria
407 1688 518 1736 vortitaot
529 1700 633 1750 auarum,
672 1685 778 1736 ablativ.
803 1684 884 1736 Klotz.
910 1686 963 1736 Cir.
983 1700 1060 1736 curas
1076 1685 1195 1750 probau-

116 1761 632 1824 utstttmaepomttsrosaetnnaraumt.
672 1763 727 1810 tem
745 1760 812 1810 Voss
828 1761 1019 1824 Aumsrkuupsn
1038 1762 1091 1810 und
1110 1763 1195 1810 Raud-

146 1837 167 1886 t.
186 1835 318 1900 aratoris]
338 1837 383 1884 «ut
400 1837 539 1899 praeterea
558 1834 634 1886 iabo-
670 1835 775 1898 plassea
793 1847 854 1898 pag.
873 1835 929 1885 att.
955 1836 1020 1884 πονο
1038 1836 1137 1899 optime
1150 1835 1196 1884 ha-

118 1923 168 1960 rem
185 1909 265 1960 ultum
280 1911 439 1974 suscipias.»
459 1911 514 1962 Hoc
525 1926 551 1960 v.
565 1924 634 1963 uuus
671 1909 719 1959 hat
736 1910 800 1960 Cod.
820 1911 916 1959 Petrin.
936 1911 993 1960 sine
1015 1907 1067 1959 ulla
1088 1908 1195 1960 litura.»

117 1987 153 2033 est
177 1997 239 2034 usus
265 1985 391 2036 Horatius
413 1985 439 2034 h.
463 1983 479 2034 1.
504 1989 531 2036 et
548 1986 631 2050 Epod.
672 1985 846 2034 Bsuruarus
869 1986 894 2034 in
917 1984 993 2034 Curis
1015 1985 1113 2034 noviss.
1144 1983 1196 2034 Sed

116 2058 137 2116 8,
154 2059 192 2108 20.
213 2087 239 2095 -
260 2057 335 2110 «Noli
353 2060 431 2110 nimis
449 2058 542 2110 sedulo
558 2073 634 2110 rosas
670 2059 769 2108 sedulus
792 2072 836 2109 oro
858 2061 944 2108 metro
968 2059 1106 2122 repugnat.
1142 2059 1195 2108 Cir.

116 2133 291 2196 superaddere
319 2136 407 2196 myrto
429 2143 538 2198 semper
557 2133 633 2184 viridi
672 2133 753 2182 etiam
766 2131 870 2183 Goeller
880 2133 915 2183 ad
928 2131 1010 2182 Plauti
1021 2133 1091 2182 Tria.
1105 2145 1131 2196 p.
1146 2131 1196 2194 69.)

116 2219 144 2254 ae
165 2211 306 2272 propterea
330 2220 440 2271 semper
461 2207 536 2258 facile
558 2209 634 2258 inve·
704 2208 728 2257 7.
747 2221 826 2270 nequa
846 2207 893 2270 ms]
919 2207 1075 2256 «hominem
1095 2205 1199 2269 simpli-

118 2281 230 2332 mendae.
266 2285 327 2332 Non
347 2296 423 2343 uiro,
448 2281 508 2332 uolo
526 2283 577 2334 hoc
595 2283 635 2334 fa·
673 2295 734 2333 cem
754 2295 843 2344 neque
865 2279 997 2345 opulentis
1017 2279 1198 2330 adnumeran-

116 2355 189 2404 dus.»
215 2357 287 2407 Haec
305 2369 371 2406 vera
388 2360 430 2406 est
446 2355 538 2416 lectio;
560 2359 635 2407 ssdu-
672 2355 764 2406 dum.»
785 2384 812 2392 -
830 2356 875 2406 sub
892 2356 959 2419 arta]
976 2354 1090 2414 «densa,
1109 2355 1196 2418 spissa

116 2427 150 2476 tus
165 2443 239 2481 turae
254 2432 479 2495 interpretantur:
508 2429 634 2482 «sedulus
672 2429 774 2481 trichiia
797 2431 853 2480 sive
874 2429 997 2496 pergula,
1025 2422 1196 2494 ὖπαμπέλῳ,

116 2503 139 2552 iu
155 2517 228 2568 cura,
247 2503 344 2557 sedulo
362 2519 485 2558 curans.»
511 2507 633 2568 (Sedulus,
671 2505 770 2556 vitibus
788 2508 858 2556 tecta
874 2507 955 2568 atque
968 2504 1029 2556 ideo
1041 2501 1195 2554 umbrosa.»
1239 2535 1242 2541 -
