<?xml version="1.0" encoding="UTF-8"?>
<!DOCTYPE html PUBLIC "-//W3C//DTD XHTML 1.0 Transitional//EN"
    "http://www.w3.org/TR/xhtml1/DTD/xhtml1-transitional.dtd">
<html xmlns="http://www.w3.org/1999/xhtml" xml:lang="en" lang="en">
 <head>
  <title>
</title>
<meta http-equiv="Content-Type" content="text/html;charset=utf-8" />
  <meta name='ocr-system' content='tesseract 3.04.00' />
  <meta name='ocr-capabilities' content='ocr_page ocr_carea ocr_par ocr_line ocrx_word'/>
</head>
<body>
  <div class='ocr_page' id='page_1' title='image "./qhoratiusflaccu02baitgoog/qhoratiusflaccu02baitgoog_0395.png"; bbox 0 0 2992 4978; ppageno 0'>
   <div class='ocr_carea' id='block_1_1' title="bbox 702 412 1018 464">
    <p class='ocr_par' dir='ltr' id='par_1_1' title="bbox 702 412 1018 464">
     <span class='ocr_line' id='line_1_1' title="bbox 702 412 1018 464; baseline 0.013 -4"><span class='ocrx_word' id='word_1_1' title='bbox 702 412 829 462; x_wconf 77' lang='grc' dir='ltr'><strong>ΗΟΒΑΤΙΙ</strong></span> <span class='ocrx_word' id='word_1_2' title='bbox 849 413 1018 464; x_wconf 74' lang='lat' dir='ltr'><strong>cnnntnuti</strong></span> 
     </span>
    </p>
   </div>
   <div class='ocr_carea' id='block_1_2' title="bbox 684 939 1019 1004">
    <p class='ocr_par' dir='ltr' id='par_1_2' title="bbox 684 939 1019 1004">
     <span class='ocr_line' id='line_1_2' title="bbox 684 939 1019 1004; baseline 0 -1"><span class='ocrx_word' id='word_1_3' title='bbox 684 940 920 1004; x_wconf 68' lang='lat' dir='ltr'><strong>cm</strong></span> <span class='ocrx_word' id='word_1_4' title='bbox 945 939 1019 1003; x_wconf 76' lang='grc' dir='ltr'><strong>Π-</strong></span> 
     </span>
    </p>
   </div>
   <div class='ocr_carea' id='block_1_3' title="bbox 520 1109 1114 1430">
    <p class='ocr_par' dir='ltr' id='par_1_3' title="bbox 520 1109 1114 1430">
     <span class='ocr_line' id='line_1_3' title="bbox 520 1109 1114 1200; baseline 0.008 -26"><span class='ocrx_word' id='word_1_5' title='bbox 520 1109 691 1176; x_wconf 84' lang='lat' dir='ltr'>Descende</span> <span class='ocrx_word' id='word_1_6' title='bbox 714 1109 805 1177; x_wconf 84' lang='lat' dir='ltr'><strong>caclo</strong></span> <span class='ocrx_word' id='word_1_7' title='bbox 828 1122 860 1177; x_wconf 88' lang='lat' dir='ltr'><strong>et</strong></span> <span class='ocrx_word' id='word_1_8' title='bbox 881 1111 934 1178; x_wconf 90' lang='lat' dir='ltr'><strong>dic</strong></span> <span class='ocrx_word' id='word_1_9' title='bbox 955 1133 1015 1200; x_wconf 84' lang='lat' dir='ltr'><strong>ege</strong></span> <span class='ocrx_word' id='word_1_10' title='bbox 1037 1113 1114 1180; x_wconf 84' lang='lat' dir='ltr'><strong>tibin</strong></span> 
     </span>
     <span class='ocr_line' id='line_1_4' title="bbox 524 1230 1103 1320; baseline 0.003 -22"><span class='ocrx_word' id='word_1_11' title='bbox 524 1231 646 1318; x_wconf 82' lang='lat' dir='ltr'><strong>Regina</strong></span> <span class='ocrx_word' id='word_1_12' title='bbox 668 1230 799 1318; x_wconf 83' lang='lat' dir='ltr'><strong>longum</strong></span> <span class='ocrx_word' id='word_1_13' title='bbox 822 1232 965 1320; x_wconf 83' lang='lat' dir='ltr'><strong>Calliope</strong></span> <span class='ocrx_word' id='word_1_14' title='bbox 987 1232 1103 1310; x_wconf 86' lang='lat' dir='ltr'><strong>melos,</strong></span> 
     </span>
     <span class='ocr_line' id='line_1_5' title="bbox 563 1354 1098 1430; baseline 0.007 -12"><span class='ocrx_word' id='word_1_15' title='bbox 563 1354 628 1418; x_wconf 87' lang='lat' dir='ltr'><strong>Seu</strong></span> <span class='ocrx_word' id='word_1_16' title='bbox 651 1373 731 1419; x_wconf 87' lang='lat' dir='ltr'><strong>voce</strong></span> <span class='ocrx_word' id='word_1_17' title='bbox 755 1374 840 1420; x_wconf 90' lang='lat' dir='ltr'><strong>nunc</strong></span> <span class='ocrx_word' id='word_1_18' title='bbox 862 1355 963 1420; x_wconf 85' lang='lat' dir='ltr'><strong>mavis</strong></span> <span class='ocrx_word' id='word_1_19' title='bbox 987 1365 1098 1430; x_wconf 84' lang='lat' dir='ltr'><strong>acuta,</strong></span> 
     </span>
    </p>
   </div>
   <div class='ocr_carea' id='block_1_4' title="bbox 276 1533 1357 1710">
    <p class='ocr_par' dir='ltr' id='par_1_4' title="bbox 276 1533 1357 1710">
     <span class='ocr_line' id='line_1_6' title="bbox 276 1533 1357 1634; baseline 0.006 -16"><span class='ocrx_word' id='word_1_20' title='bbox 276 1533 279 1540; x_wconf 54' lang='lat'><em>,</em></span> <span class='ocrx_word' id='word_1_21' title='bbox 373 1571 414 1620; x_wconf 87' lang='lat' dir='ltr'><strong>lV.</strong></span> <span class='ocrx_word' id='word_1_22' title='bbox 434 1572 515 1622; x_wconf 85' lang='lat' dir='ltr'><strong>lnscr.</strong></span> <span class='ocrx_word' id='word_1_23' title='bbox 534 1569 603 1633; x_wconf 78' lang='lat' dir='ltr'><strong>volg.</strong></span> <span class='ocrx_word' id='word_1_24' title='bbox 626 1569 665 1622; x_wconf 78' lang='lat' dir='ltr'><strong>Act</strong></span> <span class='ocrx_word' id='word_1_25' title='bbox 681 1571 815 1634; x_wconf 76' lang='lat' dir='ltr'><strong>Calliopen.</strong></span> <span class='ocrx_word' id='word_1_26' title='bbox 846 1598 873 1607; x_wconf 93' lang='lat'>-</span> <span class='ocrx_word' id='word_1_27' title='bbox 902 1571 940 1621; x_wconf 76' lang='lat' dir='ltr'><strong>Ao</strong></span> <span class='ocrx_word' id='word_1_28' title='bbox 956 1571 1083 1634; x_wconf 77' lang='lat' dir='ltr'><strong>Cottiopm</strong></span> <span class='ocrx_word' id='word_1_29' title='bbox 1106 1574 1207 1624; x_wconf 71' lang='lat' dir='ltr'><strong>limum</strong></span> <span class='ocrx_word' id='word_1_30' title='bbox 1224 1573 1305 1624; x_wconf 78' lang='lat' dir='ltr'><strong>esre.</strong></span> <span class='ocrx_word' id='word_1_31' title='bbox 1333 1601 1357 1610; x_wconf 95' lang='lat'>-</span> 
     </span>
     <span class='ocr_line' id='line_1_7' title="bbox 341 1642 1329 1710; baseline 0.006 -18"><span class='ocrx_word' id='word_1_32' title='bbox 341 1643 364 1692; x_wconf 92' lang='lat' dir='ltr'><strong>l.</strong></span> <span class='ocrx_word' id='word_1_33' title='bbox 383 1645 452 1694; x_wconf 86' lang='lat' dir='ltr'><strong>coeto</strong></span> <span class='ocrx_word' id='word_1_34' title='bbox 469 1644 560 1706; x_wconf 81' lang='lat' dir='ltr'><strong>dieb,</strong></span> <span class='ocrx_word' id='word_1_35' title='bbox 581 1642 790 1710; x_wconf 77' lang='lat' dir='ltr'><strong>(iep.1lirchn.</strong></span> <span class='ocrx_word' id='word_1_36' title='bbox 810 1647 840 1696; x_wconf 87' lang='lat' dir='ltr'><strong>N.</strong></span> <span class='ocrx_word' id='word_1_37' title='bbox 860 1647 890 1705; x_wconf 84' lang='lat' dir='ltr'><strong>Q.</strong></span> <span class='ocrx_word' id='word_1_38' title='bbox 911 1647 941 1696; x_wconf 87' lang='lat' dir='ltr'><strong>ll.</strong></span> <span class='ocrx_word' id='word_1_39' title='bbox 962 1658 988 1710; x_wconf 91' lang='lat' dir='ltr'><strong>p.</strong></span> <span class='ocrx_word' id='word_1_40' title='bbox 1008 1646 1121 1710; x_wconf 73' lang='lat' dir='ltr'><strong>ec.,ir,</strong></span> <span class='ocrx_word' id='word_1_41' title='bbox 1141 1647 1329 1710; x_wconf 84' lang='lat' dir='ltr'><strong>(nonltSTcd.)</strong></span> 
     </span>
    </p>
   </div>
   <div class='ocr_carea' id='block_1_5' title="bbox 257 1821 1387 4360">
    <p class='ocr_par' dir='ltr' id='par_1_5' title="bbox 257 1821 1387 3678">
     <span class='ocr_line' id='line_1_8' title="bbox 341 1821 1386 1887; baseline 0.002 -17"><span class='ocrx_word' id='word_1_42' title='bbox 341 1821 384 1870; x_wconf 85' lang='lat' dir='ltr'><strong>lV.</strong></span> <span class='ocrx_word' id='word_1_43' title='bbox 404 1821 525 1882; x_wconf 76' lang='lat' dir='ltr'><strong>«Musae,</strong></span> <span class='ocrx_word' id='word_1_44' title='bbox 544 1822 643 1886; x_wconf 80' lang='lat' dir='ltr'><strong>quibus</strong></span> <span class='ocrx_word' id='word_1_45' title='bbox 661 1836 711 1886; x_wconf 79' lang='lat' dir='ltr'><strong>ego</strong></span> <span class='ocrx_word' id='word_1_46' title='bbox 729 1835 837 1887; x_wconf 91' lang='lat' dir='ltr'><strong>quoque</strong></span> <span class='ocrx_word' id='word_1_47' title='bbox 876 1823 958 1874; x_wconf 81' lang='grc' dir='ltr'><strong><em>σέων.</em></strong></span> <span class='ocrx_word' id='word_1_48' title='bbox 978 1823 1120 1886; x_wconf 77' lang='lat' dir='ltr'><strong>Dionysius</strong></span> <span class='ocrx_word' id='word_1_49' title='bbox 1129 1823 1294 1886; x_wconf 83' lang='lat' dir='ltr'><strong>llymn.l‚6:</strong></span> <span class='ocrx_word' id='word_1_50' title='bbox 1306 1821 1386 1875; x_wconf 75' lang='lat' dir='ltr'><strong>(lulio</strong></span> 
     </span>
     <span class='ocr_line' id='line_1_9' title="bbox 309 1895 1385 1970; baseline 0.004 -24"><span class='ocrx_word' id='word_1_51' title='bbox 309 1908 414 1946; x_wconf 84' lang='lat' dir='ltr'><strong>summa</strong></span> <span class='ocrx_word' id='word_1_52' title='bbox 426 1895 515 1946; x_wconf 83' lang='lat' dir='ltr'>debeo</span> <span class='ocrx_word' id='word_1_53' title='bbox 526 1896 672 1959; x_wconf 83' lang='lat' dir='ltr'><strong>beneficia,</strong></span> <span class='ocrx_word' id='word_1_54' title='bbox 686 1910 738 1948; x_wconf 94' lang='lat' dir='ltr'><strong>non</strong></span> <span class='ocrx_word' id='word_1_55' title='bbox 750 1897 837 1949; x_wconf 84' lang='lat' dir='ltr'><strong>solum</strong></span> <span class='ocrx_word' id='word_1_56' title='bbox 875 1911 929 1962; x_wconf 84' lang='lat' dir='ltr'><strong>pen</strong></span> <span class='ocrx_word' id='word_1_57' title='bbox 945 1899 1087 1950; x_wconf 79' lang='lat' dir='ltr'><strong>invocans:</strong></span> <span class='ocrx_word' id='word_1_58' title='bbox 1112 1895 1239 1950; x_wconf 70' lang='lat' dir='ltr'><strong>Monunio</strong></span> <span class='ocrx_word' id='word_1_59' title='bbox 1251 1897 1385 1970; x_wconf 67' lang='grc' dir='ltr'><strong>προκαθη-</strong></span> 
     </span>
     <span class='ocr_line' id='line_1_10' title="bbox 309 1967 1383 2044; baseline 0 -25"><span class='ocrx_word' id='word_1_60' title='bbox 309 1981 358 2020; x_wconf 88' lang='lat' dir='ltr'><strong>nos</strong></span> <span class='ocrx_word' id='word_1_61' title='bbox 376 1967 522 2031; x_wconf 84' lang='lat' dir='ltr'><strong>delectent,</strong></span> <span class='ocrx_word' id='word_1_62' title='bbox 541 1971 590 2022; x_wconf 89' lang='lat' dir='ltr'><strong>sed</strong></span> <span class='ocrx_word' id='word_1_63' title='bbox 601 1970 747 2023; x_wconf 82' lang='lat' dir='ltr'><strong>emendent</strong></span> <span class='ocrx_word' id='word_1_64' title='bbox 757 1973 838 2022; x_wconf 86' lang='lat' dir='ltr'><strong>etiem</strong></span> <span class='ocrx_word' id='word_1_65' title='bbox 874 1973 934 2039; x_wconf 80' lang='grc' dir='ltr'><em>γέτι</em></span> <span class='ocrx_word' id='word_1_66' title='bbox 949 1969 1084 2044; x_wconf 74' lang='grc' dir='ltr'><strong>τερπνῶν.</strong></span> <span class='ocrx_word' id='word_1_67' title='bbox 1110 1974 1256 2026; x_wconf 79' lang='lat' dir='ltr'><strong>Heraclitus</strong></span> <span class='ocrx_word' id='word_1_68' title='bbox 1271 1976 1296 2025; x_wconf 90' lang='lat' dir='ltr'><strong>in</strong></span> <span class='ocrx_word' id='word_1_69' title='bbox 1309 1971 1383 2024; x_wconf 88' lang='lat' dir='ltr'><strong>Schol.</strong></span> 
     </span>
     <span class='ocr_line' id='line_1_11' title="bbox 311 2043 1386 2110; baseline 0.007 -18"><span class='ocrx_word' id='word_1_70' title='bbox 311 2055 401 2093; x_wconf 85' lang='lat' dir='ltr'><strong>mores</strong></span> <span class='ocrx_word' id='word_1_71' title='bbox 423 2057 475 2094; x_wconf 90' lang='lat' dir='ltr'><strong>nec</strong></span> <span class='ocrx_word' id='word_1_72' title='bbox 498 2045 587 2096; x_wconf 91' lang='lat' dir='ltr'><strong>sinunt</strong></span> <span class='ocrx_word' id='word_1_73' title='bbox 604 2058 664 2096; x_wconf 84' lang='lat' dir='ltr'><strong>esse</strong></span> <span class='ocrx_word' id='word_1_74' title='bbox 681 2045 765 2107; x_wconf 78' lang='lat' dir='ltr'><strong>leros,</strong></span> <span class='ocrx_word' id='word_1_75' title='bbox 787 2047 837 2096; x_wconf 83' lang='lat' dir='ltr'><strong>ite-</strong></span> <span class='ocrx_word' id='word_1_76' title='bbox 874 2047 959 2099; x_wconf 84' lang='lat' dir='ltr'><strong>Vntic.</strong></span> <span class='ocrx_word' id='word_1_77' title='bbox 981 2046 1015 2098; x_wconf 83' lang='lat' dir='ltr'><strong>ed</strong></span> <span class='ocrx_word' id='word_1_78' title='bbox 1032 2049 1150 2099; x_wconf 83' lang='lat' dir='ltr'><strong>Rhesum</strong></span> <span class='ocrx_word' id='word_1_79' title='bbox 1161 2048 1224 2100; x_wconf 78' lang='lat' dir='ltr'><strong>nto:</strong></span> <span class='ocrx_word' id='word_1_80' title='bbox 1251 2043 1386 2110; x_wconf 62' lang='lat' dir='ltr'><strong>Karnine</strong></span> 
     </span>
     <span class='ocr_line' id='line_1_12' title="bbox 312 2111 1385 2194; baseline 0.007 -28"><span class='ocrx_word' id='word_1_81' title='bbox 312 2130 365 2180; x_wconf 87' lang='lat' dir='ltr'><strong>quo</strong></span> <span class='ocrx_word' id='word_1_82' title='bbox 383 2118 462 2170; x_wconf 84' lang='lat' dir='ltr'><strong>mites</strong></span> <span class='ocrx_word' id='word_1_83' title='bbox 473 2119 622 2172; x_wconf 80' lang='lat' dir='ltr'><strong>modestiae</strong></span> <span class='ocrx_word' id='word_1_84' title='bbox 637 2122 837 2187; x_wconf 78' lang='lat' dir='ltr'><strong>sapientiaeque</strong></span> <span class='ocrx_word' id='word_1_85' title='bbox 875 2122 993 2188; x_wconf 78' lang='grc' dir='ltr'><strong><em>ποίησιν</em></strong></span> <span class='ocrx_word' id='word_1_86' title='bbox 1017 2111 1083 2194; x_wconf 72' lang='grc' dir='ltr'><strong>εὗρε</strong></span> <span class='ocrx_word' id='word_1_87' title='bbox 1106 2118 1222 2174; x_wconf 73' lang='grc' dir='ltr'><em>πάντων</em></span> <span class='ocrx_word' id='word_1_88' title='bbox 1247 2119 1385 2189; x_wconf 66' lang='grc' dir='ltr'><em>(παντοδα-</em></span> 
     </span>
     <span class='ocr_line' id='line_1_13' title="bbox 310 2193 1386 2262; baseline 0.005 -20"><span class='ocrx_word' id='word_1_89' title='bbox 310 2194 453 2256; x_wconf 79' lang='lat' dir='ltr'><strong>mugistreo</strong></span> <span class='ocrx_word' id='word_1_90' title='bbox 473 2195 552 2258; x_wconf 82' lang='lat' dir='ltr'><strong>liunt,</strong></span> <span class='ocrx_word' id='word_1_91' title='bbox 583 2209 697 2260; x_wconf 83' lang='lat' dir='ltr'><strong>querum</strong></span> <span class='ocrx_word' id='word_1_92' title='bbox 718 2197 837 2261; x_wconf 85' lang='lat' dir='ltr'><strong>ipserum</strong></span> <span class='ocrx_word' id='word_1_93' title='bbox 875 2193 974 2262; x_wconf 69' lang='grc' dir='ltr'><strong>πήνῖ).</strong></span> <span class='ocrx_word' id='word_1_94' title='bbox 989 2222 1017 2234; x_wconf 92' lang='grc'>-</span> <span class='ocrx_word' id='word_1_95' title='bbox 1033 2197 1144 2262; x_wconf 64' lang='lat' dir='ltr'><strong>meum]</strong></span> <span class='ocrx_word' id='word_1_96' title='bbox 1162 2197 1386 2250; x_wconf 84' lang='lat' dir='ltr'><strong>llultiieminhoc</strong></span> 
     </span>
     <span class='ocr_line' id='line_1_14' title="bbox 311 2267 1385 2338; baseline 0.005 -23"><span class='ocrx_word' id='word_1_97' title='bbox 311 2267 438 2318; x_wconf 83' lang='lat' dir='ltr'><strong>virtutum</strong></span> <span class='ocrx_word' id='word_1_98' title='bbox 449 2271 597 2334; x_wconf 77' lang='lat' dir='ltr'><strong>Augustus,</strong></span> <span class='ocrx_word' id='word_1_99' title='bbox 610 2273 719 2323; x_wconf 82' lang='lat' dir='ltr'><strong>llomeni</strong></span> <span class='ocrx_word' id='word_1_100' title='bbox 731 2270 837 2336; x_wconf 88' lang='lat' dir='ltr'><strong>imperii</strong></span> <span class='ocrx_word' id='word_1_101' title='bbox 874 2285 900 2322; x_wconf 88' lang='lat' dir='ltr'><strong>v.</strong></span> <span class='ocrx_word' id='word_1_102' title='bbox 913 2272 1071 2334; x_wconf 77' lang='lat' dir='ltr'><strong>haeserunt,</strong></span> <span class='ocrx_word' id='word_1_103' title='bbox 1091 2274 1168 2336; x_wconf 79' lang='lat' dir='ltr'><strong>quusi</strong></span> <span class='ocrx_word' id='word_1_104' title='bbox 1180 2274 1283 2338; x_wconf 67' lang='lat' dir='ltr'><strong>loom</strong></span> <span class='ocrx_word' id='word_1_105' title='bbox 1291 2285 1385 2324; x_wconf 77' lang='lat' dir='ltr'><strong>carmen</strong></span> 
     </span>
     <span class='ocr_line' id='line_1_15' title="bbox 310 2343 1387 2412; baseline 0.008 -22"><span class='ocrx_word' id='word_1_106' title='bbox 310 2343 465 2405; x_wconf 79' lang='lat' dir='ltr'><strong>pacificator</strong></span> <span class='ocrx_word' id='word_1_107' title='bbox 482 2343 614 2409; x_wconf 83' lang='lat' dir='ltr'><strong>simulque</strong></span> <span class='ocrx_word' id='word_1_108' title='bbox 629 2348 765 2398; x_wconf 80' lang='lat' dir='ltr'>Musarum</span> <span class='ocrx_word' id='word_1_109' title='bbox 781 2347 838 2398; x_wconf 88' lang='lat' dir='ltr'><strong>ein·</strong></span> <span class='ocrx_word' id='word_1_110' title='bbox 874 2359 904 2398; x_wconf 86' lang='lat' dir='ltr'><strong>ee</strong></span> <span class='ocrx_word' id='word_1_111' title='bbox 916 2346 1128 2412; x_wconf 85' lang='lat' dir='ltr'><strong>compositurum</strong></span> <span class='ocrx_word' id='word_1_112' title='bbox 1140 2361 1200 2399; x_wconf 84' lang='lat' dir='ltr'><strong>esee</strong></span> <span class='ocrx_word' id='word_1_113' title='bbox 1213 2346 1330 2399; x_wconf 77' lang='lat' dir='ltr'><strong>coneurlto</strong></span> <span class='ocrx_word' id='word_1_114' title='bbox 1340 2346 1387 2410; x_wconf 72' lang='lat' dir='ltr'><strong>qni</strong></span> 
     </span>
     <span class='ocr_line' id='line_1_16' title="bbox 311 2419 1386 2486; baseline 0.002 -20"><span class='ocrx_word' id='word_1_115' title='bbox 311 2429 390 2467; x_wconf 87' lang='lat' dir='ltr'><strong>cerus</strong></span> <span class='ocrx_word' id='word_1_116' title='bbox 402 2422 519 2482; x_wconf 84' lang='lat' dir='ltr'><strong>nmntor,</strong></span> <span class='ocrx_word' id='word_1_117' title='bbox 533 2421 660 2471; x_wconf 85' lang='lat' dir='ltr'><strong>eximium</strong></span> <span class='ocrx_word' id='word_1_118' title='bbox 672 2421 750 2472; x_wconf 87' lang='lat' dir='ltr'><strong>nobis</strong></span> <span class='ocrx_word' id='word_1_119' title='bbox 761 2435 837 2486; x_wconf 84' lang='lat' dir='ltr'><strong>prue-</strong></span> <span class='ocrx_word' id='word_1_120' title='bbox 874 2419 952 2482; x_wconf 83' lang='lat' dir='ltr'><strong>dem,</strong></span> <span class='ocrx_word' id='word_1_121' title='bbox 971 2420 1020 2472; x_wconf 85' lang='lat' dir='ltr'><strong>sed</strong></span> <span class='ocrx_word' id='word_1_122' title='bbox 1032 2434 1128 2485; x_wconf 83' lang='lat' dir='ltr'><strong>purum</strong></span> <span class='ocrx_word' id='word_1_123' title='bbox 1139 2425 1302 2486; x_wconf 76' lang='lat' dir='ltr'>opportune,</span> <span class='ocrx_word' id='word_1_124' title='bbox 1319 2433 1386 2486; x_wconf 81' lang='lat' dir='ltr'><strong>prue-</strong></span> 
     </span>
     <span class='ocr_line' id='line_1_17' title="bbox 312 2489 1386 2560; baseline 0.002 -21"><span class='ocrx_word' id='word_1_125' title='bbox 312 2489 360 2539; x_wconf 88' lang='lat' dir='ltr'><strong>bet</strong></span> <span class='ocrx_word' id='word_1_126' title='bbox 376 2493 527 2555; x_wconf 86' lang='lat' dir='ltr'><strong>specimen;</strong></span> <span class='ocrx_word' id='word_1_127' title='bbox 546 2497 638 2545; x_wconf 85' lang='lat' dir='ltr'><strong>contre</strong></span> <span class='ocrx_word' id='word_1_128' title='bbox 650 2497 741 2546; x_wconf 77' lang='lat' dir='ltr'><strong>illusae</strong></span> <span class='ocrx_word' id='word_1_129' title='bbox 757 2494 838 2545; x_wconf 84' lang='lat' dir='ltr'><strong>adeo-</strong></span> <span class='ocrx_word' id='word_1_130' title='bbox 875 2496 971 2547; x_wconf 87' lang='lat' dir='ltr'><strong>dixerit</strong></span> <span class='ocrx_word' id='word_1_131' title='bbox 986 2498 1074 2560; x_wconf 73' lang='lat' dir='ltr'><strong>poete.</strong></span> <span class='ocrx_word' id='word_1_132' title='bbox 1109 2495 1209 2547; x_wconf 85' lang='lat' dir='ltr'><strong>Verum</strong></span> <span class='ocrx_word' id='word_1_133' title='bbox 1227 2497 1278 2548; x_wconf 89' lang='lat' dir='ltr'><strong>hoc</strong></span> <span class='ocrx_word' id='word_1_134' title='bbox 1294 2494 1386 2546; x_wconf 79' lang='lat' dir='ltr'><strong>volebat</strong></span> 
     </span>
     <span class='ocr_line' id='line_1_18' title="bbox 312 2567 1384 2634; baseline 0.012 -21"><span class='ocrx_word' id='word_1_135' title='bbox 312 2575 365 2627; x_wconf 91' lang='lat' dir='ltr'><strong>que</strong></span> <span class='ocrx_word' id='word_1_136' title='bbox 391 2569 486 2616; x_wconf 87' lang='lat' dir='ltr'><strong>cuncte</strong></span> <span class='ocrx_word' id='word_1_137' title='bbox 513 2567 616 2630; x_wconf 80' lang='lat' dir='ltr'><strong>ingenie</strong></span> <span class='ocrx_word' id='word_1_138' title='bbox 639 2568 717 2620; x_wconf 88' lang='lat' dir='ltr'><strong>bonis</strong></span> <span class='ocrx_word' id='word_1_139' title='bbox 735 2569 837 2621; x_wconf 74' lang='lat' dir='ltr'><strong>arttbm</strong></span> <span class='ocrx_word' id='word_1_140' title='bbox 875 2573 905 2621; x_wconf 90' lang='lat' dir='ltr'><strong>ut</strong></span> <span class='ocrx_word' id='word_1_141' title='bbox 928 2571 1138 2634; x_wconf 75' lang='lat' dir='ltr'><strong>persentisceret</strong></span> <span class='ocrx_word' id='word_1_142' title='bbox 1161 2569 1262 2622; x_wconf 90' lang='lat' dir='ltr'><strong>lector:</strong></span> <span class='ocrx_word' id='word_1_143' title='bbox 1301 2572 1384 2634; x_wconf 74' lang='lat' dir='ltr'><strong>«Opto.</strong></span> 
     </span>
     <span class='ocr_line' id='line_1_19' title="bbox 311 2637 1385 2710; baseline 0.004 -23"><span class='ocrx_word' id='word_1_144' title='bbox 311 2637 416 2688; x_wconf 78' lang='lat' dir='ltr'><strong>exculte</strong></span> <span class='ocrx_word' id='word_1_145' title='bbox 434 2653 516 2704; x_wconf 83' lang='lat' dir='ltr'><strong>quum</strong></span> <span class='ocrx_word' id='word_1_146' title='bbox 527 2640 680 2705; x_wconf 80' lang='lat' dir='ltr'><strong>longissime</strong></span> <span class='ocrx_word' id='word_1_147' title='bbox 693 2643 839 2696; x_wconf 81' lang='lat' dir='ltr'><strong>obhorrent</strong></span> <span class='ocrx_word' id='word_1_148' title='bbox 875 2647 906 2695; x_wconf 93' lang='lat' dir='ltr'><strong>ut</strong></span> <span class='ocrx_word' id='word_1_149' title='bbox 922 2648 965 2696; x_wconf 88' lang='lat' dir='ltr'><strong>tun</strong></span> <span class='ocrx_word' id='word_1_150' title='bbox 983 2647 1136 2710; x_wconf 84' lang='lat' dir='ltr'><strong>praesentia</strong></span> <span class='ocrx_word' id='word_1_151' title='bbox 1154 2658 1236 2710; x_wconf 86' lang='lat' dir='ltr'><strong>quem</strong></span> <span class='ocrx_word' id='word_1_152' title='bbox 1254 2645 1385 2697; x_wconf 78' lang='lat' dir='ltr'><strong>diutissime</strong></span> 
     </span>
     <span class='ocr_line' id='line_1_20' title="bbox 312 2712 1386 2784; baseline 0.005 -22"><span class='ocrx_word' id='word_1_153' title='bbox 312 2712 427 2764; x_wconf 86' lang='lat' dir='ltr'><strong>oleroci</strong></span> <span class='ocrx_word' id='word_1_154' title='bbox 445 2715 540 2766; x_wconf 89' lang='lat' dir='ltr'><strong>virium</strong></span> <span class='ocrx_word' id='word_1_155' title='bbox 558 2715 645 2768; x_wconf 80' lang='lat' dir='ltr'><strong>abusu</strong></span> <span class='ocrx_word' id='word_1_156' title='bbox 664 2721 744 2782; x_wconf 81' lang='lat' dir='ltr'><strong>atquc</strong></span> <span class='ocrx_word' id='word_1_157' title='bbox 762 2731 777 2768; x_wconf 83' lang='lat' dir='ltr'><strong>n</strong></span> <span class='ocrx_word' id='word_1_158' title='bbox 795 2733 839 2770; x_wconf 90' lang='lat' dir='ltr'><strong>su·</strong></span> <span class='ocrx_word' id='word_1_159' title='bbox 875 2719 925 2770; x_wconf 89' lang='lat' dir='ltr'><strong>lrui</strong></span> <span class='ocrx_word' id='word_1_160' title='bbox 942 2721 1044 2784; x_wconf 85' lang='lat' dir='ltr'><strong>poesim</strong></span> <span class='ocrx_word' id='word_1_161' title='bbox 1061 2734 1112 2772; x_wconf 91' lang='lat' dir='ltr'><strong>nec</strong></span> <span class='ocrx_word' id='word_1_162' title='bbox 1130 2721 1208 2773; x_wconf 85' lang='lat' dir='ltr'><strong>nimie</strong></span> <span class='ocrx_word' id='word_1_163' title='bbox 1226 2723 1280 2773; x_wconf 90' lang='lat' dir='ltr'><strong>cito</strong></span> <span class='ocrx_word' id='word_1_164' title='bbox 1304 2719 1386 2770; x_wconf 85' lang='lat' dir='ltr'><strong>reeiin-</strong></span> 
     </span>
     <span class='ocr_line' id='line_1_21' title="bbox 311 2787 1386 2859; baseline 0.005 -22"><span class='ocrx_word' id='word_1_165' title='bbox 311 2787 404 2853; x_wconf 84' lang='lat' dir='ltr'><strong>perbin</strong></span> <span class='ocrx_word' id='word_1_166' title='bbox 439 2789 619 2855; x_wconf 86' lang='lat' dir='ltr'><strong>omnibusque</strong></span> <span class='ocrx_word' id='word_1_167' title='bbox 658 2793 836 2858; x_wconf 85' lang='lat' dir='ltr'><strong>iecinoribus,</strong></span> <span class='ocrx_word' id='word_1_168' title='bbox 876 2795 971 2857; x_wconf 79' lang='lat' dir='ltr'><strong>guntur</strong></span> <span class='ocrx_word' id='word_1_169' title='bbox 987 2794 1250 2859; x_wconf 79' lang='lat' dir='ltr'><strong>impetuspoetloue,</strong></span> <span class='ocrx_word' id='word_1_170' title='bbox 1270 2795 1313 2859; x_wconf 92' lang='lat' dir='ltr'><strong>qui</strong></span> <span class='ocrx_word' id='word_1_171' title='bbox 1328 2803 1386 2842; x_wconf 85' lang='lat' dir='ltr'><strong>nune</strong></span> 
     </span>
     <span class='ocr_line' id='line_1_22' title="bbox 311 2861 1386 2933; baseline 0.01 -21"><span class='ocrx_word' id='word_1_172' title='bbox 311 2861 439 2927; x_wconf 79' lang='lat' dir='ltr'><strong>adquae</strong></span> <span class='ocrx_word' id='word_1_173' title='bbox 466 2865 593 2916; x_wconf 79' lang='lat' dir='ltr'><strong>mortales</strong></span> <span class='ocrx_word' id='word_1_174' title='bbox 618 2881 724 2920; x_wconf 88' lang='lat' dir='ltr'><strong>morum</strong></span> <span class='ocrx_word' id='word_1_175' title='bbox 748 2869 838 2921; x_wconf 83' lang='lat' dir='ltr'><strong>leritas</strong></span> <span class='ocrx_word' id='word_1_176' title='bbox 876 2882 921 2919; x_wconf 90' lang='lat' dir='ltr'><strong>me</strong></span> <span class='ocrx_word' id='word_1_177' title='bbox 947 2869 1086 2933; x_wconf 74' lang='lat' dir='ltr'><strong>corripit.»</strong></span> <span class='ocrx_word' id='word_1_178' title='bbox 1127 2870 1213 2932; x_wconf 81' lang='lat' dir='ltr'><strong>Atque</strong></span> <span class='ocrx_word' id='word_1_179' title='bbox 1246 2868 1328 2922; x_wconf 76' lang='lat' dir='ltr'><strong>simile</strong></span> <span class='ocrx_word' id='word_1_180' title='bbox 1354 2865 1386 2915; x_wconf 59' lang='lat' dir='ltr'><strong>ott</strong></span> 
     </span>
     <span class='ocr_line' id='line_1_23' title="bbox 312 2937 1385 3008; baseline 0.004 -22"><span class='ocrx_word' id='word_1_181' title='bbox 312 2937 449 3001; x_wconf 84' lang='lat' dir='ltr'><strong>impellere</strong></span> <span class='ocrx_word' id='word_1_182' title='bbox 476 2939 569 2990; x_wconf 77' lang='lat' dir='ltr'><strong>solet·</strong></span> <span class='ocrx_word' id='word_1_183' title='bbox 612 2943 721 2994; x_wconf 84' lang='lat' dir='ltr'><strong>Summe</strong></span> <span class='ocrx_word' id='word_1_184' title='bbox 747 2947 838 2996; x_wconf 87' lang='lat' dir='ltr'><strong>autem</strong></span> <span class='ocrx_word' id='word_1_185' title='bbox 876 2943 1052 3008; x_wconf 77' lang='lat' dir='ltr'><strong>Tryphiodori</strong></span> <span class='ocrx_word' id='word_1_186' title='bbox 1078 2942 1217 2994; x_wconf 81' lang='lat' dir='ltr'><strong>exordium</strong></span> <span class='ocrx_word' id='word_1_187' title='bbox 1244 2957 1269 2994; x_wconf 86' lang='lat' dir='ltr'><strong>v.</strong></span> <span class='ocrx_word' id='word_1_188' title='bbox 1302 2938 1385 2992; x_wconf 79' lang='lat' dir='ltr'><strong>r-l:</strong></span> 
     </span>
     <span class='ocr_line' id='line_1_24' title="bbox 312 3013 1383 3142; baseline 0.008 -81"><span class='ocrx_word' id='word_1_189' title='bbox 312 3015 369 3063; x_wconf 83' lang='lat' dir='ltr'><strong>erte</strong></span> <span class='ocrx_word' id='word_1_190' title='bbox 387 3026 452 3066; x_wconf 80' lang='lat' dir='ltr'><strong>usus</strong></span> <span class='ocrx_word' id='word_1_191' title='bbox 469 3015 495 3066; x_wconf 93' lang='lat' dir='ltr'><strong>in</strong></span> <span class='ocrx_word' id='word_1_192' title='bbox 512 3018 630 3080; x_wconf 83' lang='lat' dir='ltr'><strong>Angusto</strong></span> <span class='ocrx_word' id='word_1_193' title='bbox 647 3019 704 3082; x_wconf 88' lang='lat' dir='ltr'><strong>ipso</strong></span> <span class='ocrx_word' id='word_1_194' title='bbox 723 3018 785 3070; x_wconf 90' lang='lat' dir='ltr'><strong>olim</strong></span> <span class='ocrx_word' id='word_1_195' title='bbox 804 3018 838 3069; x_wconf 88' lang='lat' dir='ltr'><strong>ud</strong></span> <span class='ocrx_word' id='word_1_196' title='bbox 877 3013 1137 3142; x_wconf 50' lang='grc' dir='ltr'><strong>Τέῖμα--Αὐτίκα</strong></span> <span class='ocrx_word' id='word_1_197' title='bbox 1155 3033 1208 3084; x_wconf 84' lang='grc' dir='ltr'><strong>μοι</strong></span> <span class='ocrx_word' id='word_1_198' title='bbox 1228 3013 1383 3070; x_wconf 76' lang='grc' dir='ltr'><strong><em>σπεύδοντι,</em></strong></span> 
     </span>
     <span class='ocr_line' id='line_1_25' title="bbox 257 3085 1385 3158; baseline 0.006 -21"><span class='ocrx_word' id='word_1_199' title='bbox 257 3097 259 3102; x_wconf 85' lang='grc'><strong>’</strong></span> <span class='ocrx_word' id='word_1_200' title='bbox 314 3087 498 3140; x_wconf 81' lang='lat' dir='ltr'><strong>crudelitatem</strong></span> <span class='ocrx_word' id='word_1_201' title='bbox 519 3089 629 3154; x_wconf 86' lang='lat' dir='ltr'><strong>proclivi</strong></span> <span class='ocrx_word' id='word_1_202' title='bbox 655 3093 757 3156; x_wconf 79' lang='lat' dir='ltr'><strong>(notum</strong></span> <span class='ocrx_word' id='word_1_203' title='bbox 775 3093 838 3146; x_wconf 88' lang='lat' dir='ltr'><strong>illud</strong></span> <span class='ocrx_word' id='word_1_204' title='bbox 877 3107 916 3142; x_wconf 81' lang='grc' dir='ltr'><strong>πο</strong></span> <span class='ocrx_word' id='word_1_205' title='bbox 933 3088 1024 3144; x_wconf 76' lang='grc' dir='ltr'><strong>ὑνδιὰ</strong></span> <span class='ocrx_word' id='word_1_206' title='bbox 1034 3089 1133 3158; x_wconf 79' lang='grc' dir='ltr'>μῦθον</span> <span class='ocrx_word' id='word_1_207' title='bbox 1141 3085 1385 3156; x_wconf 52' lang='lat' dir='ltr'><strong>animoflevisse,</strong></span> 
     </span>
     <span class='ocr_line' id='line_1_26' title="bbox 313 3161 1386 3230; baseline 0.005 -18"><span class='ocrx_word' id='word_1_208' title='bbox 313 3164 486 3215; x_wconf 86' lang='lat' dir='ltr'><strong>llnccenetis:</strong></span> <span class='ocrx_word' id='word_1_209' title='bbox 514 3165 597 3230; x_wconf 73' lang='lat' dir='ltr'><strong>Sorpe</strong></span> <span class='ocrx_word' id='word_1_210' title='bbox 612 3169 724 3230; x_wconf 73' lang='lat' dir='ltr'><strong>totidem,</strong></span> <span class='ocrx_word' id='word_1_211' title='bbox 751 3171 839 3219; x_wconf 77' lang='lat' dir='ltr'><strong>comi-</strong></span> <span class='ocrx_word' id='word_1_212' title='bbox 877 3165 1061 3219; x_wconf 78' lang='grc' dir='ltr'><strong><em>Καλλιόπεια.</em></strong></span> <span class='ocrx_word' id='word_1_213' title='bbox 1092 3169 1183 3222; x_wconf 86' lang='lat' dir='ltr'><strong>Utrum</strong></span> <span class='ocrx_word' id='word_1_214' title='bbox 1200 3171 1292 3219; x_wconf 83' lang='lat' dir='ltr'><strong>eutem</strong></span> <span class='ocrx_word' id='word_1_215' title='bbox 1307 3168 1353 3216; x_wconf 87' lang='lat' dir='ltr'><strong>hoc</strong></span> <span class='ocrx_word' id='word_1_216' title='bbox 1366 3161 1386 3210; x_wconf 78' lang='lat' dir='ltr'><strong>ti</strong></span> 
     </span>
     <span class='ocr_line' id='line_1_27' title="bbox 311 3237 1385 3306; baseline 0.002 -20"><span class='ocrx_word' id='word_1_217' title='bbox 311 3237 355 3300; x_wconf 74' lang='lat' dir='ltr'><strong>[ec</strong></span> <span class='ocrx_word' id='word_1_218' title='bbox 365 3237 384 3302; x_wconf 86' lang='lat' dir='ltr'><strong>l)</strong></span> <span class='ocrx_word' id='word_1_219' title='bbox 403 3239 614 3291; x_wconf 82' lang='lat' dir='ltr'><strong>moderationem</strong></span> <span class='ocrx_word' id='word_1_220' title='bbox 626 3245 706 3306; x_wconf 82' lang='lat' dir='ltr'><strong>etque</strong></span> <span class='ocrx_word' id='word_1_221' title='bbox 719 3241 840 3294; x_wconf 88' lang='lat' dir='ltr'><strong>clemen·</strong></span> <span class='ocrx_word' id='word_1_222' title='bbox 877 3255 1039 3295; x_wconf 84' lang='lat' dir='ltr'><strong>concessure</strong></span> <span class='ocrx_word' id='word_1_223' title='bbox 1057 3243 1126 3294; x_wconf 92' lang='lat' dir='ltr'><strong>loret</strong></span> <span class='ocrx_word' id='word_1_224' title='bbox 1142 3243 1217 3294; x_wconf 84' lang='lat' dir='ltr'><strong>lluee</strong></span> <span class='ocrx_word' id='word_1_225' title='bbox 1230 3255 1323 3300; x_wconf 83' lang='lat' dir='ltr'><strong>necne.</strong></span> <span class='ocrx_word' id='word_1_226' title='bbox 1339 3240 1385 3302; x_wconf 82' lang='lat' dir='ltr'><strong>ipee</strong></span> 
     </span>
     <span class='ocr_line' id='line_1_28' title="bbox 314 3312 1387 3380; baseline 0.007 -19"><span class='ocrx_word' id='word_1_227' title='bbox 314 3312 377 3362; x_wconf 82' lang='lat' dir='ltr'><strong>tiam</strong></span> <span class='ocrx_word' id='word_1_228' title='bbox 386 3325 448 3363; x_wconf 92' lang='lat' dir='ltr'><strong>cum</strong></span> <span class='ocrx_word' id='word_1_229' title='bbox 460 3314 574 3377; x_wconf 79' lang='lat' dir='ltr'><strong>ingenuo</strong></span> <span class='ocrx_word' id='word_1_230' title='bbox 583 3315 762 3368; x_wconf 84' lang='lat' dir='ltr'><strong>humanarum</strong></span> <span class='ocrx_word' id='word_1_231' title='bbox 772 3317 840 3368; x_wconf 87' lang='lat' dir='ltr'><strong>litte-</strong></span> <span class='ocrx_word' id='word_1_232' title='bbox 877 3317 997 3369; x_wconf 91' lang='lat' dir='ltr'><strong>nondum</strong></span> <span class='ocrx_word' id='word_1_233' title='bbox 1014 3317 1125 3369; x_wconf 82' lang='lat' dir='ltr'><strong>sciebet.</strong></span> <span class='ocrx_word' id='word_1_234' title='bbox 1159 3317 1275 3368; x_wconf 84' lang='lat' dir='ltr'><strong>Cermen</strong></span> <span class='ocrx_word' id='word_1_235' title='bbox 1292 3323 1387 3380; x_wconf 65' lang='grc' dir='ltr'><strong>φονεῦ-</strong></span> 
     </span>
     <span class='ocr_line' id='line_1_29' title="bbox 313 3383 1386 3458; baseline 0.005 -24"><span class='ocrx_word' id='word_1_236' title='bbox 313 3399 404 3436; x_wconf 88' lang='lat' dir='ltr'><strong>rorum</strong></span> <span class='ocrx_word' id='word_1_237' title='bbox 414 3386 501 3438; x_wconf 87' lang='lat' dir='ltr'><strong>studio</strong></span> <span class='ocrx_word' id='word_1_238' title='bbox 511 3390 680 3441; x_wconf 78' lang='lat' dir='ltr'><strong>coniunctum</strong></span> <span class='ocrx_word' id='word_1_239' title='bbox 692 3392 727 3442; x_wconf 87' lang='lat' dir='ltr'><strong>ite</strong></span> <span class='ocrx_word' id='word_1_240' title='bbox 739 3391 837 3456; x_wconf 84' lang='lat' dir='ltr'><strong>laudat,</strong></span> <span class='ocrx_word' id='word_1_241' title='bbox 877 3407 926 3455; x_wconf 84' lang='lat' dir='ltr'><strong>ne,</strong></span> <span class='ocrx_word' id='word_1_242' title='bbox 944 3395 1076 3458; x_wconf 88' lang='lat' dir='ltr'><strong>perpetuo</strong></span> <span class='ocrx_word' id='word_1_243' title='bbox 1093 3390 1284 3452; x_wconf 78' lang='lat' dir='ltr'><strong>duraturum»,</strong></span> <span class='ocrx_word' id='word_1_244' title='bbox 1309 3391 1335 3439; x_wconf 92' lang='lat' dir='ltr'><strong>ut</strong></span> <span class='ocrx_word' id='word_1_245' title='bbox 1352 3383 1386 3434; x_wconf 84' lang='lat' dir='ltr'><strong>nli</strong></span> 
     </span>
     <span class='ocr_line' id='line_1_30' title="bbox 314 3461 1386 3532; baseline 0.004 -23"><span class='ocrx_word' id='word_1_246' title='bbox 314 3461 344 3509; x_wconf 92' lang='lat' dir='ltr'><strong>nt</strong></span> <span class='ocrx_word' id='word_1_247' title='bbox 361 3461 386 3511; x_wconf 93' lang='lat' dir='ltr'><strong>in</strong></span> <span class='ocrx_word' id='word_1_248' title='bbox 404 3462 446 3512; x_wconf 85' lang='lat' dir='ltr'><strong>hie</strong></span> <span class='ocrx_word' id='word_1_249' title='bbox 462 3463 839 3519; x_wconf 83' lang='lat' dir='ltr'><strong>virtutibussummeslnudee</strong></span> <span class='ocrx_word' id='word_1_250' title='bbox 876 3467 1035 3530; x_wconf 82' lang='lat' dir='ltr'><strong>volucrunt,</strong></span> <span class='ocrx_word' id='word_1_251' title='bbox 1071 3481 1120 3532; x_wconf 96' lang='lat' dir='ltr'><strong>pro</strong></span> <span class='ocrx_word' id='word_1_252' title='bbox 1146 3467 1221 3517; x_wconf 84' lang='lat' dir='ltr'><strong>certo</strong></span> <span class='ocrx_word' id='word_1_253' title='bbox 1254 3465 1386 3530; x_wconf 72' lang='lat' dir='ltr'><strong>significare</strong></span> 
     </span>
     <span class='ocr_line' id='line_1_31' title="bbox 314 3530 1385 3606; baseline 0.013 -23"><span class='ocrx_word' id='word_1_254' title='bbox 314 3545 462 3600; x_wconf 79' lang='lat' dir='ltr'><strong>veramque</strong></span> <span class='ocrx_word' id='word_1_255' title='bbox 479 3539 701 3602; x_wconf 78' lang='lat' dir='ltr'><strong>potentiamsitee</strong></span> <span class='ocrx_word' id='word_1_256' title='bbox 717 3553 777 3592; x_wconf 84' lang='lat' dir='ltr'><strong>esse</strong></span> <span class='ocrx_word' id='word_1_257' title='bbox 790 3541 840 3592; x_wconf 89' lang='lat' dir='ltr'><strong>de·</strong></span> <span class='ocrx_word' id='word_1_258' title='bbox 877 3543 977 3606; x_wconf 90' lang='lat' dir='ltr'><strong>nequit.</strong></span> <span class='ocrx_word' id='word_1_259' title='bbox 1007 3569 1035 3580; x_wconf 87' lang='lat'>-</span> <span class='ocrx_word' id='word_1_260' title='bbox 1063 3539 1184 3605; x_wconf 80' lang='lat' dir='ltr'><strong>Calliope]</strong></span> <span class='ocrx_word' id='word_1_261' title='bbox 1208 3542 1306 3591; x_wconf 75' lang='lat' dir='ltr'><strong>Ancon.</strong></span> <span class='ocrx_word' id='word_1_262' title='bbox 1323 3530 1385 3596; x_wconf 70' lang='lat' dir='ltr'><strong>ldlfl=</strong></span> 
     </span>
     <span class='ocr_line' id='line_1_32' title="bbox 316 3608 1387 3678; baseline 0.004 -19"><span class='ocrx_word' id='word_1_263' title='bbox 316 3611 455 3662; x_wconf 85' lang='lat' dir='ltr'><strong>monstret.</strong></span> <span class='ocrx_word' id='word_1_264' title='bbox 490 3614 556 3665; x_wconf 86' lang='lat' dir='ltr'><strong>Vide</strong></span> <span class='ocrx_word' id='word_1_265' title='bbox 574 3615 730 3666; x_wconf 81' lang='lat' dir='ltr'><strong>Excursum.</strong></span> <span class='ocrx_word' id='word_1_266' title='bbox 877 3617 923 3677; x_wconf 72' lang='lat'><strong>20,</strong></span> <span class='ocrx_word' id='word_1_267' title='bbox 941 3617 970 3665; x_wconf 77' lang='lat'><strong>7:</strong></span> <span class='ocrx_word' id='word_1_268' title='bbox 1000 3615 1123 3666; x_wconf 75' lang='lat' dir='ltr'><strong>Carmine</strong></span> <span class='ocrx_word' id='word_1_269' title='bbox 1144 3615 1255 3678; x_wconf 83' lang='lat' dir='ltr'><strong>calliope</strong></span> <span class='ocrx_word' id='word_1_270' title='bbox 1274 3608 1387 3663; x_wconf 69' lang='lat' dir='ltr'><strong>librisli-</strong></span> 
     </span>
    </p>

    <p class='ocr_par' dir='ltr' id='par_1_6' title="bbox 311 3680 1387 4136">
     <span class='ocr_line' id='line_1_33' title="bbox 348 3680 1387 3764; baseline 0.003 -30"><span class='ocrx_word' id='word_1_271' title='bbox 348 3688 372 3734; x_wconf 89' lang='lat' dir='ltr'><strong>l.</strong></span> <span class='ocrx_word' id='word_1_272' title='bbox 390 3688 514 3739; x_wconf 75' lang='lat' dir='ltr'><strong>Descende</strong></span> <span class='ocrx_word' id='word_1_273' title='bbox 530 3691 610 3754; x_wconf 80' lang='lat' dir='ltr'><strong>caelo]</strong></span> <span class='ocrx_word' id='word_1_274' title='bbox 629 3689 700 3741; x_wconf 84' lang='lat' dir='ltr'><strong>iliad.</strong></span> <span class='ocrx_word' id='word_1_275' title='bbox 720 3689 753 3752; x_wconf 85' lang='grc' dir='ltr'><strong>β,</strong></span> <span class='ocrx_word' id='word_1_276' title='bbox 772 3692 838 3744; x_wconf 76' lang='lat' dir='ltr'><strong>llil:</strong></span> <span class='ocrx_word' id='word_1_277' title='bbox 876 3691 950 3741; x_wconf 86' lang='lat' dir='ltr'><strong>rotco</strong></span> <span class='ocrx_word' id='word_1_278' title='bbox 965 3692 1079 3741; x_wconf 76' lang='lat' dir='ltr'><strong>mandet.</strong></span> <span class='ocrx_word' id='word_1_279' title='bbox 1122 3689 1175 3741; x_wconf 86' lang='lat' dir='ltr'><strong>Sed</strong></span> <span class='ocrx_word' id='word_1_280' title='bbox 1197 3689 1265 3740; x_wconf 84' lang='lat' dir='ltr'><strong>haec</strong></span> <span class='ocrx_word' id='word_1_281' title='bbox 1286 3680 1387 3764; x_wconf 66' lang='lat' dir='ltr'><strong>singulo·</strong></span> 
     </span>
     <span class='ocr_line' id='line_1_34' title="bbox 313 3753 1387 3826; baseline 0 -17"><span class='ocrx_word' id='word_1_282' title='bbox 313 3753 498 3825; x_wconf 77' lang='grc' dir='ltr'><strong><em>Ὀλυμπιάδες</em></strong></span> <span class='ocrx_word' id='word_1_283' title='bbox 537 3761 670 3826; x_wconf 68' lang='grc' dir='ltr'><strong><em>Μοῦσαι,</em></strong></span> <span class='ocrx_word' id='word_1_284' title='bbox 715 3768 742 3816; x_wconf 88' lang='lat' dir='ltr'><strong>ot</strong></span> <span class='ocrx_word' id='word_1_285' title='bbox 778 3765 840 3817; x_wconf 88' lang='lat' dir='ltr'><strong>elibi</strong></span> <span class='ocrx_word' id='word_1_286' title='bbox 878 3780 939 3817; x_wconf 88' lang='lat' dir='ltr'><strong>rum</strong></span> <span class='ocrx_word' id='word_1_287' title='bbox 956 3766 1131 3817; x_wconf 77' lang='lat' dir='ltr'><strong>interlineas</strong></span> <span class='ocrx_word' id='word_1_288' title='bbox 1149 3776 1292 3815; x_wconf 88' lang='lat' dir='ltr'><strong>munerum</strong></span> <span class='ocrx_word' id='word_1_289' title='bbox 1312 3759 1387 3810; x_wconf 71' lang='lat' dir='ltr'><strong>disti·</strong></span> 
     </span>
     <span class='ocr_line' id='line_1_35' title="bbox 311 3826 1385 3905; baseline 0.004 -22"><span class='ocrx_word' id='word_1_290' title='bbox 311 3826 709 3903; x_wconf 64' lang='lat' dir='ltr'><strong>’Olopmuicipor&#39;ixovow</strong></span> <span class='ocrx_word' id='word_1_291' title='bbox 723 3867 749 3875; x_wconf 93' lang='lat'>—</span> <span class='ocrx_word' id='word_1_292' title='bbox 762 3842 841 3890; x_wconf 88' lang='lat' dir='ltr'><strong>Pree-</strong></span> <span class='ocrx_word' id='word_1_293' title='bbox 878 3841 952 3892; x_wconf 91' lang='lat' dir='ltr'><strong>butio</strong></span> <span class='ocrx_word' id='word_1_294' title='bbox 970 3855 986 3891; x_wconf 87' lang='lat' dir='ltr'><strong>e</strong></span> <span class='ocrx_word' id='word_1_295' title='bbox 1002 3841 1101 3905; x_wconf 74' lang='lat' dir='ltr'><strong>poetis,</strong></span> <span class='ocrx_word' id='word_1_296' title='bbox 1127 3840 1287 3905; x_wconf 78' lang='lat' dir='ltr'><strong>praesertim</strong></span> <span class='ocrx_word' id='word_1_297' title='bbox 1302 3831 1385 3898; x_wconf 77' lang='lat' dir='ltr'><strong>lyricis.</strong></span> 
     </span>
     <span class='ocr_line' id='line_1_36' title="bbox 314 3901 1386 3966; baseline 0.006 -7"><span class='ocrx_word' id='word_1_298' title='bbox 314 3913 366 3960; x_wconf 84' lang='lat' dir='ltr'><strong>stet</strong></span> <span class='ocrx_word' id='word_1_299' title='bbox 382 3925 444 3962; x_wconf 92' lang='lat' dir='ltr'><strong>cum</strong></span> <span class='ocrx_word' id='word_1_300' title='bbox 462 3911 617 3965; x_wconf 79' lang='lat' dir='ltr'><strong>melioribus</strong></span> <span class='ocrx_word' id='word_1_301' title='bbox 633 3913 706 3965; x_wconf 84' lang='lat' dir='ltr'><strong>libris</strong></span> <span class='ocrx_word' id='word_1_302' title='bbox 724 3915 839 3966; x_wconf 83' lang='lat' dir='ltr'><strong>relinere</strong></span> <span class='ocrx_word' id='word_1_303' title='bbox 880 3929 931 3966; x_wconf 92' lang='lat' dir='ltr'><strong>non</strong></span> <span class='ocrx_word' id='word_1_304' title='bbox 949 3917 1079 3966; x_wconf 84' lang='lat' dir='ltr'><strong>servetur.</strong></span> <span class='ocrx_word' id='word_1_305' title='bbox 1119 3916 1175 3964; x_wconf 86' lang='lat' dir='ltr'><strong>lum</strong></span> <span class='ocrx_word' id='word_1_306' title='bbox 1192 3912 1301 3964; x_wconf 80' lang='lat' dir='ltr'><strong>Alcman</strong></span> <span class='ocrx_word' id='word_1_307' title='bbox 1316 3901 1386 3965; x_wconf 68' lang='lat' dir='ltr'><strong>llolik</strong></span> 
     </span>
     <span class='ocr_line' id='line_1_37' title="bbox 315 3977 1384 4055; baseline 0.003 -20"><span class='ocrx_word' id='word_1_308' title='bbox 315 3985 438 4050; x_wconf 85' lang='lat' dir='ltr'><strong>copulem</strong></span> <span class='ocrx_word' id='word_1_309' title='bbox 456 3991 489 4049; x_wconf 85' lang='lat' dir='ltr'><strong>ot,</strong></span> <span class='ocrx_word' id='word_1_310' title='bbox 509 4000 572 4037; x_wconf 89' lang='lat' dir='ltr'><strong>cum</strong></span> <span class='ocrx_word' id='word_1_311' title='bbox 583 3989 742 4052; x_wconf 80' lang='lat' dir='ltr'><strong>praesertim</strong></span> <span class='ocrx_word' id='word_1_312' title='bbox 754 3983 841 4040; x_wconf 74' lang='grc' dir='ltr'>ἁσύν-</span> <span class='ocrx_word' id='word_1_313' title='bbox 878 4005 905 4055; x_wconf 92' lang='lat' dir='ltr'><strong>p.</strong></span> <span class='ocrx_word' id='word_1_314' title='bbox 932 3989 998 4040; x_wconf 77' lang='lat' dir='ltr'><strong>otc:</strong></span> <span class='ocrx_word' id='word_1_315' title='bbox 1035 3985 1114 4039; x_wconf 75' lang='lat' dir='ltr'><strong>illuio&#39;</strong></span> <span class='ocrx_word' id='word_1_316' title='bbox 1139 3979 1206 4055; x_wconf 76' lang='grc' dir='ltr'><strong>ἆγε,</strong></span> <span class='ocrx_word' id='word_1_317' title='bbox 1235 3977 1384 4038; x_wconf 63' lang='lat' dir='ltr'><strong>ilo-timna·</strong></span> 
     </span>
     <span class='ocr_line' id='line_1_38' title="bbox 314 4057 1385 4136; baseline -0.001 -26"><span class='ocrx_word' id='word_1_318' title='bbox 314 4057 396 4111; x_wconf 79' lang='grc' dir='ltr'><em>δετον</em></span> <span class='ocrx_word' id='word_1_319' title='bbox 414 4061 439 4111; x_wconf 91' lang='lat' dir='ltr'><strong>h.</strong></span> <span class='ocrx_word' id='word_1_320' title='bbox 459 4060 475 4111; x_wconf 95' lang='lat' dir='ltr'><strong>l.</strong></span> <span class='ocrx_word' id='word_1_321' title='bbox 495 4061 558 4112; x_wconf 89' lang='lat' dir='ltr'><strong>nihil</strong></span> <span class='ocrx_word' id='word_1_322' title='bbox 575 4063 640 4126; x_wconf 81' lang='lat' dir='ltr'><strong>greti</strong></span> <span class='ocrx_word' id='word_1_323' title='bbox 659 4063 765 4114; x_wconf 83' lang='lat' dir='ltr'><strong>habent.</strong></span> <span class='ocrx_word' id='word_1_324' title='bbox 878 4061 1002 4136; x_wconf 78' lang='grc' dir='ltr'><em>θύγατερ</em></span> <span class='ocrx_word' id='word_1_325' title='bbox 1010 4057 1174 4135; x_wconf 74' lang='grc' dir='ltr'><em>Διός,Ἀρχ’</em></span> <span class='ocrx_word' id='word_1_326' title='bbox 1184 4059 1291 4136; x_wconf 74' lang='grc' dir='ltr'><strong><em>ἐρατῶν</em></strong></span> <span class='ocrx_word' id='word_1_327' title='bbox 1301 4057 1385 4110; x_wconf 70' lang='grc' dir='ltr'><em>ἐπέων·</em></span> 
     </span>
    </p>

    <p class='ocr_par' dir='ltr' id='par_1_7' title="bbox 315 4127 1386 4360">
     <span class='ocr_line' id='line_1_39' title="bbox 347 4127 1386 4210; baseline 0.001 -23"><span class='ocrx_word' id='word_1_328' title='bbox 347 4137 371 4186; x_wconf 74' lang='lat'><strong>2.</strong></span> <span class='ocrx_word' id='word_1_329' title='bbox 402 4137 509 4203; x_wconf 73' lang='lat' dir='ltr'><strong>llepino]</strong></span> <span class='ocrx_word' id='word_1_330' title='bbox 542 4139 570 4188; x_wconf 91' lang='lat' dir='ltr'><strong>ut</strong></span> <span class='ocrx_word' id='word_1_331' title='bbox 595 4136 664 4198; x_wconf 83' lang='lat' dir='ltr'><strong>dee;</strong></span> <span class='ocrx_word' id='word_1_332' title='bbox 698 4141 839 4204; x_wconf 78' lang='lat' dir='ltr'><strong>praetereo</strong></span> <span class='ocrx_word' id='word_1_333' title='bbox 878 4139 925 4191; x_wconf 80' lang='grc' dir='ltr'><strong>ἐπὶ</strong></span> <span class='ocrx_word' id='word_1_334' title='bbox 942 4136 966 4188; x_wconf 77' lang='grc' dir='ltr'><strong>δ’</strong></span> <span class='ocrx_word' id='word_1_335' title='bbox 985 4138 1086 4210; x_wconf 76' lang='grc' dir='ltr'><em>ἵμερον</em></span> <span class='ocrx_word' id='word_1_336' title='bbox 1102 4131 1207 4204; x_wconf 64' lang='grc' dir='ltr'><strong><em>Ὕμνον</em></strong></span> <span class='ocrx_word' id='word_1_337' title='bbox 1232 4132 1329 4202; x_wconf 73' lang='grc' dir='ltr'><strong><em>(Τμνῳ</em></strong></span> <span class='ocrx_word' id='word_1_338' title='bbox 1347 4127 1386 4178; x_wconf 62' lang='lat' dir='ltr'><strong>Hi·</strong></span> 
     </span>
     <span class='ocr_line' id='line_1_40' title="bbox 315 4197 1384 4299; baseline 0.001 -37"><span class='ocrx_word' id='word_1_339' title='bbox 315 4211 422 4263; x_wconf 85' lang='lat' dir='ltr'><strong>lleslod.</strong></span> <span class='ocrx_word' id='word_1_340' title='bbox 442 4212 539 4275; x_wconf 77' lang='lat' dir='ltr'><strong>Theog.</strong></span> <span class='ocrx_word' id='word_1_341' title='bbox 559 4212 604 4262; x_wconf 82' lang='lat'><strong>79:</strong></span> <span class='ocrx_word' id='word_1_342' title='bbox 636 4208 785 4299; x_wconf 65' lang='lat' dir='ltr'><strong>Kailtduq</strong></span> <span class='ocrx_word' id='word_1_343' title='bbox 802 4213 837 4263; x_wconf 56' lang='grc' dir='ltr'><strong>ιφ·</strong></span> <span class='ocrx_word' id='word_1_344' title='bbox 877 4197 1384 4285; x_wconf 64' lang='lat' dir='ltr'><strong>pheeetio.)xulxorptevmrtuietx0e5⁷·</strong></span> 
     </span>
     <span class='ocr_line' id='line_1_41' title="bbox 316 4275 1385 4360; baseline 0.005 -27"><span class='ocrx_word' id='word_1_345' title='bbox 316 4281 333 4352; x_wconf 77' lang='grc' dir='ltr'><em>ἢ</em></span> <span class='ocrx_word' id='word_1_346' title='bbox 359 4282 390 4338; x_wconf 78' lang='lat' dir='ltr'><strong>oi</strong></span> <span class='ocrx_word' id='word_1_347' title='bbox 415 4283 634 4360; x_wconf 77' lang='grc' dir='ltr'><strong>προφερεστάτη</strong></span> <span class='ocrx_word' id='word_1_348' title='bbox 659 4285 737 4339; x_wconf 75' lang='grc' dir='ltr'><em>ἐστὶν</em></span> <span class='ocrx_word' id='word_1_349' title='bbox 761 4303 839 4338; x_wconf 69' lang='lat' dir='ltr'><strong>aaa·</strong></span> <span class='ocrx_word' id='word_1_350' title='bbox 911 4289 969 4340; x_wconf 75' lang='lat' dir='ltr'><strong>et.</strong></span> <span class='ocrx_word' id='word_1_351' title='bbox 989 4287 1073 4354; x_wconf 85' lang='lat' dir='ltr'><strong>uculo]</strong></span> <span class='ocrx_word' id='word_1_352' title='bbox 1088 4287 1198 4342; x_wconf 80' lang='lat' dir='ltr'><strong>Alcman</strong></span> <span class='ocrx_word' id='word_1_353' title='bbox 1208 4289 1306 4352; x_wconf 65' lang='lat' dir='ltr'><strong>erasm.</strong></span> <span class='ocrx_word' id='word_1_354' title='bbox 1316 4275 1385 4338; x_wconf 75' lang='lat' dir='ltr'><strong>Bergk</strong></span> 
     </span>
    </p>
   </div>
   <div class='ocr_carea' id='block_1_6' title="bbox 0 0 1508 4978">
    <p class='ocr_par' dir='ltr' id='par_1_8' title="bbox 0 0 1508 4978">
     <span class='ocr_line' id='line_1_42' title="bbox 0 0 1508 4978; baseline 0 0"><span class='ocrx_word' id='word_1_355' title='bbox 0 0 1508 4978; x_wconf 95' lang='lat' dir='ltr'><strong> </strong></span> 
     </span>
    </p>
   </div>
  </div>
 </body>
</html>
