2998 4980
692 415 819 464 lIOllllTll
837 413 1002 466 clamitant

632 717 1045 781 (immv-

431 915 510 997 Quis
532 915 695 982 desiderio
717 916 758 980 sit
778 915 885 1002 pudor
906 925 961 980 aut
981 913 1097 980 modus

431 1039 507 1103 Tam
528 1038 593 1104 cari
617 1037 753 1124 capitis?
774 1036 928 1123 Praecipe
949 1035 1102 1124 lugubres

434 1159 565 1234 Cautus,
589 1157 805 1246 Melpomene,
829 1158 880 1226 oui
901 1155 1055 1245 liquidam
1078 1167 1170 1244 pater

470 1270 683 1347 Vocemcum
705 1279 825 1346 cithara
847 1278 944 1345 dedit.

368 1489 454 1539 XXIV.
489 1490 571 1538 lusor.
590 1485 658 1551 volg.
693 1487 731 1536 Ad
749 1485 887 1550 Virgilian.
913 1512 939 1521 -
960 1485 998 1535 Aa
1020 1486 1151 1535 Maronem
1175 1483 1306 1547 Virgilian
1323 1485 1351 1540 S.

336 1562 475 1624 Alloquitur
494 1563 624 1626 Virgilium
640 1563 668 1613 Τ.
695 1588 722 1597 -
746 1562 770 1611 2.
789 1561 902 1624 lupatria
916 1560 1000 1620 BSTo‚
1018 1558 1101 1610 Beati.
1123 1586 1150 1595 -
1169 1559 1193 1609 3.
1211 1559 1309 1622 lioaicla
1320 1561 1349 1610 T.

338 1665 364 1672 -
384 1637 407 1687 5.
428 1637 588 1700 oniacliliran
604 1637 710 1687 LchJs
723 1636 869 1698 Quintiliana
885 1633 969 1686 Codd.
988 1635 1050 1693 mei,
1070 1633 1153 1686 Bcuil.
1172 1636 1205 1686 M.

335 1815 421 1864 XXIV.
456 1815 495 1864 De
512 1815 572 1877 ipso
593 1811 731 1873 Quinctilio
752 1813 822 1862 Varo
860 1803 995 1876 ἢπάσας
1011 1808 1211 1861 ἐπικαλεῖσθαι
1231 1805 1285 1874 τὰς
1301 1809 1386 1863 Mori-

303 1889 364 1938 vide
387 1889 422 1939 ad
443 1888 490 1938 0d.
514 1890 538 1949 4,
561 1888 600 1937 43.
634 1888 674 1937 Da
691 1888 822 1951 scriptura
860 1899 924 1948 σας,
942 1884 1032 1950 λέγων
1048 1877 1149 1948 οὕτως·
1167 1883 1267 1936 Πᾶσαι
1283 1883 1307 1936 δ’
1326 1888 1386 1938 elo·

302 1977 327 2011 v.
341 1964 370 2012 Α.
384 1964 411 2013 P.
425 1962 482 2013 l38.
501 1962 678 2024 Hieronymus
688 1962 820 2012 iuChmu.
860 1960 968 2021 novor,
985 1955 1057 2024 μιᾶς
1073 1951 1123 2010 ὅτε
1139 1953 1271 2026 τοῦνομα
1281 1957 1383 2025 λέξεις.

304 2034 393 2086 adol.
413 2037 469 2098 489,
489 2038 516 2085 i:
541 2037 700 2098 Quinctilius,
727 2038 824 2101 lirpilii
860 2034 1040 2086 Pulcherrima
1051 2032 1232 2098 Melpomenes
1240 2049 1273 2086 ex
1282 2037 1385 2099 tragico

303 2117 327 2160 et
342 2113 441 2162 Horatii
456 2111 600 2175 44444444νί4,
617 2113 740 2162 anatur:
759 2113 823 2162 «in-
861 2109 949 2160 lurore
967 2121 1029 2160 sese
1046 2106 1193 2171 colligentis
1205 2111 1291 2174 imago
1303 2113 1347 2160 est
1358 2111 1384 2160 iu

302 2199 343 2236 mo
373 2187 512 2236 oomdilar·
540 2186 704 2251 adscriptum
730 2188 770 2237 esi
796 2188 822 2237 in
860 2184 1386 2246 anmecl.rl.tat.1.ao.—liqn

304 2260 369 2311 Cod.
388 2263 503 2312 Haveuu.
539 2261 614 2322 Quod
631 2263 653 2312 si
670 2275 765 2312 verum
782 2275 824 2312 es·
861 2257 1326 2323 aen-Vocen1muaviterssuentem,
1337 2271 1387 2322 pu-

303 2338 358 2395 set,
380 2338 488 2399 poetam
507 2349 560 2386 uuo
581 2335 676 2386 saltem
694 2337 778 2387 verbo
796 2337 823 2387 id
860 2335 958 2383 remei
974 2331 1099 2382 claram.»
1127 2333 1261 2394 Liqnidaen
1270 2333 1386 2381 minam

302 2409 509 2473 significaturum
524 2409 605 2462 luisse
616 2409 754 2475 probabile
766 2415 821 2472 est;
860 2407 935 2458 tibiae
957 2406 1059 2456 dixerat
1080 2407 1133 2456 iam
1152 2407 1248 2466 Varro;
1275 2407 1385 2456 Hostius

304 2484 352 2533 sed
370 2486 508 2534 comestor
524 2485 662 2534 Ravennas
679 2486 751 2536 hunc
768 2485 823 2536 Ho-
861 2480 933 2545 apud
949 2479 1066 2531 Macrob.
1091 2481 1143 2530 Sat.
1169 2481 1194 2541 6,
1212 2481 1241 2530 3:
1264 2493 1386 2543 oocnpue

303 2557 362 2607 ratii
389 2559 505 2608 amicum
532 2559 638 2608 videtur
671 2559 822 2610 confudisse
859 2557 978 2619 liquatae.
1013 2555 1086 2606 Ovid.
1110 2555 1168 2605 Am.
1194 2557 1217 2617 4,
1236 2554 1276 2616 43,
1295 2555 1325 2605 8:
1353 2557 1386 2606 Et

302 2643 365 2682 cum
386 2633 456 2681 Varo
477 2646 492 2682 4
511 2635 648 2684 Gennanis
672 2637 821 2699 perempto.
860 2633 982 2695 liquidnm
992 2632 1338 2695 maimntnreeanlataois.
1356 2659 1382 2668 -

305 2733 332 2742 -
352 2706 468 2756 Carmen
488 2709 665 2772 compositum
687 2711 730 2758 ast
747 2722 771 2758 a.
794 2723 821 2760 u.
862 2706 963 2769 Quibus
980 2706 1142 2769 argumentis
1159 2718 1224 2756 usus
1242 2706 1272 2756 H.
1292 2705 1385 2756 Peerl-

303 2794 326 2828 c.
346 2780 402 2830 730.
861 2784 939 2847 kamp
964 2781 1078 2845 primam
1104 2781 1242 2845 stropham
1267 2780 1385 2842 νοθείας

335 2854 358 2903 4.
378 2855 512 2906 Pedestria
524 2858 649 2908 orationis
661 2861 823 2909 constructio
860 2855 1030 2917 insimularit,
1065 2855 1136 2920 apud
1168 2856 1257 2920 ipsum
1290 2856 1384 2906 videre

302 2929 369 2980 haec
388 2929 468 2980 ioret:
489 2931 572 2991 «Quis
590 2931 714 2982 desiderii
732 2934 825 2997 sitpu-
861 2944 959 2996 operae
977 2931 1094 2995 pretium
1110 2932 1160 2980 est.

303 3003 366 3064 dor,
397 3005 457 3068 quis
482 3005 616 3056 desiderio
636 3006 768 3058 modusi»
795 3010 825 3057 nt
893 3006 918 3056 3.
951 3004 1029 3070 Erpa]
1051 3005 1097 3056 Est
1117 3003 1298 3056 admirationis
1320 3017 1383 3054 cum

302 3081 399 3131 Accius
417 3080 489 3145 apud
507 3081 607 3132 Charis.
626 3095 652 3146 p.
671 3083 712 3132 50.
733 3081 822 3132 Liud.:
861 3093 984 3130 maerore
1019 3081 1177 3130 coniunctae
1211 3077 1381 3129 exclamatio:

303 3156 351 3216 (ini
372 3169 433 3205 narn
457 3155 645 3206 Tantalidarum
664 3157 825 3206 imoneeioni
863 3155 983 3205 «Fierine
1005 3156 1105 3219 polest,
1128 3155 1175 3202 ut»
1199 3155 1262 3212 cet„
1282 3155 1313 3204 ut
1329 3155 1380 3202 Sat.

304 3229 365 3290 (nou
376 3231 558 3292 internecionis,
568 3230 660 3281 utvolt
671 3232 701 3282 H.
712 3229 823 3295 Peerllr.)
861 3231 886 3289 2,
899 3231 924 3290 li,
938 3229 981 3278 404
996 3243 1002 3276 :
1024 3229 1094 3293 Erpa
1109 3241 1176 3278 nmio
1191 3229 1278 3278 Dama
1292 3227 1383 3277 4444444

301 3303 446 3352 modussit‘l
460 3305 516 3355 lam
528 3307 668 3368 utramque
680 3307 821 3368 contraxit:
860 3305 992 3366 Nrnqaarn
1007 3305 1056 3353 esti
1084 3304 1161 3366 Prop.
1181 3302 1205 3364 3,
1224 3303 1249 3362 7,
1268 3303 1297 3352 i:
1315 3303 1383 3366 Erga

301 3379 331 3427 ut
347 3376 471 3428 Martialis
487 3379 516 3437 8,
535 3378 581 3439 64,
603 3381 647 3429 45:
670 3381 709 3429 Sil
724 3383 825 3431 maden
860 3379 980 3429 sollicitae
997 3383 1121 3440 laroma,
1135 3377 1253 3440 persenia,
1271 3377 1383 3427 nitaeesl

299 3453 383 3512 palor
399 3457 421 3501 el
436 3454 524 3502 modiis
541 3454 646 3514 rapinis.
861 3453 885 3514 3,
898 3452 939 3514 23,
953 3453 981 3501 i:
998 3453 1068 3516 Ergo
1084 3456 1137 3501 tam
1154 3453 1240 3501 doctae
1255 3451 1325 3500 nobis
1337 3465 1383 3514 pe-

334 3527 359 3574 i.
393 3525 518 3589 Praedpe]
546 3528 637 3578 «Doce
660 3541 703 3579 me
726 3543 822 3581 canere
859 3530 926 3578 riere
942 3525 1060 3577 waliae!
1078 3525 1152 3576 Ouid.
1171 3526 1247 3576 Trist.
1266 3525 1291 3586 3,
1310 3527 1335 3585 3,
1355 3527 1381 3574 4;

303 3598 408 3660 modos,
427 3599 492 3650 dum
509 3602 538 3649 tu
555 3613 602 3650 eos
619 3604 719 3666 praeis,
743 3617 823 3668 prae-
859 3605 929 3668 Ergo
945 3602 1044 3653 eratin
1063 3601 1124 3665 fatis
1140 3601 1267 3662 sopthim
1288 3613 1385 3663 atroam

302 3675 395 3724 ciniso
416 3702 443 3710 -
461 3675 573 3738 lupatria
594 3677 677 3727 Codd.
696 3682 739 3729 est
754 3679 823 3728 anti·
858 3680 937 3728 nisae
960 3678 1066 3728 nostris!
1089 3688 1158 3739 quae
1181 3676 1243 3725 suut
1265 3675 1385 3738 ipsamm

302 3749 380 3811 quior
396 3748 527 3813 scriptura
545 3763 635 3800 accus.
653 3750 736 3816 plur.¹
755 3766 820 3803 nou:
861 3752 1006 3816 elegiarum
1031 3749 1151 3808 exordia3
1178 3751 1258 3812 atquc
1283 3749 1384 3800 utinam

301 3823 453 3884 Melpomene
468 3823 588 3887 lupara,
606 3825 823 3877 utnouuullivo·
861 3827 958 3878 eodem
979 3823 1061 3876 modo
1077 3837 1103 3874 v.
1122 3827 1147 3875 5.
1169 3824 1316 3888 incepisset
1332 3825 1385 3874 hoc

301 3896 414 3948 luerunt.
861 3914 970 3953 carmen
997 3901 1119 3950 Horatius
1147 3901 1246 3950 omissa
1273 3911 1387 3964 praece·

334 3972 357 4021 3.
377 3971 401 4022 l.
420 3972 571 4035 Melpomene
587 3973 821 4039 alibitragoediae,
861 3977 941 4027 dente
965 3975 1087 4038 stropha,
1115 3986 1169 4025 non
1189 3985 1300 4038 prorsus
1326 3973 1385 4024 siue

302 4046 345 4096 hic
357 4042 475 4116 θρήνου,
495 4049 614 4108 naeniae,
633 4049 716 4100 Musa.
734 4048 830 4104 Schol..
862 4063 943 4102 causa
961 4051 1087 4114 optarunt
1103 4048 1216 4099 Hoiman
1227 4046 1385 4112 Peerlkamp

302 4118 429 4185 Apollonii
439 4121 473 4172 ad
483 4123 507 4182 3,
521 4125 532 4172 4
545 4136 550 4170 :
563 4117 824 4194 Asperat-adpone·
861 4127 973 4188 eiusque
991 4125 1104 4176 criticus
1121 4123 1289 4174 Monacensis
1308 4121 1383 4174 4836.

302 4211 349 4246 ναι
360 4222 374 4232 -
385 4195 556 4264 Μελπομένη
569 4193 654 4265 ᾠδήν.
676 4192 823 4261 -Ῥιανὸς
860 4214 886 4265 p.
906 4199 962 4250 389.

301 4269 333 4324 δέ
349 4287 422 4338 φησι
438 4270 529 4338 μηδὲν
553 4265 698 4346 διαφέρειν
715 4267 737 4340 ἢ
753 4273 823 4338 μίαν
894 4273 917 4323 6.
956 4273 1037 4339 Urget]
1063 4273 1132 4336 Virg.
1161 4275 1224 4323 Aen.
1254 4271 1293 4333 40,
1321 4269 1382 4342 ittig
