3012 4978
484 472 542 522 tili.
562 471 603 520 tv,
639 473 668 521 C.
688 469 751 520 vill.

249 634 319 697 Non
341 628 490 697 incendia
513 626 716 714 Karthaginis
738 627 856 715 impiae

249 752 345 830 iliae,
369 751 424 839 qui
447 749 568 816 domita
589 769 708 816 nomen
731 747 773 816 ab
794 747 900 817 mica

252 876 408 950 Lucratus
433 871 543 949 rediit,
567 870 687 938 clarius
703 869 852 938 indicant

250 994 378 1062 Laudes
400 1015 499 1082 quam
523 991 679 1060 Calabrae
702 991 863 1060 Pierides:
886 1012 1014 1079 neque,
1167 996 1209 1060 20

251 1117 284 1184 Si
307 1117 437 1183 cbartae
460 1114 574 1182 sileant
595 1115 684 1203 quod
706 1113 792 1181 bene
815 1113 947 1190 leceris,

251 1238 435 1306 Mercedem
457 1236 577 1304 tuleris.
623 1236 709 1316 Quid
728 1235 811 1313 lorot
833 1234 910 1303 Iliae

188 1495 220 1544 V.
241 1495 280 1544 47.
299 1491 445 1543 delendum
461 1496 626 1543 censuerunt
645 1491 794 1554 Bentloius,
821 1493 963 1544 Buttmann
985 1493 1088 1554 Madet.
1107 1493 1131 1542 i.
1151 1507 1176 1556 p.

155 1569 234 1630 367..
252 1565 361 1618 seclusit
382 1567 512 1620 Mainake.
538 1592 567 1602 -
585 1567 712 1632 impendia
730 1567 875 1632 cuningh.‚
900 1568 1025 1630 stipetdia
1049 1568 1176 1630 Doering,

155 1643 287 1706 &meridia
305 1642 482 1694 Hermanuus.
509 1667 538 1678 -
557 1643 697 1707 cartapinis
713 1644 742 1693 T.
764 1671 790 1679 -
810 1644 851 1694 ii.
870 1643 912 1694 Sic
929 1647 984 1695 arte
1000 1643 1029 1692 Τ.

120 1889 175 1938 bus
196 1884 281 1937 Codd.
313 1885 372 1949 (nisi
396 1884 470 1948 quod
485 1883 572 1934 celeris
586 1884 651 1949 supa
688 1884 761 1936 lucra
778 1884 963 1949 spectabant.»
990 1885 1097 1936 Horum«
1114 1887 1212 1936 Perm-

121 1959 260 2024 uonuulli).
290 1959 357 2010 Vide
375 1959 524 2009 Excursum
548 1959 574 2010 iu
597 1959 650 2010 line
687 1973 761 2009 uiue.
780 1960 819 2010 De
832 1959 960 2024 Scipionis
972 1961 1152 2010 monumentis
1164 1959 1210 2010 cir.

120 2038 203 2089 huius
221 2035 356 2085 carminis.
399 2035 486 2098 Fupae
505 2035 561 2084 sive
579 2034 652 2084 celer
688 2035 742 2084 Liv.
761 2033 811 2095 38,
830 2035 872 2084 56.

121 2113 260 2164 discessus
272 2107 440 2169 Hannibalis,
457 2121 523 2158 sane
535 2121 567 2158 ex
579 2107 650 2158 ltalia
720 2109 761 2160 20.
781 2110 905 2161 Calabrae
915 2109 1032 2174 lierides]
1051 2111 1141 2160 «Ennii
1156 2111 1215 2160 biu-

121 2188 187 2250 lLiv.
202 2186 249 2245 30,
261 2183 327 2247 ili),
345 2197 399 2234 non
417 2183 477 2248 luga
493 2187 570 2247 capta
590 2185 652 2248 post
688 2197 735 2234 sae
748 2198 769 2234 s.
784 2187 928 2235 carmina.»
948 2183 1022 2234 Ovid.
1032 2187 1062 2234 A.
1073 2187 1103 2234 A.
1114 2185 1138 2244 3,
1149 2184 1210 2236 too:

121 2261 239 2322 cladem,
252 2272 335 2323 quam
344 2259 415 2323 apud
424 2259 532 2308 Zamam
541 2272 653 2324 perpes·
688 2259 784 2310 Ennius
800 2260 917 2320 commit,
942 2259 1057 2309 Calabris
1078 2259 1105 2309 in
1121 2261 1214 2310 monti-

121 2351 170 2389 sus
184 2338 250 2386 erat.
270 2363 298 2372 -
321 2333 418 2400 minas]
437 2335 650 2398 ‹rqrrasiaciarat¹
688 2333 733 2384 bos
757 2339 841 2395 ortua,
868 2334 1005 2396 Contipuua
1021 2334 1099 2396 porti,
1129 2335 1214 2398 Scipio

120 2427 135 2464 a
164 2425 195 2462 se
215 2412 365 2460 Romanum
382 2410 524 2474 imperium
542 2408 651 2460 tandem
688 2410 856 2473 moynetibi.
891 2409 998 2470 liudis,
1018 2408 1215 2475 Calabriaeop-

121 2497 251 2538 eversum
267 2485 324 2534 iri.»
344 2511 371 2520 -
386 2486 492 2534 reiectae
500 2483 651 2548 retrorsum]
687 2485 762 2550 pido,
782 2489 860 2536 natus
872 2487 930 2534 erat
948 2485 980 2548 (a.
994 2498 1020 2535 u.
1034 2497 1057 2534 c.
1071 2485 1214 2549 5454484),

121 2558 290 2624 «repulsae».
305 2559 382 2619 Quod
391 2559 500 2620 addunt,
515 2561 558 2610 «in
570 2561 653 2624 ipsius
688 2559 761 2610 unde
785 2560 842 2624 ipse
865 2559 899 2609 de
922 2571 968 2610 se:
995 2560 1047 2610 Nos
1069 2561 1149 2610 somu'
1166 2562 1214 2610 lio-

121 2637 205 2701 eaput
223 2635 377 2694 reiectae»,
405 2635 432 2684 in
448 2637 544 2698 poetae
562 2633 652 2685 verbis
688 2637 779 2698 muni,
811 2636 855 2697 qui
885 2635 996 2699 favimus
1028 2640 1087 2685 onte
1113 2635 1213 2686 Rudini.

120 2711 189 2777 ipsis
207 2711 281 2759 certe
299 2721 353 2759 non
371 2709 456 2766 inest;
484 2708 533 2760 sed
551 2709 653 2759 dicium
690 2712 753 2774 (Cic.
773 2710 806 2762 de
825 2712 869 2761 Or.
888 2710 915 2773 3,
929 2710 980 2773 li.)
1002 2737 1029 2748 -
1049 2712 1078 2760 ln
1090 2711 1213 2774 Scipione

122 2789 180 2848 est,
207 2786 237 2833 ui
253 2781 318 2834 Plin.
338 2783 369 2832 li.
388 2785 419 2833 Ν,
439 2783 468 2845 9,
487 2783 527 2833 34.
553 2789 654 2834 retrcr-
689 2789 780 2836 autem
802 2799 850 2836 suo
875 2785 931 2848 (eir.
949 2785 1050 2835 Lersch
1071 2787 1097 2835 in
1120 2787 1213 2836 Museo

119 2873 178 2912 uam
190 2859 284 2921 redire,
304 2860 406 2909 alsatis
419 2859 653 2922 frequenierretro
690 2861 773 2912 Rhea.
792 2861 821 2922 5,
840 2859 864 2909 3.
882 2871 910 2923 p.
929 2857 996 2921 446.)
1026 2859 1094 2908 haec
1110 2859 1216 2922 scripsit

120 2937 220 2996 redire,
243 2939 311 2984 retro
327 2935 444 2998 repradi,
468 2938 536 2982 retro
558 2933 653 2996 referre
690 2935 806 2985 Ennius:
843 2933 972 2996 Quantam
999 2938 1110 2984 statuam
1140 2934 1216 2996 faciet

120 3009 341 3073 corpoeistsneea
360 3008 468 3071 Thyest.
488 3007 653 3069 tietmaro
688 3009 796 3072 populus
822 3010 963 3068 bassanus,
994 3009 1121 3070 Quantam
1149 3009 1216 3058 colu-

120 3085 257 3148 respicere.
277 3083 342 3134 Plin.
355 3084 453 3146 Paneg.
467 3082 516 3132 38:
535 3088 603 3132 retro
614 3097 654 3133 re·
689 3097 784 3146 mnam,
799 3095 864 3146 attae
872 3096 912 3132 res
923 3087 982 3132 tuas
989 3087 1071 3146 pesitus
1078 3082 1217 3145 loquutur?

120 3171 235 3210 curras.
253 3157 655 3221 Virg.ben.i,378:0bstupuit
722 3160 763 3209 ii.
790 3158 901 3222 obortae]
927 3160 1064 3220 poemata,
1082 3157 1215 3221 ut0d.t,

120 3239 241 3296 retroque
249 3233 336 3296 pedam
347 3246 405 3281 curn
414 3245 473 3281 occe
484 3233 609 3293 repressit.
690 3234 718 3296 9,
738 3233 778 3283 34.
807 3231 880 3282 Ovid.
901 3247 933 3282 ex
950 3233 1033 3282 Ponto
1051 3231 1079 3293 4,
1100 3234 1145 3294 li,
1164 3233 1214 3283 27:

157 3308 270 3358 47-49.
296 3307 403 3376 impiae]
431 3307 486 3357 Cic.
505 3305 540 3355 de
557 3306 650 3369 otii,
689 3307 975 3360 Maeoniis--cltortic
997 3335 1024 3343 -
1043 3307 1139 3372 είὶαα-ηι]
1170 3309 1216 3358 «Si

122 3383 171 3434 ii:
198 3383 273 3432 Poeni
292 3381 441 3445 {aadisrapss
459 3381 570 3437 crudelis.
584 3381 654 3430 Han·
689 3383 776 3435 nullus
802 3385 881 3448 poeta
907 3384 1062 3434 memorarit
1084 3385 1129 3433 tua
1146 3381 1216 3434 bene

121 3457 201 3508 ndat.
218 3455 505 3520 —noownobdsrical
524 3457 651 3517 Satist,
689 3459 773 3522 iacta,
793 3463 837 3509 tua
860 3460 968 3520 merita,
996 3457 1087 3508 debita
1109 3471 1216 3508 merce-

122 3533 171 3583 65:
185 3531 653 3593 Laeliosautqainuritoboppres—
690 3535 723 3584 de
745 3535 950 3599 inperpetuum
973 3533 1105 3584 carebis.»
1139 3533 1213 3584 l‘iud⁴

122 3619 154 3657 so
172 3607 291 3657 meritum
309 3605 465 3668 Kurtbapine
479 3619 577 3654 nornen.
597 3605 651 3654 Liv.
689 3607 794 3673 olymp.
806 3610 850 3671 44,
865 3609 906 3659 at.
918 3610 964 3658 B.:
984 3607 1040 3658 Kal
1058 3600 1129 3658 ὅταν
1140 3603 1215 3658 καλὰ

122 3679 218 3743 30,tt:
237 3681 396 3732 Primus-bie
409 3681 653 3742 imperatorumue
689 3676 785 3754 ἔρξαις
803 3677 906 3746 ἀοιδᾶς
926 3676 1011 3754 ἄτερ,
1031 3677 1212 3750 Ἁγησίδαμ’,

121 3758 205 3808 oicttw
220 3755 253 3805 ob
269 3769 295 3806 se
310 3756 390 3819 pontis
405 3759 440 3804 est
457 3755 608 3804 nobilitatae.
622 3779 649 3790 -
689 3761 730 3821 εἰς
745 3753 820 3808 :itta
846 3753 980 3824 σταθμὸν
999 3753 1062 3824 ilva*
1107 3757 1212 3825 ἵκηται,

122 3829 262 3896 Lucretia]
289 3831 348 3880 «Ne
372 3831 432 3894 quis
453 3829 553 3880 humile
576 3830 653 3893 putei
689 3830 773 3885 κενεὰ
785 3828 921 3898 πνεύσαις
933 3827 1018 3905 ἔπορε
1070 3833 1133 3902 χθῳ
1144 3831 1214 3905 βρα-

123 3919 149 3956 v.
162 3905 290 3967 lucratus,
309 3905 387 3956 sicuti
398 3905 501 3968 putavit
512 3907 541 3955 T.
556 3904 650 3964 Faber,
689 3899 727 3961 χύ
746 3915 773 3950 τι
791 3897 922 3971 τερπνόν.

123 3979 300 4031 recordemur
316 3979 444 4043 Scipionis
462 3980 562 4030 dicium
580 3981 652 4043 apud
721 3977 806 4028 ti-at.
816 3975 962 4040 Mercedem]
971 3973 1211 4035 Piud.Nem.7,li:

123 4053 211 4104 valer.
230 4055 297 4105 Max.
317 4053 345 4114 3,
359 4055 389 4115 7,
410 4055 440 4103 l:
462 4055 523 4105 Oam
538 4055 652 4118 Africam
681 4047 796 4124 Ἔργοις
820 4050 851 4101 dl
872 4050 973 4114 καλοῖς
989 4045 1131 4120 ἔσοπτρον
1147 4045 1213 4098 ἴσα·
1266 4089 1283 4128 ,ἓ

123 4133 204 4179 totam
219 4129 338 4192 potestati
362 4133 460 4178 vestroe
486 4129 648 4192 subiecerint,
686 4141 740 4192 μεν
758 4126 800 4178 ἑνὶ
817 4123 872 4178 σὺν
883 4123 989 4199 τρόπῳ,
1008 4119 1212 4188 ΕἰΜναμοσύ-

122 4203 186 4254 nibil
202 4218 235 4254 aa
252 4217 297 4265 eo,
324 4205 390 4265 quod
412 4217 496 4254 ancum
516 4205 649 4265 dicerctw,
687 4194 831 4265 ναςὲκατι
847 4198 1067 4274 λιπαράμπυκος
1083 4191 1211 4270 Εὕρηται

120 4283 371 4344 prmteroopaomen
387 4279 480 4330 rettttii.
516 4279 572 4329 Hoc
588 4279 650 4329 uni·
686 4271 818 4328 ἄποινα
837 4275 961 4346 μόχθων
981 4275 1098 4338 κλυταῖς
1120 4273 1211 4325 ἐπέων

125 4366 187 4405 curn
200 4356 259 4404 erut
270 4355 398 4419 Scipionis
409 4354 513 4406 lucrum
526 4370 531 4416 ;
545 4353 586 4404 alii
599 4353 648 4405 alie
685 4347 807 4416 ἀοιδαῖς.
831 4377 860 4391 -
880 4353 945 4415 Quid
968 4351 1041 4415 forst]
1060 4348 1211 4400 «Obscurus
