3080 4980
468 827 695 932 0440444414
711 823 867 916 illuct

366 1055 990 1254 CllMllUM

506 1405 645 1472 LIBER
667 1404 846 1472 PRIMUS.

533 1857 823 1928 cml·

344 2039 514 2104 Maecenas
535 2034 635 2102 atavis
657 2034 744 2102 edite
766 2033 913 2122 regibus

302 2159 331 2226 Ο
353 2169 386 2226 et
406 2157 605 2247 praesidium
626 2166 658 2222 ot
679 2153 774 2222 dulce
796 2153 897 2220 decus
919 2175 1044 2228 meum,

197 2323 217 2372 l.
247 2321 384 2385 Inscriptio
401 2318 514 2382 volgaris
527 2319 554 2367 et
565 2316 648 2368 Codd.
662 2317 710 2366 To:
729 2316 768 2366 Ad
777 2317 956 2366 Maecenatem.
975 2316 1103 2366 Omittunt
1117 2315 1182 2366 BbS.

169 2473 186 2520 l.
220 2469 284 2521 tude
305 2470 452 2520 Excursum
469 2470 488 2518 4.
693 2467 718 2524 3,
741 2465 783 2526 00,
806 2465 834 2515 l:
876 2465 1003 2526 iporiam
1021 2479 1110 2528 repom
1127 2479 1218 2529 prope·

168 2547 190 2595 4.
219 2544 359 2608 ltneoonos]
378 2545 407 2594 C.
431 2542 529 2594 Cilnius
551 2544 657 2594 Maece·
692 2541 753 2590 ntes.
773 2538 826 2590 Clr.
846 2540 898 2588 Sat.
919 2541 942 2600 4,
961 2538 986 2600 6,
1005 2539 1029 2588 3.
1052 2541 1170 2604 Propert.
1190 2541 1215 2600 3,

133 2634 189 2680 nas,
206 2616 657 2676 natusclrcitera.u‚c.685.;de-
694 2615 718 2676 9,
743 2615 771 2663 t:
805 2615 938 2664 Maecenas
964 2627 1037 2675 equos
1060 2613 1165 2664 Etr-roseo
1188 2615 1218 2664 de

132 2696 213 2745 cessit
228 2691 316 2758 paullo
336 2695 398 2743 ante
421 2693 519 2742 Horatii
540 2693 656 2741 mortem
693 2687 815 2752 sanquine
830 2702 927 2752 repom.
963 2687 1050 2752 Elegia
1070 2690 1097 2738 in
1115 2689 1217 2740 obitum

131 2774 155 2810 a.
174 2759 232 2810 446.
267 2757 446 2810 Pulcherrima
469 2759 525 2808 eius
546 2757 654 2820 effigies,
693 2763 853 2814 Maecenatis
882 2763 929 2812 la:
958 2763 1031 2826 ltepls
1057 2777 1115 2812 eros
1141 2777 1218 2827 pensu

132 2835 211 2898 atquo
229 2835 316 2892 unico,
335 2845 404 2894 quae
417 2831 498 2881 fidem
509 2833 654 2892 mereatur,
692 2839 805 2898 firmes,
828 2843 856 2887 tu
877 2838 992 2888 caesare
1012 2838 1073 2888 almi·
1094 2839 1216 2898 Dama,

133 2921 217 2972 nuper
234 2909 340 2970 reperta
363 2908 404 2956 est
425 2907 452 2956 in
469 2904 655 2956 Carseolorum
692 2914 820 2962 nomm
837 2917 865 2962 m
879 2913 942 2975 44944
961 2911 1031 2961 urnas
1047 2925 1111 2962 m,
1147 2914 1218 2962 Mar.

131 2983 274 3048 parietinis.
304 2981 334 3030 V.
353 2982 387 3030 04
402 2995 437 3031 un
455 2980 523 3030 busto
540 2980 657 3030 coronate
693 2985 745 3036 tial.
766 2987 806 3046 40,
825 2985 854 3036 l:
873 2987 1005 3036 Maeonios
1022 2987 1104 3036 atavis
1119 2987 1218 3049 rupibus

131 3061 157 3108 tn
173 3071 273 3108 manno
290 3057 316 3106 dt'
332 3057 358 3107 G.
373 3057 452 3106 Cilnio
463 3057 589 3106 0400044040
599 3069 656 3104 ³⁶0·
692 3066 762 3110 ortos
772 3073 852 3121 eques.
872 3061 927 3110 Hac
938 3063 1027 3110 autem
1034 3059 1129 3116 illustri
1139 3073 1218 3124 «pro-

128 3139 199 3196 pereo
228 3147 241 3182 e
262 3132 394 3193 persedulo
419 3131 462 3180 dal
487 3131 546 3180 Cau.
573 3131 655 3180 Plelro
693 3137 781 3198 sapia»
801 3135 1217 3184 interdumnonsinecomiioco

132 3206 232 3268 Monoi,
255 3206 425 3256 4440444434οηὶ
445 3206 484 3254 dei
508 3204 611 3268 Sipnori
626 3205 652 3254 P.
694 3209 841 3260 delectatus
867 3221 926 3260 asse
953 3209 1058 3258 videtur
1079 3211 1217 3272 magnoni-

134 3284 159 3332 44.
178 3283 218 3332 dei
237 3282 353 3341 Viocooll,
371 3280 492 3342 leopoldo
504 3279 670 3342 &coquorum
694 3297 753 3336 mus
771 3283 813 3333 ille
830 3285 971 3348 poetarum
983 3283 1077 3334 tautor.
1092 3311 1119 3319 -
1133 3285 1217 3334 Nimis

131 3359 164 3408 ll.
183 3357 315 3416 4444444444,
327 3355 542 3406 ltooul-ltoclette.
558 3355 653 3418 Porioi,
693 3359 805 3410 tortasse
828 3371 926 3420 urgens
947 3371 1035 3421 repom
1055 3357 1216 3408 vocabulum

130 3433 156 3481 F.
176 3433 253 3482 04004
272 3433 343 3482 4807.
364 3437 387 3481 8.
404 3457 431 3468 -·
449 3429 653 3494 omno-reputo]
693 3433 853 3486 Niebuhrlus
875 3433 906 3484 Η.
931 3434 959 3483 a.
983 3433 1030 3483 Ed.
1053 3435 1113 3482 tert.
1141 3434 1160 3483 l.
1187 3447 1213 3496 p.

132 3508 203 3556 «orte
230 3505 375 3556 maioribus
401 3503 503 3564 Cilniis,
525 3507 570 3567 qul
592 3504 654 3554 olim
693 3509 749 3559 433.
773 3519 788 3557 o
810 3509 888 3570 gente
915 3506 997 3558 Cilnia
1022 3507 1117 3557 Arretii
1138 3519 1216 3570 reges

130 3583 297 3631 Lucumones
316 3579 463 3644 (principos)
482 3579 584 3630 Etnuci
596 3579 655 3629 iuo-
692 3581 825 3634 interdurn
843 3583 948 3632 creatos
965 3595 1025 3632 esse
1043 3579 1154 3644 collegit.

131 3659 217 3704 runt»
231 3683 259 3690 -
278 3654 381 3704 Gradus
393 3654 554 3717 cognationis
572 3667 654 3716 supe·
724 3657 748 3706 Ξ.
769 3655 830 3719 Oet]
844 3655 1117 3706 solitoinlraoinleri.
1132 3655 1213 3715 hiatu,
1273 3670 1279 3684 ·

131 3730 205 3779 riorts
228 3729 334 3792 (Digest.
354 3729 394 3789 38,
414 3730 454 3789 40,
474 3729 508 3791 t.)
530 3729 556 3777 hi
577 3731 651 3777 sunt:
691 3733 721 3780 ut
737 3731 806 3792 virg.
826 3733 891 3780 Aen.
916 3730 956 3790 40,
976 3730 1019 3780 ta:
1051 3729 1177 3791 opaco,
1200 3743 1215 3779 o

127 3809 209 3864 poter,
223 3817 294 3865 coru,
303 3817 425 3865 procuro,
438 3803 541 3862 abacos,
554 3807 652 3863 040004,
690 3804 817 3854 lominum
834 3806 884 3854 cet.
906 3829 933 3839 —-
948 3805 1103 3866 praeridlmo
1119 3807 1215 3855 et-de-

131 3879 243 3928 tritavus.
258 3879 290 3930 444
299 3877 351 3928 adi.
362 3883 452 3928 Macro
461 3879 562 3928 transiit
572 3878 652 3928 etiam
690 3879 741 3942 cru]
752 3880 908 3929 Proendtmn
918 3879 1047 3929 adversus
1060 3877 1212 3940 malevolos,

133 3953 158 4000 in
173 3953 352 4015 posteriorum
373 3955 525 4016 temporum
544 3964 653 4015 prosam
690 3967 722 4004 ac
734 3952 814 4003 tutela
827 3954 852 4003 in
865 3951 952 4002 dubiis
963 3951 1058 4011 rebus;
1073 3956 1129 4003 tum
1141 3953 1213 4016 quod

132 4027 284 4077 orationem.
304 4026 406 4078 Colum.
426 4029 451 4076 4.
471 4027 591 4077 Prooem.
606 4027 650 4075 ⁴9:
691 4028 787 4079 donato
805 4027 902 4079 Sabino
924 4027 1013 4090 largus
1030 4029 1170 4078 Maecenas
1186 4029 1212 4077 in

129 4105 220 4150 umor
240 4103 278 4150 4444
298 4102 385 4151 Sabini
408 4103 516 4163 Quirites
535 4101 653 4163 ommno
690 4117 753 4154 eum
766 4103 863 4153 iuerat:
877 4103 1060 4163 doemonium,
1074 4103 1146 4165 quod
1159 4103 1213 4152 llo-

130 4177 241 4226 0044044.
258 4203 285 4212 -
299 4177 353 4227 liv.
368 4177 408 4234 40,
427 4177 455 4225 3:
474 4177 593 4238 Arretini,
611 4175 653 4224 ubi
689 4179 755 4230 ratio
773 4189 904 4242 perquam
921 4177 1065 4228 honorifica
1084 4181 1141 4227 erat
1153 4175 1211 4228 talis

130 4251 236 4301 Gilrrlum
251 4265 329 4316 porus
344 4256 492 4313 praepotens
505 4251 652 4300 divitiam
688 4253 737 4302 viri
754 4253 876 4303 amicitia.
912 4251 958 4302 Est
974 4255 1064 4302 autem
1081 4251 1161 4302 veluti
1179 4265 1212 4301 ex

129 4327 224 4376 inloto
236 4326 296 4388 pelli
312 4329 392 4376 omo
407 4331 520 4388 coeptum
531 4329 581 4376 cet.
601 4326 648 4376 Od.
688 4325 861 4378 formularum
872 4339 1005 4376 sermone.
1036 4325 1086 4375 Sal.
1101 4327 1154 4388 lug.
1169 4325 1211 4377 40.

213 4419 304 4464 Ηοιυτ.
322 4429 377 4464 von.
394 4417 410 4462 l.
443 4429 480 4462 nn.
498 4428 574 4462 utnon
590 4417 624 4462 lll.
1028 4419 1035 4460 t
