2986 4974
697 431 824 480 tioutTtt
843 431 1010 482 camimum

691 887 1015 951 cmun-

483 1058 594 1124 Nullus
617 1068 749 1144 augente
772 1057 862 1124 color
884 1069 934 1122 est
956 1059 1061 1124 avaris

480 1179 593 1246 ribdito
616 1179 726 1254 terriS,
753 1179 880 1244 inimice
903 1178 1029 1244 latrinae

375 1333 405 1384 ll.
430 1336 511 1384 inscr.
531 1330 599 1394 votg.
624 1333 662 1382 tt
679 1334 705 1382 0.
725 1332 866 1381 Salustium
890 1332 1005 1393 Crispum
1024 1335 1051 1382 et
1071 1333 1109 1382 sic
1127 1344 1181 1382 om.
1201 1345 1293 1396 praee.
1312 1334 1357 1382 RS.

345 1436 372 1446 -
384 1409 422 1458 tt
433 1407 547 1470 Crispmn
558 1407 705 1456 Sallustium
716 1406 743 1454 T.
760 1432 786 1440 -
799 1405 838 1455 ta
848 1405 987 1456 Sallustium
999 1407 1114 1468 Crispum
1125 1407 1230 1468 quodvis
1241 1407 1358 1471 (queumis

343 1484 379 1546 c.)
391 1482 550 1532 liberalitatis
564 1481 660 1532 extollit
674 1481 763 1544 pratia
781 1479 824 1530 bc.
846 1507 873 1514 —
893 1481 917 1530 4.
931 1486 978 1542 cst,
998 1481 1085 1530 auara
1100 1481 1205 1532 Abditas
1222 1485 1295 1532 tomis
1310 1483 1359 1532 ini-

340 1558 403 1608 mice
420 1556 563 1607 Lambinus
581 1556 666 1616 coni.;
685 1557 793 1605 secutus
811 1555 852 1605 est
869 1555 1030 1606 Torrentius.
1053 1583 1079 1591 —
1098 1557 1122 1606 i.
1141 1556 1250 1606 immam
1266 1557 1293 1606 T.

342 1689 372 1738 ll.
397 1690 456 1738 Tac.
478 1689 545 1738 Anu.
564 1687 592 1747 3,
620 1687 665 1736 30:
694 1685 755 1736 Ftue
772 1686 833 1735 aaut
871 1689 913 1735 eet
935 1687 1084 1750 arrogantia
1108 1687 1242 1737 invirum
1264 1687 1322 1737 loeo
1342 1690 1390 1736 um

309 1763 344 1825 tu.
364 1776 388 1812 c.
408 1763 475 1824 773.)
495 1763 612 1812 coacessit
632 1763 687 1810 uita
709 1760 834 1810 Salustius
871 1759 977 1811 excelso
1003 1759 1171 1812 collocatum.
1213 1763 1390 1826 compositum

308 1838 417 1900 Ctispm.
458 1838 530 1886 Hune
552 1837 659 1898 equestri
680 1841 764 1886 crtmu
780 1837 833 1885 loco
871 1837 962 1884 aulem
988 1839 1029 1886 est
1054 1849 1164 1886 carmen
1187 1839 1249 1899 posi
1271 1850 1295 1886 a.
1321 1849 1345 1899 q.
1368 1848 1389 1884 c.

308 1913 334 1962 C.
354 1913 491 1972 Salustium,
509 1925 595 1960 rerum
608 1913 778 1960 tlemouaeum
788 1912 835 1974 tio-
871 1910 939 1970 728..
959 1914 988 1960 ut
1004 1910 1122 1971 uidetur,
1141 1924 1156 1959 a
1174 1911 1232 1962 730.

307 1988 461 2036 tutissimus
472 1990 570 2046 auctor,
583 1986 797 2048 sororisuepctem
806 1987 833 2034 in
905 1985 927 2032 4.
947 1985 1023 2049 color]
1046 1984 1110 2036 Ptin.
1130 1985 1177 2046 33,
1201 1985 1230 2046 3,
1256 1985 1300 2035 49;
1328 1985 1391 2034 colet

282 2107 284 2112 .
307 2075 396 2110 nornen
407 2061 520 2110 adscivit.
538 2061 617 2122 Atque
628 2059 669 2108 ille
680 2073 834 2120 quamquam
869 2060 896 2107 iu
911 2065 1016 2122 arpenta
1028 2060 1123 2110 clarior
1134 2065 1169 2109 est
1182 2061 1272 2124 (quam
1285 2061 1311 2108 in
1323 2061 1390 2120 auro]

272 2161 276 2172 ·
304 2133 832 2198 promptoadcopessentiosltouoresaditu,
870 2135 1000 2196 maqisque
1017 2135 1064 2184 diei
1081 2135 1170 2183 similis
1187 2137 1239 2183 cel.
1276 2133 1392 2184 Multisic

306 2211 476 2261 Maecenatem
493 2211 634 2260 attitulatus
650 2210 702 2258 Sne
713 2210 834 2273 dipuitatc
871 2206 1014 2272 explicant:
1035 2207 1125 2260 «Nulla
1143 2210 1235 2272 gratia,
1257 2208 1321 2259 nihil
1339 2206 1392 2274 pul-

307 2286 434 2334 seuateria
450 2286 540 2334 multus
561 2283 750 2348 triumphalium
773 2298 833 2333 cou-
871 2283 928 2332 chri
946 2284 1014 2334 inest
1036 2284 1061 2332 in
1083 2287 1187 2347 arpenta
1209 2283 1293 2333 obdito
1313 2283 1391 2342 teni,

306 2361 598 2422 auatiumqmpoteutio
609 2360 704 2420 anteiit,
722 2360 834 2409 diuersus
870 2359 1014 2408 interram
1032 2358 1153 2418 delesse,
1178 2361 1207 2408 ut
1229 2361 1319 2408 auams
1337 2359 1391 2408 the·

307 2449 325 2483 a
348 2440 459 2484 veterum
483 2435 596 2484 instituto
620 2447 668 2496 per
692 2434 786 2484 cultum
811 2439 835 2485 et
870 2445 964 2482 sauros
990 2445 1054 2483 euos
1079 2433 1219 2483 inhumare
1245 2445 1306 2484 mos
1329 2435 1389 2486 astu
1483 2431 1486 2466 ³

306 2509 834 2572 mmtditias,copiaqueetafflumtiatuuu
870 2505 920 2558 sed
948 2508 1052 2572 poetica
1081 2507 1147 2558 ratio
1176 2507 1263 2571 polius
1290 2505 1391 2569 intelligi

304 2584 427 2645 propior:
448 2583 549 2634 uberat
565 2588 647 2632 laneca
664 2583 737 2646 viper
753 2584 833 2632 animi
870 2581 945 2633 iubet
969 2582 1003 2632 de
1029 2583 1104 2632 venis
1130 2583 1233 2646 argenti
1255 2581 1283 2632 in
1310 2584 1391 2633 terrae

308 2657 446 2721 tepentibus
466 2659 571 2721 ueqotiis
591 2671 654 2719 par,
681 2671 709 2706 eo
731 2659 832 2720 acrior,
870 2657 971 2720 gremio
989 2655 1141 2717 latentibus,
1160 2656 1249 2706 ulOd.
1264 2655 1289 2716 S,
1308 2655 1334 2718 3,
1353 2655 1391 2708 tt:
1484 2637 1485 2706 l

308 2746 357 2794 quo
372 2745 485 2782 somnum
497 2738 520 2783 et
534 2733 652 2782 laertium
661 2733 834 2796 mapisosteu·
869 2732 966 2781 Aurum
986 2733 1141 2794 inrepertum
1162 2737 1185 2782 et
1207 2733 1243 2780 sic
1259 2731 1350 2781 asellus
1363 2731 1394 2779 si-

308 2807 385 2856 tabat.
404 2807 485 2871 Iqitur
496 2807 613 2857 incolumi
623 2809 834 2869 Maecenatepro-
870 2811 936 2866 tmn,
959 2806 1021 2856 Cum
1042 2810 1112 2855 terro
1133 2805 1204 2856 celat.
1241 2807 1393 2868 anonymus

306 2882 400 2942 cimus,
418 2895 479 2932 mae
491 2883 658 2944 praecipuus,
681 2883 722 2931 cui
739 2888 834 2932 secreta
870 2879 942 2944 apud
968 2877 1138 2930 Plutarchum
1164 2880 1227 2950 περὶ
1248 2877 1393 2940 tuomum

307 2957 733 3019 inoperatarumiuuitereutur--,
752 2961 834 3006 aetate
872 2952 927 3003 Vol.
946 2953 970 3004 3.
989 2967 1049 3018 pag.
1069 2954 1129 3006 tiu:
1149 2947 1210 3005 Οὔκ
1227 2947 1286 3005 ‘e'ar'
1303 2953 1335 3006 ἐν
1352 2949 1395 3004 ἄν

304 3037 424 3094 prouecta
444 3033 547 3094 speciem
567 3033 650 3095 mapis
670 3031 697 3080 iu
720 3031 834 3080 mnicbia
870 3043 949 3099 τροις
971 3025 1088 3091 λευκός,
1115 3020 1139 3077 ὦ
1162 3025 1235 3103 ξέν’,
1262 3022 1393 3102 ἄργυρος.

305 3108 515 3170 ptiucipismtam
529 3107 581 3155 uim
596 3107 681 3155 tenuit.
712 3103 832 3154 Notabile
871 3107 963 3168 Neque
986 3117 1051 3154 vero
1075 3117 1099 3154 v.
1119 3107 1206 3155 comis
1227 3119 1241 3155 a
1260 3109 1336 3156 mnis
1358 3105 1395 3156 di-

307 3184 360 3240 est,
380 3181 450 3231 huuc
468 3194 575 3244 quoque
588 3181 726 3230 bominem
737 3179 834 3230 ditissi-
870 3177 931 3228 velli
947 3181 1045 3242 polest,
1066 3181 1155 3238 utsii,
1176 3179 1226 3230 «ab
1244 3181 1332 3231 avaris
1351 3182 1394 3230 bo-

307 3270 382 3307 mum
403 3258 484 3319 alque
501 3255 610 3317 Augusti
633 3255 714 3317 gratia
733 3253 833 3303 floren·
871 3252 988 3304 minibus
1000 3253 1092 3303 abdilo
1110 3255 1136 3304 in
1154 3255 1262 3314 terris‚»
1281 3255 1309 3304 id
1326 3253 1393 3319 quod

307 3335 362 3380 tem
389 3327 449 3390 (luit
475 3329 545 3378 enim
575 3330 642 3378 teste
671 3329 773 3377 Seneca
799 3326 832 3378 de
871 3330 957 3377 totum
981 3329 1053 3377 bunc
1078 3325 1167 3378 locum
1193 3329 1299 3392 poetica
1325 3331 1352 3380 vi
1371 3331 1393 3380 et

307 3403 391 3454 Clam.
421 3403 449 3462 4,
477 3402 523 3451 4οε
553 3402 580 3450 iu
604 3402 709 3464 stupuisti
733 3403 834 3453 conara
869 3401 1019 3469 φαντασίᾳ
1031 3403 1156 3465 privaret.
1192 3403 1312 3455 Eandem
1327 3405 1394 3456 enim

305 3479 389 3540 prima
407 3477 535 3526 interioris
556 3475 734 3539 admissionis.)
753 3489 786 3526 ex
802 3477 833 3526 iis
870 3479 957 3526 tarrae
976 3478 1033 3526 auri
1050 3479 1206 3540 argentique
1225 3491 1309 3530 renas
1326 3480 1353 3529 in
1368 3492 1393 3530 se

307 3551 397 3612 tuisse,
408 3550 506 3612 quibus
516 3563 600 3600 unum
611 3552 713 3600 lantum
723 3563 831 3602 carmen
870 3549 1012 3601 occultanti
1025 3553 1105 3615 atque
1115 3552 1239 3603 retinenti
1252 3553 1345 3605 tribuit
1354 3567 1394 3604 cu·
1483 3563 1484 3566 ’

307 3627 384 3688 quasi
404 3621 622 3689 ἀφοσιούμενος
645 3625 767 3675 Horatius
791 3627 833 3674 in·
869 3625 1017 3690 pidilatem‚
1028 3639 1097 3690 quae
1106 3627 1266 3690 agitatipsos
1276 3629 1394 3679 nomines

307 3700 421 3763 scripsit.
458 3701 584 3750 Ceterum
608 3699 681 3749 idem
698 3703 739 3751 est
757 3698 833 3749 Salu-
870 3712 973 3751 avaros.
996 3728 1022 3736 -
1042 3702 1118 3752 Aeris
1131 3703 1224 3751 autem
1235 3702 1341 3754 metalla
1354 3706 1394 3754 ha·
1483 3703 1484 3764 ζ

307 3775 382 3834 atius,
401 3786 483 3836 quern
497 3771 727 3823 adolescentulum
739 3775 792 3823 Sat.
807 3775 831 3833 4,
869 3773 1086 3826 bebalSalustius
1097 3777 1297 3828 inCentronum
1304 3776 1393 3843 Alpino
1483 3791 1484 3820 1

306 3849 331 3906 i,
345 3847 384 3898 i8.
405 3847 632 3911 propterinsanos
648 3845 832 3897 libertinarum
870 3851 965 3900 tractu.
1002 3848 1066 3899 Ptin.
1087 3851 1117 3900 ii.
1137 3853 1168 3900 N.
1188 3850 1229 3911 34,
1249 3853 1273 3902 2.

307 3935 413 3972 amores
432 3923 543 3972 notarat.
579 3921 634 3970 Hoc
647 3921 764 3970 carmine
778 3934 833 3970 ma·
902 3925 926 3974 i.
946 3923 1053 3988 inimice]
1076 3925 1101 3974 in
1125 3937 1203 3989 prosa
1227 3931 1294 3976 orat.
1316 3941 1392 3978 «cen-

307 3997 402 4047 nilesto
419 3995 510 4046 iaudat
520 3994 623 4046 Salustii
635 3995 793 4058 sapientiam
806 3997 831 4046 in
871 4001 1012 4062 temptor.»
1044 4001 1106 4050 i'oc.
1125 4000 1223 4050 mmiua
1244 4004 1335 4052 autem
1356 4003 1392 4066 ip-

307 4071 456 4122 ‹iivitiarum
485 4083 548 4121 usu:
583 4071 738 4132 neutiquam
767 4084 832 4120 vero
870 4084 930 4121 sum
947 4085 999 4123 non
1018 4074 1075 4124 sine
1093 4077 1261 4139 contemptu,
1280 4079 1311 4126 ul
1327 4075 1392 4140 apud

307 4159 384 4206 eum,
411 4148 440 4196 ui
465 4146 514 4195 rati
540 4148 602 4194 eunt
627 4143 759 4204 nonnulli,
789 4144 831 4195 val
870 4146 944 4196 Ouid.
964 4147 1032 4198 Fast.
1054 4150 1081 4208 4,
1101 4149 1163 4200 208:
1182 4150 1392 4214 Etleuisarpaiti

307 4221 341 4272 ab
363 4221 470 4271 avaritia
492 4219 533 4270 vel
556 4233 571 4269 a
589 4219 718 4283 pecuniae
740 4219 832 4283 prolu—
869 4221 966 4272 lamina
982 4223 1076 4273 mitum
1093 4229 1163 4281 erat,
1182 4225 1246 4274 ilem
1265 4225 1391 4276 Senecam

307 4299 381 4346 sistite
398 4297 565 4354 dehortatur,
585 4295 832 4359 quaeinepteluis·
870 4294 903 4345 de
927 4295 1066 4356 Sancti,
1096 4299 1140 4346 4οε
1166 4299 1239 4348 Num
1261 4299 1317 4348 οο4ο
1340 4307 1392 4350 tuas
