3012 4978
543 450 602 502 ΗΒ.
623 452 663 500 lV.
700 453 728 502 C.
749 453 800 502 XV.

393 608 430 673 Et
453 617 579 674 veteres
601 608 765 673 revocavit
786 617 885 680 eries,

309 767 369 832 Per
390 787 472 854 quas
494 766 641 832 Latinum
663 787 780 832 nomen
803 777 835 831 et
858 765 953 832 Italae

306 889 446 954 Crevere
469 888 555 954 vires
577 887 727 974 famaque
750 899 783 954 et
805 887 917 975 imperi
988 897 991 904 '

348 1011 500 1076 Porrecto
523 1010 674 1076 maiestas
695 1008 737 1074 ad
759 1019 848 1075 ortus

391 1129 474 1196 Solis
497 1130 537 1197 ab
560 1130 719 1218 Hesperio
741 1129 849 1196 cubili.

309 1287 450 1354 Custode
472 1308 583 1356 rerum
606 1289 746 1356 Caesare
770 1309 834 1356 non
856 1287 946 1355 luror

306 1408 415 1475 Civilis
437 1419 492 1475 out
513 1409 562 1474 vis
585 1411 691 1496 exiget
712 1410 829 1486 otium,

348 1531 416 1594 Non
440 1529 505 1606 ire,
531 1550 616 1617 quae
639 1530 789 1618 procudit
812 1551 908 1596 enses

203 1711 242 1760 tt.
261 1710 428 1770 Porreeioque
439 1710 466 1758 T.
483 1735 510 1745 -
530 1715 613 1760 ortum
624 1711 675 1770 ST,
694 1721 734 1774 pr.
744 1707 774 1771 β,
789 1711 854 1771 LCt,
874 1708 973 1770 Bentl,
995 1711 1020 1760 l'.
1034 1709 1114 1774 (ortus
1125 1713 1188 1772 bod,

169 1787 212 1834 net
227 1795 322 1834 omnes
340 1783 395 1833 lere
414 1783 510 1833 nostrin
530 1784 632 1846 Bnnrn.)
652 1809 680 1820 -
700 1784 741 1834 ⁴8.
760 1784 852 1834 sumet
873 1783 959 1844 bScd,
982 1783 1091 1836 Bentleii
1108 1786 1190 1852 pleri-

167 1871 235 1921 que,
261 1871 317 1907 var.
337 1855 397 1908 lect.
416 1874 462 1924 γι,
482 1859 595 1908 Pottierii
613 1857 747 1922 plerique,
770 1858 848 1918 cut,
873 1858 997 1910 eristirnoi
1017 1863 1142 1925 corrupte
1159 1865 1187 1912 T.

166 1933 311 1997 (mastya,
331 1933 446 1982 Pottierii
459 1934 470 1982 l
482 1932 530 2013 '.3’
544 1933 578 1993 9.)
592 1957 620 1968 -
641 1932 680 1981 49.
700 1933 791 1992 iraque
802 1946 867 1995 quus
877 1935 906 1983 T.
922 1962 949 1970 —
959 1935 1077 1997 producit
1094 1948 1146 2000 mg.
1161 1939 1187 1986 S.

132 2105 195 2142 esse
222 2091 385 2140 monstravit.
427 2091 492 2140 ilem
518 2091 543 2140 in
569 2090 659 2141 medio
695 2091 869 2152 maiestasque.
884 2091 1065 2155 Cieprolinb.
1074 2094 1150 2156 perd.
1163 2094 1219 2142 nl.

132 2165 258 2229 relinquit
274 2165 418 2228 Francius.)
436 2167 486 2214 Pro
505 2169 578 2216 certo
593 2178 658 2216 sone
697 2163 731 2214 de
743 2165 814 2214 Oret.
828 2166 859 2222 Ξ,
872 2165 920 2214 39;
944 2166 972 2214 Si
982 2168 1101 2216 umiestos
1117 2172 1152 2216 est
1164 2181 1221 2216 anr-

132 2240 302 2291 lloretiused
313 2241 406 2290 lenum
423 2240 525 2291 tertium
537 2238 658 2290 clausum
692 2239 790 2300 ptitudo
809 2253 840 2288 ac
856 2239 965 2302 diprolius
980 2242 1104 2302 ointmtie,
1128 2243 1221 2292 iscam

131 2316 270 2378 respicere
292 2327 344 2364 non
362 2315 460 2378 potuit,
488 2315 536 2364 sed
558 2313 657 2363 inlinite
695 2314 802 2374 minuit,
831 2315 875 2374 qui
894 2317 1031 2366 ereroitum
1047 2317 1155 2366 metibus
1170 2330 1221 2379 po-

131 2389 263 2452 significat
280 2389 347 2438 dues
357 2389 460 2452 priores
472 2387 657 2439 huiuscemodi
692 2389 747 2451 puli
772 2390 878 2439 Rorrtcui
906 2391 1010 2440 tradidit
1030 2392 1081 2440 oet.
1114 2388 1218 2450 Quintil.

131 2464 316 2513 caerimonias.
336 2464 365 2513 ln
377 2463 509 2514 nummis:
522 2464 573 2513 lm.
586 2464 657 2515 Cius.
696 2464 724 2522 l,
746 2463 774 2524 3,
797 2463 846 2514 35:
872 2465 992 2514 Maiestas
1011 2469 1046 2515 est
1069 2465 1096 2515 in
1115 2465 1220 2527 imperio

131 2537 206 2587 Ouid.
216 2538 282 2588 Fosi.
292 2538 315 2597 l,
327 2538 382 2586 lit.
397 2539 476 2588 lanus
486 2537 520 2588 de
530 2550 572 2588 se:
585 2541 658 2589 modo
695 2543 771 2598 atquo
789 2539 816 2588 iu
833 2539 900 2588 moui
913 2541 1001 2602 popuii
1013 2541 1120 2590 donicus*
1137 2541 1221 2603 dipni-

129 2625 245 2672 uomouc
258 2611 385 2662 Patulcius
400 2613 465 2662 idem
480 2613 513 2662 lii
529 2614 603 2662 niodo
613 2627 658 2663 eu-
695 2617 754 2662 tute.
778 2641 805 2650 -
823 2615 956 2679 Ροιτεοια]
982 2627 1054 2680 pros.
1075 2629 1114 2665 or.
1135 2613 1218 2663 idilo-

130 2687 217 2750 nilico
241 2686 338 2736 Clusius
360 2699 403 2735 ore
418 2700 502 2736 vocor.
523 2715 551 2722 -
581 2688 658 2738 Clusit
696 2689 765 2748 tute,
784 2691 954 2751 propagato.»
977 2715 1006 2725 -
1033 2691 1067 2739 ad
1083 2689 1160 2752 ortus]
1180 2689 1220 2738 bi-

131 2760 239 2812 Codicis
247 2759 380 2810 Venderb.
388 2759 476 2810 multis
486 2759 592 2824 placuit,
606 2762 655 2812 sed
694 2761 776 2811 brerii
794 2762 894 2812 lucillus
912 2762 938 2812 b.
958 2761 974 2812 l.
993 2766 1129 2814 mutarunt
1145 2775 1218 2812 num.

130 2833 215 2884 altere
232 2835 362 2898 scripture
373 2836 507 2897 Angustus
525 2836 580 2899 ipse
593 2849 658 2886 usus
694 2834 763 2899 plur.
783 2837 809 2885 in
827 2834 989 2898 singularem
1010 2836 1219 2898 trequentiorem

132 2908 213 2958 estin
225 2909 401 2970 ltonnnoyr.
414 2935 441 2944 -
455 2909 508 2958 leni
518 2906 656 2969 bifrontes,
695 2921 777 2972 quam
790 2913 890 2959 contro.
910 2908 963 2959 Cir.
975 2909 1023 2959 Od.
1035 2909 1065 2970 3,
1077 2909 1122 2969 ei,
1137 2911 1176 2958 η.
1189 2935 1216 2945 -

130 2985 160 3034 et
179 2981 309 3034 imberbis
328 2986 355 3033 et
371 2982 514 3044 barbatus,
543 2986 606 3034 sunt
630 2984 656 3034 in
694 2983 948 3046 ubilespertoeutiti]
968 2983 1018 3033 inb
1030 2996 1144 3044 occasu,
1164 2998 1218 3047 quo

130 3056 224 3110 bitiller
241 3057 345 3108 Derim.
367 3058 398 3108 V.
417 3059 447 3108 N.
467 3057 523 3108 aei.
543 3058 599 3110 328.
694 3058 737 3109 Sol
755 3058 789 3108 ob
807 3058 916 3108 oetbere
934 3056 1050 3108 velutin
1068 3057 1155 3108 cubile
1173 3059 1221 3108 de·

165 3133 274 3182 to-ie.
304 3133 393 3197 [roim]
431 3134 555 3196 Trogious
584 3133 657 3198 opud
694 3132 822 3184 scendum
859 3132 1033 3183 Mimnermus
1055 3132 1140 3194 Bergk
1157 3145 1216 3196 pag.

130 3207 394 3268 Cic.doOr.3,ll:
413 3209 617 3258 αωιιααηιαηισ
634 3213 658 3259 st
694 3208 758 3259 3⁴8:
787 3203 844 3258 Τὸν
868 3204 922 3269 μὲν
943 3200 998 3275 γὰρ
1020 3199 1150 3270 (Heliou)
1171 3203 1219 3256 διὰ

126 3283 308 3346 praefidentem
332 3283 375 3331 tibi
396 3284 537 3344 document
556 3285 657 3334 ualidae
694 3280 775 3348 κῦμα
807 3283 890 3350 φέρει
927 3278 1111 3351 πολυήρατος
1148 3274 1218 3345 εὐνὴ

130 3357 215 3420 ispum
238 3356 349 3406 iubenes
380 3362 456 3420 nique
479 3358 570 3420 imperi
593 3359 656 3408 inst-
693 3357 807 3423 Κωΐλη,
823 3351 983 3418 Ἡφαίστου
997 3355 1096 3426 χερσὶν
1115 3352 1219 3420 ἐληλα-

130 3435 195 3482 stent
211 3431 279 3494 lupo.
296 3459 323 3468 -
343 3431 464 3495 licentiae]
484 3433 654 3494 «bicubitum,
692 3434 766 3498 μόνη
782 3428 903 3502 Χρυσοῡ
922 3426 1075 3496 τιμήεντος
1092 3427 1151 3478 κτλ,

129 3519 199 3570 qnae
217 3505 352 3569 perbelle
372 3507 494 3558 intestine
512 3520 602 3558 mores
619 3507 656 3558 le-
727 3509 831 3558 ti-to.
859 3507 975 3570 outoni]
993 3505 1042 3556 0d.
1061 3506 1089 3566 3,
1110 3503 1156 3566 il,
1176 3506 1216 3555 ts.

129 3593 232 3643 gesque
249 3581 357 3645 impune
374 3580 499 3643 violoret,
523 3585 655 3644 Angustus
693 3581 741 3632 Od.
760 3581 789 3642 l,
808 3583 838 3642 t,
858 3582 890 3629 t:
918 3581 1009 3642 optime
1031 3579 1152 3629 limosam
1168 3579 1219 3630 Cu-
1297 3583 1301 3592 '

131 3656 158 3704 in
185 3655 307 3706 ordinem
333 3656 420 3719 coegit
448 3656 655 3719 exstirpavitque
692 3661 741 3706 etos
757 3655 845 3719 pontis
867 3681 892 3690 -
921 3654 1015 3717 seipsi]
1034 3654 1120 3718 prime
1137 3653 1219 3716 signi-

129 3729 235 3793 cnlpas,
266 3729 359 3780 noxios
388 3731 490 3781 severis
519 3728 655 3794 suppliciis
694 3730 830 3780 ficatione:
864 3726 1009 3792 impellet,
1039 3727 1216 3778 exturbabitu

128 3809 276 3863 coercens3
316 3803 458 3855 honestem
487 3803 654 3868 disciplinam
693 3803 770 3864 Quod
788 3815 850 3854 cum
868 3815 921 3852 non
938 3801 1127 3876 intelligerent,
1154 3803 1219 3854 scri·

129 3880 269 3930 restituit.»
293 3905 320 3916 -·
339 3879 491 3943 euenitque]
509 3881 552 3930 Sic
563 3880 615 3929 Sel.
628 3881 654 3940 ἲ,
692 3879 804 3944 pserunt
829 3878 937 3937 stimet,
976 3876 1049 3940 quod
1075 3879 1165 3927 tumen
1191 3889 1215 3926 v.

128 3953 156 4014 3,
181 3953 227 4003 28:
257 3953 357 4002 Emooit
379 3957 486 4004 ostoun
511 3953 653 4017 (morbum)
693 3954 837 4016 usurpetur
847 3951 935 4016 potius
947 3950 981 4001 de
1000 3951 1082 4002 rebus
1099 3951 1216 4014 ingratis,

127 4027 288 4077 mirenootu.
305 4053 330 4062 -
351 4027 555 4090 ouem-ortu]
575 4040 655 4092 upru-
692 4026 773 4078 veluti
794 4027 904 4077 unimore
920 4039 1023 4086 wrcen,
1041 4030 1148 4086 oretum,
1167 4025 1217 4074 uii-

128 4101 261 4163 dentiem,
289 4101 483 4160 tortitudinem,
514 4102 653 4162 iustitium,
693 4113 765 4164 quern
782 4115 795 4151 e
810 4101 932 4162 uinculis,
959 4099 1090 4159 miudutc,
1114 4099 1218 4150 nimius

129 4177 361 4242 temperantiam.»
379 4178 471 4227 Sciron.
693 4177 744 4226 cet.
771 4177 799 4225 et
831 4177 971 4240 praetores
997 4185 1093 4238 prosse
1129 4172 1216 4235 potius

161 4251 273 4302 te-to.
292 4250 542 4314 iuniperi-maiestas]
569 4249 654 4300 Etiam
693 4249 818 4300 orationis
839 4248 915 4299 toret.
943 4277 971 4284 -
998 4249 1055 4297 Nou
1071 4246 1121 4310 ira]
1140 4243 1216 4296 belli-

129 4325 231 4376 dirise:
270 4327 403 4388 imperium
429 4325 517 4388 popuii
549 4325 655 4376 ltmnuni
693 4337 733 4374 ee.
769 4322 972 4384 Tib.t,3,ll:
1001 4323 1057 4371 Nou
1069 4323 1148 4382 nuos,
1167 4334 1216 4370 nou
