3002 4974
525 433 584 484 ΗΒ.
602 433 644 484 ill.
679 435 708 484 C.
727 435 758 484 ll.

315 591 381 656 Neo
409 590 506 654 sumit
526 599 582 656 aut
601 590 692 676 ponit
712 609 847 658 securos

355 709 494 777 Arbitrio
516 709 681 798 popularis
703 731 812 778 aurae.

275 870 378 936 Virtus
403 868 575 936 recludens
597 870 763 937 immeritis
785 871 865 936 mori

274 990 406 1058 Caelum
427 1001 543 1078 negata
564 1000 664 1058 tentat
686 992 747 1058 iter
767 992 836 1068 via,

320 1113 507 1202 Coetusque
528 1111 680 1200 volgares
702 1113 855 1180 eludam

358 1235 488 1323 Spernit
507 1234 641 1301 humum
661 1234 802 1322 fugiente
823 1255 940 1322 penna.

276 1396 331 1461 Est
353 1403 386 1461 et
406 1393 494 1461 fideli
518 1405 584 1460 tuta
608 1393 734 1460 silentio
1149 1395 1192 1460 25

177 1555 214 1604 la.
225 1555 275 1606 Nee
287 1555 361 1618 ponit
371 1559 418 1605 out
432 1556 596 1619 musteo.
613 1581 640 1592 -
655 1556 696 1606 il.
710 1556 833 1605 mmeritis
847 1553 948 1605 bs'lcd.
964 1581 992 1591 —
1004 1555 1045 1605 ἥ.
1060 1559 1163 1618 ιοηψιαι

149 1625 205 1678 bl'o.
232 1655 260 1666 ·-
288 1630 345 1694 iter]
363 1630 415 1690 ire,
442 1630 526 1680 erasis
552 1628 613 1679 anie
638 1629 709 1679 hano
726 1642 824 1680 vocem
842 1628 942 1693 aliquot
958 1627 1065 1690 litteris,
1084 1630 1111 1680 Τ.
1133 1656 1160 1666 -

148 1701 184 1752 ts.
201 1705 315 1769 aulearia
330 1704 359 1754 Τ.
380 1729 406 1741 -
426 1703 467 1755 sl.
483 1705 566 1768 piano
581 1701 673 1755 Bland.
692 1705 831 1768 antiquiss.

121 1834 185 1882 ants.
220 1837 288 1887 allec
312 1838 370 1888 eius
395 1836 508 1900 dignitas
534 1835 634 1902 pendet
671 1833 1195 1897 touitiuooi.VlrgiliusAen.6‚8l'l.usus

121 1907 229 1958 eiuvore
241 1909 375 1976 populari,
394 1911 443 1963 sed
455 1911 551 1962 eedem
563 1923 634 1962 sem-
671 1912 713 1960 est
730 1922 843 1961 numero
862 1908 973 1975 plurali:
1001 1911 1107 1960 oinium
1127 1925 1196 1974 part·

120 1987 284 2043 permanet.»
314 1986 502 2048 0d.t,9,3tt.
526 1987 633 2050 sapiens
670 1986 730 2035 daus
750 1985 918 2048 popularibus
942 1987 1022 2036 auris.
1064 1987 1118 2037 Cio.
1146 1999 1196 2050 pro

120 2055 283 2110 Gonni-noa
300 2063 375 2110 onitu
399 2062 469 2110 noui.
510 2061 564 2112 Cio.
583 2073 633 2125 pro
671 2058 792 2110 Cluentio
809 2059 858 2111 47:
877 2061 1115 2124 veonepopuloris.

120 2129 304 2195 sestianaoo:
317 2136 407 2186 Virtus
418 2135 635 2186 lueetioteaebrir
703 2135 732 2184 il
746 2133 826 2184 -tl
853 2135 985 2184 immeritis
1009 2134 1087 2199 omri]
1118 2135 1196 2184 «viris

118 2207 306 2270 --sploadetqna
317 2223 367 2272 per
378 2224 429 2260 sese
444 2223 541 2273 seniper
555 2223 635 2271 nequa
670 2207 868 2258 immortalitate
881 2209 991 2272 dignis.»
1007 2235 1035 2244 -
1047 2209 1198 2258 recluderis-

118 2279 319 2346 flllettt'ttmquum
332 2285 446 2335 sordibus
456 2285 588 2336 obsolescit.
604 2311 632 2322 -
672 2282 786 2346 Caelum]
808 2281 914 2333 Anthol.
933 2281 986 2332 Pel.
1008 2284 1027 2332 l.
1049 2283 1112 2334 ets:
1139 2297 1195 2342 eos,

117 2353 253 2408 lauturus
268 2361 360 2410 numm
376 2361 481 2410 ioaorea
497 2372 636 2425 oppounn-
672 2355 911 2421 qull'lrermopylis
923 2357 1090 2418 oeciderunt,
1109 2353 1197 2429 σ’ρετὴ

119 2429 223 2494 turillis,
242 2435 288 2498 qui
301 2435 445 2486 incivitate
457 2448 588 2499 persaepe
608 2437 636 2486 et
672 2427 855 2502 καθύπερθεν
892 2429 1064 2483 Kvomuovcr
1098 2427 1198 2500 ἀνώγει

117 2501 200 2556 baudo
218 2510 246 2558 et
262 2508 425 2560 iecinoribus
447 2512 511 2560 sunt
531 2508 632 2574 polluti.
672 2505 806 2574 δώματος
831 2503 863 2570 ἐξ
888 2500 990 2557 Ἀΐδεω.
1023 2537 1050 2544 -
1090 2507 1196 2573 nepote]

147 2579 183 2630 49,
200 2583 240 2632 20.
259 2583 357 2634 Nescio
367 2597 449 2646 quem
458 2587 532 2634 recte
542 2583 576 2635 ed
585 2585 635 2636 hos
674 2583 837 2649 «asperrima
860 2595 994 2647 qunque.»
1037 2585 1097 2634 sen.
1117 2586 1197 2635 llere.

117 2665 154 2701 vv.
165 2655 262 2707 Franks
274 2671 303 2722 p.
316 2657 371 2708 ⁴87.
388 2659 456 2709 haec
469 2661 635 2710 commenta·
673 2658 723 2708 lur.
742 2657 807 2708 las:
826 2658 883 2706 Non
899 2663 934 2707 est
950 2659 984 2707 ad
1001 2663 1073 2708 ostro
1088 2659 1170 2708 uaollis
1185 2670 1199 2708 ο

117 2727 204 2780 lussit:
219 2733 286 2784 «Neo
294 2733 636 2797 aeritJInhisnonlmme-
673 2735 747 2784 terris
762 2734 815 2782 vin.
837 2759 865 2768 -
890 2732 983 2796 udum]
1009 2746 1117 2784 «cresso
1135 2739 1198 2784 aere

118 2801 162 2852 rito
178 2808 322 2870 suspiceris
339 2809 512 2860 Octavianum
536 2809 637 2873 signifi·
673 2807 787 2859 obsitam
805 2820 837 2856 no
862 2811 1003 2871 propterea
1030 2809 1138 2858 minime
1157 2807 1199 2857 di-

118 2879 200 2929 catum
212 2894 287 2942 esse,
308 2883 353 2944 qui
364 2895 388 2932 a.
401 2883 459 2933 726.
478 2884 512 2935 de
523 2885 636 2948 imperio
673 2894 765 2946 mam,
784 2883 811 2932 in
829 2895 882 2945 qua
896 2883 984 2932 Virtus
1002 2886 1148 2932 moretur.»
1170 2907 1197 2918 -

117 2948 268 3015 deponendo
278 2957 422 3018 cogitaret»
434 2956 483 3020 (vel
492 2961 592 3022 potius:
606 2973 636 3010 se
672 2955 792 3021 sapiatis]
818 2957 946 3020 Exprimit
971 2958 999 3006 et
1015 2957 1199 3019 contemptum

116 3026 223 3088 cogitare
233 3028 391 3094 simularet).
410 3033 541 3095 Equidem
555 3032 637 3084 oredo
674 3044 766 3082 rernm
783 3032 961 3081 humanarum
979 3035 1006 3081 et
1023 3030 1198 3090 celeritatem,

117 3098 636 3168 buiusconsiliisignilloationemomnem
675 3107 771 3170 quain
789 3103 893 3155 caelum
911 3117 972 3155 sese
989 3104 1062 3155 tollat
1073 3105 1170 3155 Virtus.

117 3171 182 3226 baud
205 3179 286 3230 nimis
303 3183 406 3242 gruum
423 3181 538 3234 futuram
556 3183 637 3234 luisse
707 3182 749 3231 25.
775 3181 821 3229 Est
842 3179 877 3242 et]
905 3180 999 3230 usecia
1024 3181 1132 3230 Virtutis
1158 3181 1201 3230 est

116 3253 273 3304 astutissimo
282 3252 318 3304 illi
327 3256 479 3316 Octaviano,
493 3257 566 3321 quod
575 3270 638 3308 oum
675 3255 761 3306 Fides.
804 3254 877 3304 Haec
901 3255 993 3305 autem
1017 3253 1060 3306 vel
1086 3255 1200 3305 maxime

116 3324 195 3385 probe
220 3327 380 3392 intelligeret
405 3332 539 3392 Horatius,
572 3346 637 3383 sane
675 3328 848 3393 spectaturis
861 3329 1052 3391 mysteriorum
1069 3329 1201 3378 caerimo-

115 3397 236 3464 talequid
250 3403 319 3454 laoili
336 3406 577 3468 opemderitubst3
595 3405 638 3474 yel
675 3405 726 3455 niis
756 3399 879 3466 religiose
908 3402 1045 3463 tacendis,
1075 3403 1200 3465 quoniam

115 3475 196 3535 potius
222 3477 257 3528 da
288 3479 339 3529 hoo
367 3481 474 3530 omnino
501 3485 638 3544 nunquam
675 3490 810 3530 summam
835 3476 918 3527 iidem
943 3476 983 3527 dis
1005 3475 1200 3528 immortalibus

116 3551 242 3613 cogitavit.
263 3577 290 3590 ·-
310 3555 418 3618 securas]
436 3567 485 3618 pro
503 3554 637 3616 iascibus,
676 3552 817 3602 debemus.
862 3552 991 3611 Quocirca
1020 3551 1109 3602 laesae
1137 3552 1200 3602 ildei

115 3623 244 3678 bonorum
263 3627 425 3691 insignibus3
443 3631 517 3691 ponit
533 3633 637 3691 autem,
676 3627 778 3678 nullum
803 3628 888 3676 mulus
914 3626 1067 3691 exemplum
1089 3627 1202 3692 reperiri

115 3699 192 3750 etiam
216 3705 351 3766 waterus
376 3705 451 3766 gesto
473 3703 562 3768 aliquo
579 3718 638 3755 ma·
675 3704 776 3766 potest,
802 3714 883 3764 quarn
906 3703 928 3752 si
945 3702 1005 3765 qais
1021 3700 1201 3753 occultissima
1224 3709 1227 3712 ·

114 3772 221 3834 gistretu
262 3779 373 3842 propter
407 3777 533 3828 invidiam
567 3778 638 3842 apud
677 3776 782 3828 Cereris
794 3789 870 3826 saera
880 3776 979 3840 prodat
988 3776 1116 3841 prolenis.
1151 3777 1202 3826 Τε-

114 3848 240 3912 popnlum
258 3849 453 3903 alioshonores
471 3855 564 3916 posteo
585 3863 639 3903 noo
676 3850 730 3902 lem
755 3844 927 3912 hominem»,
965 3853 1060 3916 inquit,
1091 3862 1202 3902 «ornnes

115 3919 222 3974 obtinet.
245 3953 273 3962 -
289 3926 425 3988 popadom's
441 3926 536 3990 aurae]
554 3928 639 3977 Sene·
677 3940 784 3978 meeum
802 3938 888 3989 aeque
906 3924 1102 3978 abominentur.
1129 3924 1204 3976 Eius·

115 4009 143 4046 on
168 3999 279 4062 Thyest.
298 3999 363 4050 350:
392 4003 544 4066 sapientem
572 4015 639 4052 uun-
677 4000 751 4052 modi
761 4013 827 4052 vero
838 3999 928 4052 scelus
940 4001 1111 4063 gravissimae
1119 3999 1202 4048 deum

114 4083 188 4129 pum
204 4074 302 4124 stabilis
316 4075 392 4138 favor
411 4076 480 4139 Volpi
492 4076 640 4138 praecipitis
677 4089 780 4140 poenae
800 4079 998 4139 consequantur
1009 4087 1121 4126 neeesse
1134 4073 1201 4122 est.-

113 4151 200 4197 movet.
232 4149 310 4199 llere.
339 4149 389 4200 iur.
412 4151 476 4200 l69:
508 4149 637 4215 (Stultum)
680 4177 707 4187 -
725 4149 923 4214 fideli-silentio]
940 4148 1201 4220 Virg.Aen.3,li2:

112 4223 198 4281 populi
225 4223 302 4285 [error
334 4226 469 4274 minutum
504 4225 640 4287 fluctuque
676 4226 729 4288 titio
749 4225 850 4276 emsa
872 4225 961 4275 saeris.
1004 4225 1105 4275 Seneou
1122 4223 1201 4273 llere.

115 4297 193 4359 mais
216 4297 307 4349 utobiie
327 4299 416 4363 oolput
430 4299 640 4350 iurulentum
678 4299 728 4351 lur.
759 4299 820 4350 303:
861 4299 905 4350 tibi
931 4304 1003 4350 muto
1028 4299 1077 4364 tide
1104 4297 1203 4358 leopos
