2992 4978
631 499 634 505 ,
664 445 794 496 nonunt
812 445 983 500 caninium

408 599 473 667 Sed
495 600 574 689 quid
596 601 769 690 Typhoeus
793 612 825 669 et
846 600 973 669 validus
1001 603 1132 680 Mimas,

330 776 333 784 .
408 727 468 789 hut
490 722 569 810 quid
592 723 707 790 minaei
732 722 936 814 Porphyrion
958 733 1060 798 statu,

448 843 536 925 Quid
557 843 699 912 Rhoetus
721 843 907 932 evolsisque
931 846 1052 911 truncis

493 965 674 1033 Enceladus
697 964 852 1033 iaculator
874 966 982 1033 audax

409 1126 527 1194 Contra
549 1134 717 1192 sonantem
739 1123 881 1191 Palladis
904 1125 1020 1213 aegida

408 1248 546 1313 Possent
567 1245 727 1314 ruentes?
749 1247 831 1313 Hine
852 1246 967 1313 avidus
990 1247 1076 1314 stetit

347 1455 388 1505 55.
407 1454 543 1514 ίίοιίταΒ,
562 1452 712 1515 ίίλείαείνο,
731 1455 865 1514 dedra-as,
884 1454 1000 1517 ίίείνείί,
1019 1455 1128 1506 Rhoecus
1138 1457 1199 1506 LCt.
1224 1457 1262 1519 (Ut
1277 1470 1330 1515 nos,

316 1530 354 1593 T.)
369 1557 396 1565 -
411 1529 584 1592 (scripturam
595 1527 682 1578 ειόίείε
693 1531 722 1578 et
732 1529 773 1578 59.
790 1529 915 1580 Volcanus
924 1531 994 1581 inter
1005 1543 1082 1581 meos
1094 1528 1207 1594 praebet
1218 1543 1234 1580 c
1245 1529 1331 1594 solus.)

315 1707 356 1759 53,
377 1706 515 1771 raanan]
546 1702 706 1771 (Τνφωετίς)
732 1705 806 1757 Pind.
847 1711 898 1757 tur.
918 1706 971 1758 Cir.
984 1705 1068 1758 Beati.
1082 1707 1117 1757 ad
1128 1707 1175 1757 Od.
1189 1709 1219 1769 2,
1234 1709 1276 1769 49,
1288 1707 1325 1760 2³.
1337 1733 1361 1744 -

283 1783 359 1847 Pyin.
380 1785 408 1844 t,
425 1783 470 1832 aa:
488 1778 565 1831 θεῶν
582 1778 735 1846 πολέμιος,
755 1783 810 1832 Το-
846 1783 998 1848 Εαοιίαίνν]
1024 1785 1173 1846 prostratus
1199 1797 1215 1834 a
1239 1785 1362 1835 itinerum

282 1853 347 1919 φώς
364 1852 642 1926 ἑκατοντακάρανος·
672 1853 723 1906 τόν
741 1870 810 1906 τοτε
847 1859 871 1908 εί
896 1861 980 1909 Aetna
1001 1860 1135 1922 imposita.
1171 1859 1244 1922 virg.
1262 1861 1323 1909 hen.
1340 1857 1362 1914 3,

283 1931 411 1982 Κιλίκιον
427 1927 539 2000 θρέψεν
556 1927 746 1996 πολυώνυμον
762 1925 812 1981 ἄν·
847 1933 903 1982 578.
924 1959 952 1969 -
970 1931 1105 1996 ίοαιίειίον]
1124 1931 1247 1984 «evolsos
1264 1935 1364 1982 truncos

281 2020 359 2077 τρον·
377 2001 429 2057 νῦν
440 2020 472 2072 γε
482 2000 811 2076 μὰν--κίων-οὐρανία
847 2005 975 2057 audacter
992 2005 1148 2058 iaculatus.»

282 2081 399 2142 σννίχει
414 2075 556 2142 Νιφόεσο’
574 2077 670 2131 Αἴτνα.
703 2080 808 2147 Oiymp.
880 2083 921 2132 et.
956 2081 1079 2146 Palladis]
1110 2095 1208 2132 «caeca
1225 2084 1265 2133 vis
1281 2085 1366 2132 contra

282 2157 312 2218 ί,
331 2157 355 2206 7.
386 2157 506 2220 (anuum
524 2153 587 2205 iliud
605 2157 647 2205 est
665 2157 810 2218 emycium
847 2156 1073 2220 sapientiama.u
1092 2156 1192 2220 ατςίίε]
1211 2157 1265 2208 Cir.
1276 2155 1310 2206 ad
1320 2154 1364 2204 0d.

283 2234 309 2283 in
336 2229 435 2282 Cilicia.
471 2233 600 2294 Pompon.
628 2229 745 2292 hietat,
768 2230 808 2281 ta.
848 2229 1117 2291 t,t5‚it.Heinrioh
1135 2230 1244 2281 ediles.
1258 2230 1365 2281 Scutfl.

283 2307 429 2366 Curtius³‚
442 2305 492 2367 ro.)
510 2305 680 2368 ΡίοίίίιγςοτΔ
692 2305 808 2355 Boeckh.
846 2301 904 2354 200.
923 2302 979 2354 val.
999 2303 1083 2355 ilaec.
1097 2305 1124 2367 3,
1138 2305 1184 2356 88:
1204 2306 1367 2370 neniam--

283 2380 331 2430 Ed.
350 2381 414 2430 min.
429 2393 455 2442 p.
468 2380 513 2428 iit
529 2393 534 2428 :
554 2379 645 2444 Κείνῳ
656 2377 711 2443 μίν
722 2375 810 2428 Αἴτνα
846 2379 903 2442 [ινα
915 2384 1018 2442 peomne
1032 2380 1122 2444 νίνγο;
1141 2379 1187 2430 ubi
1204 2379 1238 2430 de
1252 2381 1365 2438 thorace.

283 2449 391 2519 θεσμὸς
421 2447 598 2523 ὑπερφίαλος
623 2446 808 2518 Ἀμφίκειται·
847 2467 900 2504 non
923 2452 957 2505 de
982 2450 1068 2518 clipeo
1093 2454 1200 2504 videtur
1224 2455 1366 2518 cogitasset

283 2557 299 2568 -
315 2557 331 2567 -
344 2522 412 2578 Ἀλλ’
442 2522 505 2590 οίος
529 2521 659 2578 ἄπλατον
683 2524 811 2598 κεράϊζες
847 2528 881 2578 de
899 2527 984 2592 clipeo
1011 2527 1045 2578 ab
1068 2529 1126 2593 ipsa
1148 2527 1200 2579 dea
1217 2529 1294 2580 hasta
1311 2539 1369 2592 per-

283 2600 361 2654 θεῶν
397 2599 508 2663 Τυφῶν’
541 2599 811 2674 ίκατοντανάρανον
847 2615 928 2652 cusso
941 2601 1369 2653 adterroremineutiendumho·

283 2673 406 2745 ἀνάγκᾳ,
424 2673 478 2727 Ζεῦ
496 2674 598 2748 πάτερ,
620 2676 672 2726 Eia
686 2672 810 2749 Ἀρίμοις
847 2675 933 2728 stibus
959 2689 992 2726 ex
1017 2689 1081 2727 vase
1108 2677 1218 2740 antiqno
1242 2677 1367 2740 interpre-

285 2754 363 2805 ποτε.
382 2751 454 2803 Iliad.
465 2749 501 2814 β,
512 2753 569 2802 782.
579 2752 705 2816 Aeschyl.
719 2757 808 2806 Prom.
847 2753 918 2801 tatur
928 2752 1045 2816 Bo'ttiger
1055 2751 1186 2802 Amalthea
1202 2753 1221 2801 1.
1235 2765 1262 2816 p.
1276 2750 1368 2808 XXXI.⁸

285 2831 341 2881 372.
384 2828 455 2892 Virg.
480 2831 545 2878 hen.
564 2828 594 2889 9,
612 2829 674 2879 atu:
704 2831 811 2880 dammn-
847 2829 877 2877 ut
899 2827 961 2878 iecit
981 2827 1062 2877 etiam
1083 2824 1282 2888 Mitsoharlich,
1308 2823 1370 2876 ade·

285 2918 332 2968 qua
358 2903 452 2964 moto,
478 2903 588 2953 ίταιίννι
612 2903 678 2953 Iouis
699 2905 812 2966 impartis
846 2913 910 2951 rena
936 2901 1045 2954 Homeri
1067 2899 1096 2951 11.
1121 2915 1153 2972 ρ,
1182 2900 1250 2950 595:
1275 2893 1368 2966 τὴνθ

282 2982 391 3042 imposta
409 2977 527 3040 Typhoeo.
555 2977 689 3029 Terribilis
701 2980 811 3042 Typho-
847 2971 975 3039 ἐτίναξε,
1005 2975 1122 3039 clipeum
1150 2973 1203 3026 alte
1228 2974 1368 3031 sublatum

284 3056 325 3106 nis
337 3055 425 3117 imago
437 3054 523 3103 exstat
534 3054 560 3102 in
571 3053 691 3104 Gerhard
705 3055 809 3118 Vesana.
848 3064 880 3101 ac
897 3051 936 3102 sie
953 3063 1064 3114 prorsus
1082 3061 1210 3114 expressa
1227 3051 1270 3100 est
1287 3049 1313 3099 in
1330 3049 1369 3098 ai·

284 3131 327 3180 111.
345 3129 373 3178 Τ.
392 3128 556 3178 CCXXXVH.
576 3129 643 3178 Vide
655 3129 717 3179 Exc.
736 3131 768 3179 11.
781 3157 808 3166 -
847 3125 1033 3188 gantumaehia
1050 3122 1121 3188 apud
1134 3121 1255 3174 Gerhard
1270 3125 1368 3186 ίαταερ.

283 3203 384 3268 Mimos]
403 3202 480 3266 apud
492 3203 600 3253 Hesiod.
620 3205 691 3254 scut.
705 3204 736 3253 H.
752 3203 808 3254 486.
847 3201 879 3250 ΙΙ.
898 3199 926 3249 Τ.
945 3198 1076 3250 LXXXIV.
1098 3225 1126 3235 -
1144 3198 1274 3249 Aristides
1292 3199 1318 3249 in
1330 3197 1371 3248 hir

285 3280 326 3328 est
342 3278 509 3336 Centaurus;
534 3278 611 3340 Gigas
629 3275 701 3342 apud
718 3277 809 3341 Eurip.
848 3286 930 3324 nerva
955 3287 982 3338 p.
1002 3275 1041 3324 45.
1068 3272 1164 3324 Diod:
1193 3271 1315 3339 Λέγεται
1335 3265 1370 3334 ὥς

284 3355 339 3403 ton.
365 3351 438 3412 att..
470 3349 516 3401 uhi
541 3350 625 3402 Pallas
650 3347 702 3402 τὸν
727 3347 811 3401 ίάίον
848 3341 945 3414 ἐπειδὴ
971 3347 1002 3398 οί
1024 3347 1159 3413 Γίγαντες
1179 3343 1370 3420 παρετάξαντο

284 3427 419 3491 Μίμαντα
451 3425 519 3498 πυρὶ
551 3425 732 3476 καταιθαλοῖ.
781 3427 810 3477 Ei
848 3421 880 3474 ἐν
913 3419 948 3493 τῄ
978 3419 1098 3492 Φλέγρᾳ,
1124 3415 1296 3488 Ἐγκέλαδον
1323 3419 1370 3488 μίν

285 3501 419 3563 Prochyta
436 3501 541 3551 iniecta.
578 3499 654 3552 Silius
672 3502 717 3562 ta,
737 3499 793 3552 tta.
848 3497 898 3546 καί
914 3493 983 3560 τοὺς
1000 3489 1182 3564 ἡγονμίνοος
1199 3491 1296 3548 αὐτῶν
1306 3495 1371 3546 κτεί-

317 3573 406 3624 itt-so.
424 3575 588 3638 Porphyrion]
606 3574 718 3625 Pindaro
731 3575 809 3638 Pyth.
848 3587 891 3622 νει
907 3566 926 3639 ἡ
943 3567 1023 3634 θεός,
1040 3577 1104 3634 τοῖς
1125 3571 1148 3621 δ’
1172 3565 1272 3635 ἅλλοις
1296 3573 1370 3633 θεοίς

285 3649 316 3707 8,
342 3649 382 3697 tt.
415 3651 456 3698 est
485 3647 623 3711 βασιλεὺς
656 3646 809 3716 Γιγάντων.
848 3641 948 3713 ὀλίγον
977 3641 1011 3696 τὸ
1037 3639 1121 3716 ἔργον
1145 3648 1285 3714 γίγνεται,
1315 3645 1370 3698 sna

285 3721 405 3786 Apollod.
424 3724 448 3781 ί,
473 3724 498 3785 6,
522 3727 552 3774 ίῑ
579 3720 648 3786 Διὸς
667 3721 811 3796 κεραννιθ-
848 3722 898 3772 καί
921 3717 980 3772 τῶν
1012 3713 1109 3770 ἄλλων
1133 3717 1278 3788 Γιγάντων
1303 3713 1370 3771 ὅσον

285 3811 393 3859 σαντος
403 3791 502 3858 αὐτόν,
517 3793 660 3869 Ἡρακλῆς
671 3795 811 3863 τοξεύσας
848 3787 885 3862 ἦν
901 3792 1057 3866 κράτιστον
1078 3797 1182 3846 κτείνει
1204 3791 1311 3860 ἡθεὸς
1326 3787 1370 3844 ἅτε

285 3869 458 3923 ἀπέκτεινεν.
489 3874 552 3925 Eius
572 3874 714 3936 imaginem
734 3887 812 3938 prae-
848 3871 898 3921 καί
915 3867 1004 3932 φύσει
1020 3867 1177 3935 νολεμίονς
1202 3865 1289 3934 ὄντας
1315 3867 1371 3920 θια-

285 3947 334 3997 het
344 3959 392 3997 vas
403 3948 536 3998 liuvense.
549 3945 668 3998 Aveliino
677 3947 765 3998 Βειίίιί.
779 3949 809 3998 11.
848 3939 1183 4016 φερόντωςάμννομίνη.
1193 3944 1306 3997 Palladis
1315 3955 1370 3996 eum

286 4034 312 4086 p,
324 4021 380 4071 406.
396 4047 423 4057 -
436 4020 511 4085 είοίν]
525 4034 576 4072 non
589 4023 700 4084 statura,
711 4022 761 4073 sed
770 4025 812 4074 est
849 4019 982 4072 Encelado
999 4021 1141 4084 pugnantis
1156 4021 1301 4083 imaginem
1316 4016 1370 4068 vide

287 4095 397 4146 «suono
406 4097 516 4159 μνοίαν»
534 4097 721 4161 pugnantium,
739 4097 811 4163 apud
849 4095 921 4160 apud
939 4095 1059 4146 Gerhard
1080 4096 1183 4160 Vesana.
1202 4096 1222 4145 1.
1239 4096 1269 4146 T.
1287 4095 1329 4144 Vt.

286 4171 406 4221 Tacitum
423 4171 489 4221 trist.
514 4171 544 4230 Ξ,
563 4170 604 4220 36.
623 4171 677 4221 Liv.
696 4171 740 4234 30,
761 4173 809 4223 ta:
881 4172 923 4221 58.
941 4171 982 4220 59.
1002 4171 1104 4235 ovidae]
1122 4167 1305 4236 λιλαιόμενος
1324 4179 1369 4217 το-

286 4249 354 4294 είαίιι
374 4257 476 4294 movere
499 4245 599 4294 horton
633 4273 659 4281 —
697 4245 811 4310 tihoaats]
850 4241 961 4310 λέμοιο.
997 4245 1069 4296 ltiad.
1088 4261 1123 4306 ν,
1142 4245 1191 4298 36:
1214 4238 1367 4308 Ἢφαιοτος

286 4319 332 4382 qui
349 4318 410 4370 alibi
428 4319 497 4369 inter
513 4319 661 4370 Centauros
679 4331 812 4370 memora·
848 4320 994 4371 --σθίνεί
1007 4319 1195 4386 βλεμεαίνων.
1218 4321 1260 4371 Sic
1271 4319 1369 4370 Tacitus
