3012 4978
456 978 496 1082 Q·
507 975 684 1069 Romuli
701 974 857 1069 imtti

350 1183 984 1365 trohtin

564 1455 774 1522 LIBER.

454 1799 890 1860 ruthenensium.

192 1945 341 2004 sonantum
358 1955 390 1992 ex
403 1943 448 2002 iis,
468 1955 537 2006 quae
550 1941 583 1992 ed
596 1955 645 1993 nos
656 1945 845 2006 pervenerunt,
865 1941 981 2008 reliquiis
994 1942 1103 1993 iudicari
1115 1945 1212 2006 potest,

123 2027 308 2090 antiquissima
334 2027 495 2077 Graecorum
522 2027 640 2076 carmina
665 2039 698 2076 ex
724 2025 846 2077 versibus
875 2027 952 2077 unius
977 2027 1098 2090 generis,
1128 2027 1213 2090 iisque

124 2124 177 2164 non
205 2112 279 2161 nexis
305 2110 487 2160 constiterunt.
529 2108 580 2159 Sed
606 2121 669 2160 cum
694 2110 783 2174 po'esis
808 2123 841 2159 ex
867 2111 936 2173 epici
962 2109 1086 2160 carminis
1112 2111 1215 2173 magni-

124 2193 216 2245 tudine
239 2197 265 2244 et
290 2195 419 2258 gravitate
439 2193 475 2244 ed
500 2193 624 2245 breviora
641 2196 669 2243 et
694 2193 813 2244 tenuiore
831 2195 986 2258 argumente
1008 2191 1214 2252 transferretur,

124 2291 253 2330 numeros
276 2290 384 2342 quoqne
407 2280 469 2342 apte
493 2275 580 2341 aliqua
599 2275 784 2340 complexione
802 2275 923 2328 concludi
940 2275 1089 2341 oportebat.
1120 2278 1156 2326 lte
1174 2277 1216 2326 in-

124 2363 196 2414 venti
218 2364 281 2412 sunl
303 2362 397 2425 epodi,
424 2374 539 2426 quornm
563 2359 775 2424 antiquissimum
798 2373 883 2424 genus
905 2361 993 2412 versui
1018 2361 1127 2412 heroico
1149 2360 1215 2412 suh·

123 2448 224 2497 iccium
241 2446 335 2497 hebuit
351 2448 549 2510 pentametrum
567 2459 600 2496 ex
618 2445 723 2496 duabus
741 2445 842 2496 heroici
859 2445 979 2510 pertibus
998 2446 1110 2504 lactum;
1130 2458 1215 2508 eaque

123 2531 287 2581 consociatio
311 2543 409 2581 nomen
432 2533 510 2580 nacte
534 2531 575 2580 est
597 2530 722 2580 carminis
739 2529 857 2593 elegiaci.
893 2529 1014 2580 Excoluit
1030 2530 1099 2578 lianc
1114 2528 1217 2594 epodo-

123 2625 190 2664 rum'
203 2615 335 2665 retionem
353 2615 467 2665 maxime
484 2613 673 2674 Archilochus,
701 2627 772 2664 nnnc
789 2615 858 2664 duos
880 2613 1014 2678 simplices
1037 2625 1133 2662 versus
1150 2624 1217 2662 con-

123 2697 245 2758 socians,
264 2701 307 2748 nt:
327 2693 423 2769 Πάτερ
439 2694 595 2762 Λυκάμβα,
614 2703 700 2749 ποῖον
716 2699 837 2769 ἐφράσω
854 2695 936 2756 τόδε;
954 2699 1003 2760 Τις
1015 2693 1070 2759 σὰς
1081 2693 1217 2767 παρήιιρε

122 2783 249 2852 ceptrum
269 2795 340 2832 nunc
357 2783 476 2848 priorem
493 2795 597 2846 ponens
609 2786 808 2844 asyncretum,
827 2786 868 2833 ut:
889 2785 975 2844 Τοῖος
991 2777 1046 2851 γὰρ
1058 2776 1215 2845 φιλότητος

123 2861 198 2938 iper
224 2859 282 2918 tud
304 2863 423 2938 καρδίην
445 2865 577 2928 ἐλυσθεὶς
600 2863 717 2931 Πολλὴν
742 2866 803 2916 κατ’
819 2859 912 2926 ἀχλὺν
933 2859 1074 2930 ὀμμάτων
1098 2856 1215 2924 {zetam

124 2963 196 3000 nunc
213 2951 402 3014 posteriorem,
427 2953 457 3000 ut
473 2953 515 3002 est
531 2951 557 3000 in
575 2951 627 3001 hoe
644 2951 745 3001 Horatii
764 2951 855 3014 (Epod.
876 2950 941 3011 t3.):
961 2949 1072 2998 Horrtde
1088 2953 1219 3010 tenpestas

124 3034 224 3085 coetum
240 3035 383 3096 contrusit,
410 3040 433 3084 et
458 3035 549 3084 imbres
564 3035 688 3096 Nivesque
710 3035 833 3084 declament
857 3035 952 3092 lovetot,¹
978 3047 1045 3082 nunc
1065 3045 1137 3082 more
1152 3045 1220 3081 nunc

122 3119 216 3180 atnoe,
235 3130 306 3168 nunc
324 3119 480 3181 utrumque,
500 3119 522 3168 si
540 3118 649 3182 quidem
667 3117 693 3166 id
711 3117 764 3166 iam
782 3116 970 3178 Archilochus,
990 3119 1018 3166 ct
1034 3129 1087 3167 non
1102 3115 1144 3166 alii
1156 3117 1220 3180 post

123 3215 189 3253 eum
205 3203 383 3252 instituerunt.
414 3203 451 3251 lta
469 3201 494 3251 in
513 3201 564 3251 hoc
583 3201 738 3251 Simonidis:
765 3197 894 3251 Πολλάκι
910 3195 946 3266 δὴ
964 3197 1060 3267 φυλῆς
1074 3193 1216 3264 Ἀκαμαν-

124 3284 204 3349 τίδος
221 3285 253 3335 ἐν
269 3287 403 3355 χοροῖσιν
424 3273 510 3355 Ὧραι
525 3278 717 3348 Ἀνωλόλιιξαν
740 3281 934 3356 κισσοφόροις
950 3283 997 3336 ce
1013 3279 1216 3353 διθυράμβοις.

123 3373 156 3422 Ει
173 3372 202 3419 ut
219 3369 306 3420 minor
322 3381 417 3419 versus
434 3367 620 3434 praecederet,
640 3370 685 3433 qui
697 3369 791 3432 proodi
804 3367 892 3432 potius
908 3371 1050 3428 vocentur,
1069 3367 1152 3432 Epod.
1168 3368 1211 3417 tt:

122 3455 201 3515 Petit,
228 3453 297 3504 nihil.
314 3467 353 3504 nte
378 3454 441 3503 sicot
466 3457 542 3503 oneo
567 3454 637 3503 iuvat
654 3453 768 3504 scribom
788 3453 937 3514 versiculos,
963 3465 1051 3502 ornere
1073 3464 1218 3512 percueret

121 3538 225 3605 provi.»
259 3538 412 3588 limuisses
438 3535 521 3588 Elem.
540 3536 625 3586 doctr.
645 3539 723 3587 metr.
742 3550 769 3601 p.
791 3537 848 3586 670.

189 3622 303 3674 Maxime
325 3633 389 3686 pars
413 3621 510 3671 horum
532 3619 688 3684 Epodornm
705 3619 798 3670 reterri
816 3619 898 3670 dehet
915 3620 950 3669 ad
973 3631 1059 3683 genus
1076 3617 1154 3679 illud,
1181 3620 1216 3670 de

123 3720 179 3772 quo
196 3707 253 3771 ipse
270 3706 336 3756 dixit
358 3705 425 3770 Epp.
445 3707 472 3765 t,
493 3705 538 3764 ts,
557 3703 603 3754 23:
631 3705 719 3754 Portos
735 3718 780 3768 epo
801 3704 901 3766 ριιιιιιιι
917 3703 1012 3754 latntes
1029 3705 1129 3754 Ostendi
1144 3705 1218 3754 totio

122 3803 241 3841 macrus
257 3790 403 3849 animosque
420 3793 516 3838 ιοοιιιιιι
532 3787 683 3849 Archilochi,
701 3803 752 3838 non
768 3801 808 3838 rer
818 3793 842 3837 et
858 3787 961 3851 opertio
974 3787 1051 3838 verbo
1067 3788 1215 3850 Lycamben.

124 3873 271 3938 compositi
289 3873 379 3922 autern
397 3874 459 3922 sunt
476 3871 536 3922 inde
555 3871 589 3922 ab
607 3886 631 3922 a.
651 3887 677 3922 n.
697 3885 720 3923 c.
737 3872 793 3922 7⁴3.
826 3871 909 3936 (Epod
927 3871 977 3933 to.)
995 3885 1081 3936 usqne
1100 3873 1134 3923 ad
1152 3886 1175 3922 e.
1190 3885 1215 3920 n.

124 3974 148 4012 c.
168 3956 227 4009 ist.
247 3957 302 4021 (Ep.
321 3957 345 4006 ι.
366 3957 405 4006 il.
421 3957 521 4006 l'rnnke
538 3971 564 4021 p.
579 3955 646 4020 ιιι.)
682 3957 718 4006 Ex
731 3955 821 4006 verbis
840 3955 905 4020 Epp.
920 3957 947 4016 i,
963 3955 1006 4015 lt),
1019 3955 1059 4005 23.
1078 3957 1152 4020 patet
1169 3955 1217 4004 has

124 4042 231 4106 eclogas
248 4043 312 4092 satis
325 4041 429 4090 mature
441 4039 475 4090 ab
492 4043 549 4104 ipso
560 4044 640 4105 poeta
653 4040 751 4101 ediles,
770 4053 822 4090 non
836 4039 945 4090 demum
958 4041 1018 4103 post
1030 4039 1087 4090 eius
1102 4040 1216 4089 mortem

123 4125 331 4190 agrammatico
354 4123 442 4188 aliquo
466 4123 591 4176 collectas
611 4137 687 4184 esse,
715 4127 743 4174 nt
761 4123 870 4188 qnidam
887 4123 936 4173 rati
961 4125 1037 4179 sunt;
1064 4135 1125 4172 narn
1144 4122 1218 4186 quod

123 4211 217 4261 dicunt
235 4207 358 4260 nonnulla
377 4209 496 4260 carmine
513 4207 645 4260 liberioris
662 4207 769 4272 spiritus
787 4207 842 4272 (Ep.
857 4208 880 4258 7.
896 4211 923 4257 et
940 4207 990 4267 lii.)
1020 4219 1051 4256 ac
1069 4203 1111 4254 vel
1128 4205 1216 4268 ipsum

125 4297 241 4346 Carmen
259 4294 283 4342 9.
302 4295 413 4356 propter
436 4293 543 4342 nimiam
567 4293 600 4346 ll.
619 4292 722 4342 Antonii
747 4292 970 4356 vituperationem
989 4289 1043 4348 (cir.
1062 4289 1097 4338 ad
1117 4287 1165 4338 Od.
1186 4290 1215 4352 l,

123 4379 175 4440 37.)
194 4375 336 4442 displicere
362 4374 488 4428 debuisse
511 4381 631 4440 Augusto
652 4377 679 4425 et
701 4375 858 4435 Maecenati,
886 4388 939 4424 non
965 4377 1006 4423 est
1031 4373 1151 4436 proiecto
1168 4385 1217 4423 cur
