3012 4978
652 391 781 442 llORA'lll
799 391 968 444 cauturium

482 545 583 611 Maius
607 545 821 614 Echioniaeve
843 546 980 614 Thebae.

394 705 517 771 Marses
540 704 716 792 prolundo:
742 703 907 792 pulchrior
930 706 1028 785 exiet;

392 828 543 892 Luctere:
568 825 666 892 multa
688 836 821 912 proruet
843 827 1003 914 integrum

437 947 517 1014 Cum
540 947 636 1014 laude
657 947 814 1015 uictorem
839 958 997 1037 geretque

480 1067 606 1136 Proelia
628 1069 820 1156 coniugibus
842 1068 1014 1157 loquenda.

391 1227 576 1316 Karthagini
598 1228 661 1294 iam
683 1248 747 1293 non
769 1249 831 1316 ego
857 1229 985 1296 nuntios

332 1371 372 1420 os.
392 1373 489 1422 Merme
500 1369 552 1420 Scd
564 1372 591 1422 et
601 1369 684 1420 Bentl.
698 1368 832 1434 plerique,
850 1373 950 1422 hierace
960 1373 988 1421 T.
1011 1372 1050 1458 (ψ
1061 1385 1122 1433 noS,
1140 1371 1238 1436 nupt,
1254 1377 1323 1426 Pott.

298 1445 435 1510 quinque.)
457 1473 484 1482 -
503 1446 583 1495 eiecit
603 1444 717 1496 BbSTcd
734 1447 762 1495 et
778 1444 861 1496 Codd.
878 1445 987 1496 Bentleii
1007 1460 1040 1497 ac
1059 1447 1187 1510 Pottierii,
1207 1449 1280 1500 LCtF
1297 1453 1325 1500 et

298 1519 381 1571 Bentl.
403 1520 477 1584 (exiet
492 1533 507 1570 e
525 1533 595 1570 corr.
614 1520 673 1570 Vat.
692 1521 711 1570 L
732 1520 759 1569 et
775 1518 832 1570 aliis
851 1519 895 1584 (i)
913 1520 986 1585 apud
1002 1521 1093 1571 Valeri
1109 1523 1244 1594 Heinelre,
1263 1527 1325 1588 post

299 1608 348 1646 nos
371 1595 450 1645 etiam
476 1595 560 1659 lehn.)
581 1623 608 1632 -
628 1595 668 1645 66,
687 1597 797 1645 Ducam
813 1596 842 1644 T.
866 1621 895 1630 -
915 1596 1018 1656 proruit
1042 1592 1123 1660 Τ,βξ,
1150 1611 1191 1661 pr.
1213 1597 1231 1647 d
1250 1599 1324 1660 (reti-

300 1671 394 1720 nentes
411 1669 546 1734 paretque),
567 1669 651 1720 Bentl.
676 1695 702 1705 -
725 1669 765 1719 67.
783 1670 896 1733 peritque
912 1664 954 1732 δξ,
972 1669 1116 1722 Bentleius.
1137 1672 1232 1734 (Nostri
1249 1673 1323 1736 non.)

301 1772 327 1779 -
347 1743 387 1794 69.
405 1745 557 1808 Karthagini
575 1745 670 1808 scripsi
688 1757 751 1794 cum
767 1744 795 1794 b.
815 1743 958 1808 (Cortogiei
975 1743 1014 1805 Τ.)

267 1865 341 1916 conis
363 1863 431 1916 illius
449 1863 574 1915 dentibus
591 1867 712 1915 ortorum
729 1877 791 1915 cum
829 1863 936 1914 Tertull.
960 1865 1020 1915 adv.
1038 1865 1095 1916 lud.
1115 1867 1170 1928 l3.,
1188 1869 1270 1919 redies
1284 1869 1359 1933 apud

267 1941 394 2006 quattuor
415 1938 472 1989 aliis
497 1941 558 2003 post
582 1951 700 2003 pugnam
723 1939 792 1989 inter
828 1937 905 2002 Apul.
919 1939 981 1990 Met.
993 1953 1053 2003 pag.
1067 1939 1360 2002 litt.,ublvid.Hilde-

267 2013 362 2064 iratres
391 2015 542 2078 superstes,
572 2025 656 2076 gener
683 2012 790 2073 Cadmi,
828 2012 923 2063 brand.
951 2013 1004 2064 Cir.
1025 2016 1106 2066 etiam
1124 2017 1248 2068 Huschke
1265 2019 1300 2068 ad
1317 2020 1360 2070 Ti-

266 2101 348 2151 quem
365 2088 392 2137 in
409 2087 507 2138 Thebis
522 2086 670 2138 condendis
683 2086 790 2148 adiuvit,
828 2085 893 2137 bull.
905 2085 964 2138 Vol.
977 2089 1002 2138 i.
1014 2101 1074 2152 pag.
1088 2091 1145 2140 707.
1161 2115 1188 2127 -
1201 2099 1310 2155 montet
1320 2095 1360 2143 in·

266 2166 370 2226 rigares
400 2163 526 2224 maritus,
561 2162 672 2213 Penthei
705 2163 790 2226 pater.
829 2159 939 2225 tequea]
963 2166 1132 2226 «prosternet
1153 2166 1261 2217 hostem
1283 2166 1359 2219 illae·

268 2236 388 2301 Apollod.
402 2237 430 2299 3,
444 2236 469 2298 l,
484 2239 507 2288 t.
527 2237 601 2288 ovid.
616 2239 677 2289 Hel.
690 2237 719 2296 3,
733 2236 790 2286 tit.
829 2249 903 2296 sum,
920 2237 965 2300 qui
977 2235 1065 2301 paullo
1077 2241 1138 2290 ante
1150 2241 1259 2292 iamiam
1270 2244 1359 2294 victe-

300 2313 340 2361 65.
367 2311 473 2376 Heres]
501 2313 546 2362 nsi
564 2313 704 2374 merseris,
730 2310 794 2361 licet
829 2311 884 2361 riae
904 2313 994 2362 certus
1012 2314 1095 2362 erat.»

268 2397 372 2436 merses
389 2387 416 2435 in
433 2385 486 2436 alto
502 2389 583 2448 meri,
608 2385 744 2450 pulchrior
761 2398 793 2434 ac
862 2385 902 2435 68.
922 2387 1068 2450 coetopitue
1083 2389 1214 2456 toqumdu]
1235 2390 1287 2442 «de
1300 2394 1358 2456 qui-

268 2459 360 2508 iortior
376 2459 482 2510 exibit.»
501 2461 590 2510 Lectio
601 2459 791 2511 memmanullc
828 2459 880 2511 bus
898 2463 1024 2524 coniuges
1046 2465 1226 2516 Romanorum
1250 2469 1278 2515 et
1295 2481 1358 2518 cum

267 2531 348 2582 modo
374 2532 436 2582 ierri
457 2534 554 2598 potest.
584 2535 704 2599 Oportuit
720 2536 792 2585 enim
829 2533 888 2585 filiis
906 2537 934 2584 ot
950 2536 1020 2586 inter
1036 2549 1065 2587 se
1083 2550 1146 2588 cum
1162 2537 1299 2604 voluptate
1317 2541 1358 2590 iu-

266 2619 362 2667 mersc,
382 2619 435 2656 non
451 2621 555 2670 merm,
582 2621 644 2659 cum
661 2608 794 2658 referatur
830 2613 924 2673 sieque
950 2608 1103 2673 gloriatione
1125 2613 1209 2663 verba
1232 2614 1355 2666 iaciant..

268 2680 303 2730 ad
320 2681 464 2731 caecet„
484 2684 574 2732 Bnnru.
594 2683 691 2734 Contra
709 2685 735 2733 in
747 2697 790 2734 vv.
830 2683 925 2734 salust.
945 2685 986 2734 Fr.
1005 2685 1063 2736 sot.
1082 2699 1109 2750 p.
1127 2687 1185 2737 ior.
1204 2687 1292 2738 Gerl:
1311 2690 1357 2739 Hi-

268 2757 361 2806 Herses
372 2759 399 2806 et
411 2757 515 2806 Luctare
530 2758 607 2821 aptus
619 2761 660 2809 est
678 2757 793 2822 paralle-
829 2759 915 2820 sporus
935 2772 990 2808 moe
1012 2759 1074 2822 suit,
1099 2765 1128 2810 ut
1150 2762 1177 2810 ie
1193 2761 1259 2812 belle
1274 2767 1357 2814 Μᾶ-

267 2829 370 2882 lismus.
392 2859 419 2868 —
434 2831 574 2896 pulchrior]
592 2845 673 2898 saepe
692 2833 725 2885 de
743 2834 793 2884 he-
830 2833 875 2882 tur
899 2833 1028 2883 iuvenibus
1048 2840 1185 2896 peraratum
1208 2837 1280 2899 facto
1304 2851 1357 2889 me-

267 2906 372 2966 roibus,
399 2919 513 2970 quorum
538 2908 625 2958 lorma
648 2910 674 2958 in
698 2910 792 2974 pugnis
829 2913 993 2958 mmmm·
1003 2909 1158 2961 ermetem.
1176 2911 1250 2962 Haec
1259 2915 1358 2964 rectior

267 2982 351 3032 enitet
371 2983 451 3044 atque
474 2983 618 3046 conspicua
640 2985 694 3044 est,
722 2985 793 3047 Virg.
830 2983 1012 3048 interpretatio
1029 2997 1110 3048 quam
1140 2985 1162 3049 ll
1182 2987 1357 3051 «coningibus

268 3059 333 3106 hen.
352 3057 381 3116 7,
401 3057 462 3106 656:
484 3061 554 3107 sutae
569 3059 674 3108 Hercule
687 3059 793 3121 pulchre
831 3057 1088 3122 Karthaginiensium
1110 3057 1281 3124 loquenda-3
1308 3075 1357 3128 pm

269 3129 309 3193 (al.
329 3145 361 3181 ex
383 3130 463 3195 gloss.
481 3131 552 3197 sorti)
572 3133 677 3183 Patioher
691 3135 793 3184 Auenti·
830 3145 883 3196 qua
901 3133 1016 3183 afferunt
1030 3131 1123 3185 Catull.
1137 3135 1182 3196 iil,
1201 3135 1264 3187 tte:
1289 3137 1359 3188 illies

267 3221 322 3256 eur.
352 3205 391 3256 lb.
417 3219 441 3256 ν.
467 3207 532 3258 iot:
561 3208 689 3271 Hippolyti
709 3209 794 3271 proles
831 3207 954 3270 (Achillis)
976 3210 1090 3272 agripius
1108 3210 1213 3260 oirtrrtes
1236 3212 1359 3276 cleroque

264 3281 437 3344 puhteeima
454 3281 529 3344 bello,
551 3281 655 3333 Virbius.
677 3307 704 3318 -
719 3282 792 3348 aciat]
829 3281 901 3344 [octe
916 3283 997 3345 Saepe
1011 3283 1157 3345 fetehuutrer·
1176 3291 1317 3347 maroam
1332 3289 1358 3338 ie

270 3358 380 3422 Propter
398 3355 605 3421 parallelismum
622 3359 793 3409 statuendum
829 3357 1038 3420 [semermes
1067 3357 1169 3408 Verum
1190 3360 1213 3411 ei
1234 3360 1288 3411 hoc
1309 3375 1359 3411 vo·

269 3432 311 3482 est
327 3431 478 3482 archaismo
495 3433 522 3482 h.
536 3431 553 3482 l.
566 3445 646 3484 usum
658 3445 720 3484 esse
731 3438 795 3498 poe·
830 3428 923 3482 luisset
939 3433 1031 3495 poeta,
1061 3444 1149 3483 nonne
1171 3436 1357 3497 querimoniae

269 3508 336 3564 tarn;
361 3519 423 3556 narn
444 3519 520 3571 seqq.
543 3507 629 3557 lutura
649 3508 712 3558 satis
733 3520 794 3558 mu·
832 3507 860 3556 et
874 3504 962 3556 luctus
978 3507 1144 3558 mentionem
1161 3509 1299 3560 iniecisset
1315 3509 1357 3561 vel

269 3581 378 3628 utuntur
400 3578 434 3630 ab
457 3581 565 3645 optimis
588 3581 673 3633 Codd.
693 3583 794 3634 Mature
831 3594 884 3631 uno
901 3579 1042 3648 ἐπιθέτῳῖ
1066 3581 1091 3646 2)
1111 3595 1141 3633 «a
1158 3582 1287 3634 militibus
1304 3587 1357 3636 lio-

270 3655 374 3713 autem,
393 3653 569 3706 utveluostri
582 3657 667 3706 Codd.
680 3657 795 3708 demon·
832 3656 917 3706 manis
942 3655 1053 3706 domum
1076 3655 1219 3720 aliquande
1239 3659 1357 3710 reversis

271 3727 369 3788 strant,
388 3731 558 3780 Grammatici
570 3732 636 3791 hoo,
654 3735 684 3783 ut
700 3733 795 3797 opina·
832 3730 964 3780 narranda
986 3731 1042 3781 suis
1063 3731 1253 3796 coniugibus»,
1280 3735 1354 3784 ovid.

271 3799 382 3860 bantur,
401 3815 485 3853 naevo
507 3805 644 3856 Horatium
659 3805 795 3869 liberaturi
833 3807 894 3856 Her.
909 3808 938 3867 l,
956 3805 999 3856 ³0:
1017 3807 1358 3871 Numntitcooiempndct

270 3875 795 3941 interpolerunteoenit,quodtamenhac
832 3881 864 3930 eb
880 3893 924 3930 ere
938 3881 999 3930 ciri.
1028 3880 1080 3930 Sed
1092 3880 1162 3930 hauc
1173 3894 1282 3945 quoqne
1294 3895 1357 3933 sen-

272 3949 463 4013 significatione
490 3954 534 4014 (ne
555 3952 687 4017 prolundo
710 3967 796 4005 emer
832 3956 942 4005 tentiam
951 3956 1009 4006 sine
1017 3953 1099 4006 dubio
1108 3954 1204 4006 clarius
1213 3959 1358 4021 expressis-

272 4025 320 4087 git,
349 4023 469 4088 exsilit»)
488 4027 561 4077 omni
579 4027 702 4091 exemplo
723 4034 797 4081 caret
833 4031 875 4080 set
886 4030 1021 4090 Horatius,
1034 4032 1064 4080 ut
1074 4030 1137 4080 lecit
1147 4029 1304 4082 Theocritus
1317 4033 1354 4090 ti,

272 4113 303 4150 ac
321 4111 405 4164 prope
418 4101 500 4163 cogit,
520 4103 652 4152 utcontra
666 4099 796 4156 librorum
833 4105 873 4155 86.
893 4105 918 4155 in
931 4105 1064 4154 contraria
1075 4107 1147 4155 sorte
1159 4107 1310 4156 Poenorum
1321 4105 1354 4155 ab

272 4175 457 4226 auctoritatem
470 4177 495 4227 iu
507 4189 583 4242 seqq.
597 4189 705 4241 quoque
716 4193 797 4245 prae·
834 4179 947 4230 Hierone
964 4180 1141 4230 devictorum:
1159 4177 1254 4241 φίλων
1263 4175 1355 4250 μόρον

271 4251 355 4300 sentia
378 4251 546 4315 recipiamus.
573 4252 649 4302 Hoiet
665 4255 707 4304 est
724 4255 797 4320 apud
833 4247 1020 4320 ἀγγελέοντας
1037 4254 1154 4317 ravon
1175 4247 1220 4320 ἧδ’
1237 4248 1353 4316 ἀλόχοι-
