2992 4978
546 431 604 480 Llll.
623 432 665 480 lll.
702 431 730 480 C.
750 431 815 481 xlv.

315 585 415 652 liorte
438 584 585 652 venalem
606 586 740 674 petiisse
762 585 888 651 leurum

312 708 432 774 Cacsar
453 707 594 795 Hispana
618 708 733 794 repetit
755 717 887 795 penates

396 830 503 895 Victor
524 829 564 896 ab
587 850 653 896 ora.

313 987 411 1054 Unico
434 987 579 1074 gaudens
601 986 716 1054 mulier
737 989 850 1054 marito

308 1108 446 1175 Prodeat
468 1109 559 1175 iustis
581 1119 713 1196 operate
736 1111 853 1186 sacris,

204 1299 227 1348 o.
247 1297 326 1360 tentis]
342 1299 417 1347 costis
434 1296 567 1348 Bentleius
585 1301 653 1350 coni.
669 1325 696 1334 —
709 1298 796 1363 scorta]
814 1299 877 1347 divis
894 1298 1057 1358 srdnctri.
1078 1301 1117 1363 (Ut
1129 1313 1190 1360 noe,

172 1371 241 1434 Bbc,
260 1379 371 1438 γικχψ,
386 1385 442 1422 ver.
461 1370 522 1422 lect.
540 1388 577 1436 μ,
596 1371 686 1423 Bland.
707 1373 774 1435 duo,
794 1375 859 1424 Pott.
879 1377 1023 1437 quattuor,
1041 1373 1134 1436 ilenti.)

140 1538 205 1590 liele
224 1537 342 1589 nonnulli
358 1539 397 1589 sic
413 1539 576 1604 interpretati
593 1542 662 1599 sunt,
699 1541 761 1590 stitit
785 1541 831 1590 itio
854 1541 918 1590 otro.
955 1542 997 1592 Sic
1015 1543 1088 1591 certe
1109 1545 1222 1606 poetae:

140 1611 234 1663 laisum
252 1611 395 1676 aliquando
412 1613 447 1663 de
464 1615 574 1676 Augusti
590 1613 664 1664 obitu
700 1615 778 1678 quid,
797 1615 869 1679 quod
880 1617 949 1666 Livia
963 1617 1020 1679 ipsa
1031 1616 1102 1680 apud
1114 1617 1225 1667 Dionem

139 1688 238 1738 Romae
269 1701 392 1752 sparsum
423 1701 482 1740 esse
508 1701 663 1750 rumorem,
701 1691 775 1740 Cass.
794 1689 841 1750 58,
860 1691 883 1740 2.
915 1691 1003 1740 semet
1019 1691 1076 1755 ipsa
1097 1684 1225 1761 ἀκριβῶς

139 1761 238 1812 inducti
265 1761 355 1812 verbis
380 1763 471 1814 Dionis
487 1763 534 1824 53,
555 1763 605 1814 ²5:
631 1756 664 1812 ἔκ
700 1761 914 1834 σωφρονοῦσαν
925 1764 1005 1814 dicltt
1025 1765 1074 1824 Qui
1090 1767 1164 1816 ootco
1182 1767 1225 1816 in-

138 1831 236 1888 τετοῦ
255 1833 664 1909 καμάτουκσὶέκτῶνφρον-
700 1841 837 1902 terpretati
862 1842 925 1890 sunt
953 1838 1108 1902 «singulari,
1144 1853 1225 1904 prae-

138 1909 221 1962 rtdov
250 1907 385 1977 νοσήσας
421 1910 451 1974 ἐς
487 1906 665 1982 Ταρῥάκωνα
700 1915 892 1975 stentissimo,»
906 1927 958 1964 non
969 1913 1094 1965 viderunt
1104 1929 1148 1965 vv.
1161 1915 1225 1965 riori

137 1979 307 2058 ἀνεχώρησε
333 1987 384 2036 καὶ
417 1985 479 2038 ἐκεῖ
511 1980 663 2058 ἤῤῥώστει.
700 1989 769 2038 dede
799 1989 852 2038 hoc
882 1989 1025 2053 exceptura
1054 1989 1135 2040 luisse
1162 1991 1225 2040 satis

138 2062 169 2124 (e.
191 2076 218 2111 u.
241 2075 267 2112 c.
288 2062 355 2125 729.)
373 2063 475 2112 lionam
485 2062 665 2113 valetudinem
699 2075 827 2127 perverse
845 2075 894 2126 per
910 2060 1038 2127 κλίμακα
1052 2065 1179 2115 emeiore
1191 2064 1225 2114 ed

138 2148 316 2200 recuperasse
328 2136 434 2186 videtur
446 2136 556 2188 demum
569 2151 593 2187 e.
606 2137 662 2192 730,
701 2138 797 2187 minus.
833 2139 974 2187 Praeterea
987 2139 1077 2187 nescio
1089 2138 1225 2200 quomodo

138 2211 203 2262 Vide
221 2211 325 2262 Frnnlre
343 2213 411 2262 Fest.
431 2213 493 2262 lior.
511 2225 537 2275 p.
558 2211 614 2262 tut.
702 2210 880 2261 recentiorum
891 2209 1039 2273 linguarum
1052 2210 1169 2261 indolem
1180 2225 1226 2262 re-

169 2286 193 2336 3.
212 2287 310 2337 &eser
323 2284 666 2349 Hiapoooceticompnre-
701 2285 753 2335 lert
777 2282 853 2345 illud,
884 2286 1007 2346 «micus,
1038 2285 1135 2348 idest,
1162 2299 1225 2351 per-

137 2359 386 2410 tiosistendaintra
404 2358 515 2410 limitem
531 2372 612 2423 supra
628 2361 667 2410 in·
702 2359 800 2420 iectus,
828 2359 950 2422 egregius
974 2361 1107 2410 meritust
1153 2361 1226 2412 Unice

139 2433 273 2494 dicatum;
291 2435 446 2498 neutiquam
457 2447 522 2484 vero
535 2447 597 2486 cum
609 2434 665 2485 nliis
701 2435 792 2483 autem
807 2435 934 2496 paudere,
962 2436 991 2484 ut
1007 2447 1100 2486 rursus
1117 2433 1159 2486 alii
1177 2450 1225 2486 vo-

137 2511 174 2559 sic
191 2508 381 2559 extendenda:
406 2511 451 2559 «ut
467 2507 595 2560 Hercules
613 2513 665 2560 Ge·
701 2507 819 2570 luerunt,
839 2508 987 2572 significare
1005 2511 1111 2574 nequit,
1137 2523 1225 2574 neque

135 2596 223 2646 ryone
250 2583 410 2647 interempto
436 2597 468 2633 ex
490 2583 615 2648 Hispania
638 2586 664 2635 in
701 2585 814 2646 ditectio,
833 2586 862 2634 nt
878 2585 914 2634 ait
930 2584 1063 2644 Bosscha;
1093 2598 1143 2636 nec
1159 2599 1225 2636 vero

136 2657 241 2708 italiam
258 2660 382 2719 venerat,
401 2658 435 2707 ite
447 2659 546 2709 Caesar
557 2672 664 2724 quoque
701 2657 847 2722 quidquem
859 2659 963 2718 rustici,
976 2661 1006 2708 ut
1017 2660 1141 2722 opinatur
1151 2659 1227 2710 Eich-

136 2730 204 2784 illinc
234 2743 306 2782 nunc
330 2733 416 2792 venit,
444 2732 587 2784 Penatibus
610 2734 665 2784 suis
701 2733 817 2794 stadius,
836 2734 906 2782 inest
922 2735 948 2783 in
966 2747 990 2782 v.
1009 2735 1138 2797 peomne,
1163 2749 1225 2784 cum

136 2808 286 2859 redditus.»
702 2809 750 2857 sit:
779 2819 863 2870 equae
885 2809 995 2870 propter
1015 2807 1137 2857 intimum
1154 2820 1227 2858 umo-

168 2885 192 2932 ⁵.
230 2881 318 2944 Unico]
349 2881 433 2931 Fuere
451 2882 496 2944 qui
513 2882 565 2931 hoe
582 2882 665 2932 inter·
701 2895 760 2932 rem
785 2882 811 2931 in
838 2894 890 2930 uno
915 2879 958 2930 illo
975 2882 1121 2944 acquiescit
1145 2884 1225 2945 atque

137 2957 310 3019 preterentur
338 2955 372 3005 de
401 2954 524 3006 omnihus
560 2956 665 3006 leminis
702 2969 734 3006 eo
760 2968 823 3004 vore
849 2954 1023 3005 delectatur·
1045 2983 1072 2992 -
1099 2957 1224 3007 Ceterum

136 3030 260 3094 pudicis,
290 3042 352 3079 cum
378 3029 412 3078 ed
433 3030 534 3080 Liviam
556 3031 664 3093 Augusti
702 3029 754 3081 noli
785 3029 938 3080 calumniari
964 3033 1120 3094 propterea,
1154 3031 1226 3095 quod

138 3105 170 3154 ad
194 3101 419 3168 supplicationem
442 3102 631 3154 celebrandam
650 3118 664 3154 e
702 3105 773 3155 Livio
783 3107 861 3153 antea
873 3107 955 3168 nupte
967 3103 1045 3154 luerit
1055 3103 1159 3154 Tiberio
1172 3108 1226 3156 Ne-

138 3177 239 3229 Palatio
255 3177 434 3240 prodeuntem
450 3179 529 3228 unice
545 3179 665 3229 reteren-
701 3179 772 3240 roni,
800 3191 887 3241 neque
909 3191 974 3228 vero
997 3191 1155 3243 comparare
1174 3179 1226 3228 Ce-

138 3254 202 3304 dum
223 3265 285 3302 esse
301 3251 469 3302 demonstret
485 3253 607 3304 Octaviae
624 3267 667 3304 so-
702 3251 756 3304 tulli
774 3254 819 3314 29,
838 3253 884 3302 tt:
914 3252 1054 3314 Imperator
1075 3254 1164 3315 uotae,
1191 3253 1225 3303 de

139 3329 207 3378 roris
230 3329 257 3376 et
281 3329 375 3390 postea
392 3329 512 3378 omnium
529 3332 666 3379 matrona·
702 3330 817 3380 Caesare
840 3327 956 3388 dictum,
980 3325 1007 3376 id
1025 3327 1098 3390 quod
1114 3328 1183 3378 inest
1199 3329 1225 3378 in

139 3415 200 3452 rum
213 3401 323 3451 mentio.
357 3401 459 3452 Deinde
471 3403 545 3452 unico
554 3405 667 3468 poemen
701 3417 743 3454 vv.
762 3403 827 3454 clari
844 3403 921 3452 doris.
943 3429 969 3438 -
1000 3402 1120 3468 mereto]
1144 3404 1227 3466 signi-

139 3477 232 3526 motier
255 3477 349 3526 morito
375 3477 416 3526 est
446 3476 524 3540 (quae
556 3477 665 3541 quidem
701 3479 824 3529 ficatione
857 3479 1021 3542 proesentis,
1061 3477 1164 3543 «prodit
1200 3482 1227 3528 et

138 3551 223 3601 virtus
235 3551 299 3601 tune
310 3549 449 3613 singularis
461 3551 539 3613 erati:
555 3553 665 3604 «merito
702 3555 828 3618 operatur
844 3553 953 3604 sacris.»
988 3553 1030 3604 Sic
1047 3554 1117 3617 virg.
1135 3556 1180 3604 Ge.
1200 3554 1224 3612 t,

140 3627 250 3690 proprio
279 3625 433 3689 gaudensn;
467 3624 562 3676 mulier
588 3628 665 3690 igitur
701 3629 767 3679 339:
795 3629 877 3678 Socra
892 3629 959 3691 refer
976 3629 1058 3678 Germ
1075 3630 1146 3678 metis
1167 3641 1226 3692 ope·

139 3699 236 3762 pudice
261 3713 292 3749 ao
308 3703 419 3764 propter
436 3702 521 3763 ipsam
539 3703 666 3753 cestimo-
701 3708 773 3753 ratus
797 3701 977 3766 (sacrificans)
1002 3704 1030 3752 in
1054 3703 1141 3754 hodie
1173 3704 1223 3766 (ci.

140 3775 212 3824 niam
233 3773 328 3837 digna,
352 3787 421 3836 queo
442 3778 534 3825 votum
555 3789 604 3840 pro
621 3791 665 3827 re·
702 3777 828 3840 Wagneri
846 3778 876 3837 Q.
896 3777 927 3825 V.
940 3778 985 3836 29,
1005 3777 1039 3840 3.)
1057 3780 1176 3842 Propert.
1195 3780 1224 3838 2,

141 3849 196 3898 ditu
215 3849 302 3898 meriti
318 3847 404 3899 solvet
420 3850 500 3898 amris
516 3851 599 3912 iretis,
625 3850 666 3902 le·
702 3851 746 3914 33,
765 3853 795 3901 2:
822 3851 929 3912 Optimo
945 3853 998 3902 tom
1013 3857 1096 3902 noctes
1111 3858 1146 3902 est
1167 3865 1226 3914 ope·

142 3923 251 3985 gitimis,
281 3923 328 3973 rite
358 3923 426 3973 initis
449 3926 602 3985 otomatis,
637 3928 667 3976 nt
701 3931 762 3976 roto
779 3927 872 3986 mern,
893 3927 919 3976 id
937 3929 991 3988 est,
1016 3927 1113 3977 archus
1131 3927 1225 3977 divinis

142 3997 178 4047 eit
194 3998 282 4048 Livius
301 3999 328 4060 t,
347 3998 388 4048 iit.
416 3999 486 4049 Suet.
507 4001 597 4050 Oetav.
617 4001 663 4050 62:
702 4014 812 4065 operam
840 4000 943 4060 dedit»,
973 4003 1002 4050 ut
1028 4001 1090 4051 dicit
1112 4002 1166 4052 Cic.
1191 4002 1225 4050 de

142 4073 242 4122 Liviam
261 4071 349 4122 titteoit
370 4078 393 4123 et
409 4073 526 4135 producit
542 4075 614 4126 onice
635 4089 666 4124 oc
702 4077 780 4138 legg.
801 4077 830 4136 l,
855 4076 899 4136 tt,
923 4077 963 4126 26.
987 4074 1079 4126 Tibull.
1099 4078 1127 4136 2,
1147 4077 1174 4135 t,
1194 4075 1223 4124 9:

140 4153 335 4208 perseverante.
371 4148 445 4198 ovid.
468 4149 536 4199 Fast.
558 4151 583 4210 6,
602 4149 664 4200 637:
703 4151 793 4200 θηιυία
809 4153 858 4200 sint
875 4156 979 4212 operato
996 4153 1048 4200 deo.
1073 4151 1111 4213 (V.
1130 4150 1224 4200 Dissen

145 4222 279 4284 Tequopoe
290 4223 438 4287 monciaco,
457 4223 666 4284 meordio,de-
702 4239 729 4289 p.
742 4226 810 4287 eu.)
838 4225 890 4275 Cir.
914 4224 1004 4275 Silium
1022 4227 1051 4286 ἓ,
1074 4224 1135 4275 dli:
1162 4225 1225 4274 Tor-

144 4297 209 4348 dieet
226 4299 286 4349 aede
304 4299 393 4360 Livio,
418 4313 495 4361 quom
514 4313 575 4348 coro
591 4313 666 4362 proe-
702 4305 772 4350 toreo
789 4305 824 4350 est
841 4305 944 4362 operato
961 4300 1021 4349 ioci.
