3078 4978
270 425 330 488 7ut
585 449 588 456 ·
676 425 802 476 uoanru
821 425 948 474 neonou

630 935 970 998 mn·

356 1128 450 1206 Petti,
474 1126 551 1192 nihil
573 1147 625 1193 me
648 1125 731 1191 sicut
753 1133 847 1190 antea
871 1123 958 1188 iuvat

397 1249 547 1316 Scribere
569 1245 748 1314 versiculos
771 1263 881 1310 umore
904 1263 1097 1330 percussum
1119 1245 1229 1329 gravi.

354 1375 486 1446 Amore,
510 1369 565 1457 qui
588 1388 640 1433 me
663 1376 793 1453 praeter
816 1365 1072 1460 omnes-expetit

398 1489 544 1557 Mollibus
567 1490 599 1554 in
621 1488 732 1575 pueris
755 1498 810 1553 aut
832 1485 864 1550 in
886 1484 1002 1573 puellis
1025 1506 1130 1552 urere.

357 1613 416 1680 Hic
437 1611 549 1679 tertius
572 1607 770 1684 December,
795 1629 836 1675 ex
858 1628 924 1694 quo
947 1606 1054 1674 destiti
1171 1636 1176 1642 ·
1340 1609 1358 1667 5

337 1811 379 1862 xl.
398 1811 480 1860 lusor.
499 1807 567 1870 voig.
594 1807 754 1857 tumetium
769 1803 811 1855 vei
828 1805 953 1865 Pmtiuro,
973 1806 1000 1854 et
1017 1805 1056 1854 sic
1067 1817 1091 1853 c.
1107 1827 1135 1840 -
1154 1805 1328 1855 Pectioorruco

308 1899 353 1936 sao
369 1884 477 1934 inuisam
493 1883 538 1933 eibi
553 1883 666 1945 poeticen
683 1893 732 1932 csse
753 1883 780 1930 in
796 1879 892 1930 subdus
909 1880 962 1944 (sic)
980 1893 1038 1930 suos
1052 1880 1233 1942 imperitam
1248 1881 1278 1930 B.
1298 1905 1325 1916 -

305 1961 329 2010 t.
347 1960 412 2009 Paeti
427 1957 533 2018 RSTd,i'
558 1959 619 2020 (non
635 1956 689 2018 be).
718 1979 745 1990 —
773 1956 798 2006 ἲ.
821 1953 968 2016 porcum
984 1950 1042 2018 λμ,
1069 1951 1164 2015 bidus,
1183 1955 1264 2004 LCtF.
1291 1955 1329 2017 [Ut

304 2046 368 2094 nos,
387 2031 512 2092 posted,
530 2031 598 2082 Pott.
618 2032 645 2090 t,
665 2030 714 2092 to.)
735 2055 762 2065 -
790 2026 814 2079 t.
835 2033 881 2078 out
893 2029 981 2091 pueris
997 2025 1116 2079 malebat
1132 2025 1275 2079 Benticius.
1297 2053 1324 2063 -

307 2110 332 2158 5.
352 2107 485 2158 decembris
503 2105 529 2156 d.

305 2284 347 2333 xl.
374 2283 490 2346 Lycisci,
509 2281 586 2346 pueri
602 2282 694 2342 amati,
722 2291 798 2330 arro-
835 2277 986 2344 πληγέντα,
1004 2281 1143 2342 tamquam
1160 2276 1243 2340 dogm
1260 2277 1303 2328 vet
1317 2280 1362 2329 sti·

273 2356 799 2421 gantiaacsuperbiasummoperecom·
836 2351 916 2403 mulo.
950 2351 1100 2404 Archilocb.
1120 2351 1146 2401 in
1163 2351 1301 2416 Epod.Fr.
1320 2354 1360 2402 77.

273 2432 375 2492 motus,
394 2429 516 2481 dolenter
527 2431 623 2491 Pettio,
643 2429 726 2481 sodali
737 2442 796 2488 suo,
834 2428 920 2491 Bergk
937 2441 962 2492 p.
982 2427 1043 2478 tot:
1061 2423 1211 2492 Δύστηνος
1228 2420 1358 2494 ἔγκειμαι

273 2504 707 2568 tuteturmiseramsuamsortem
728 2515 798 2565 quae
836 2498 933 2569 πόθῳ,
950 2495 1098 2566 “Aaronom
1122 2499 1268 2572 χαλεπῇσι
1287 2501 1363 2553 θεῶν

273 2580 363 2643 ipsum
385 2577 513 2628 discussis
536 2576 686 2628 sanioribus
709 2577 799 2627 eonsi—
836 2571 973 2648 ὀδύνῃσιν
1000 2569 1081 2641 ἕκητι
1112 2575 1303 2646 Πεπσρμένινς
1331 2575 1364 2628 δι’

274 2651 315 2702 iiis
341 2654 421 2714 atque
446 2649 674 2714 obiurgationibus
697 2652 799 2701 amico·
837 2645 954 2702 ὀστέων.
991 2650 1081 2714 virgil.
1106 2653 1152 2700 Ge.
1174 2653 1203 2712 Ξ,
1231 2651 1294 2703 t7o:
1322 2655 1364 2702 ta-

273 2739 334 2776 rum
353 2726 477 2776 continuo
495 2725 608 2786 amoris¹
627 2727 655 2775 et
672 2726 730 2775 eius
742 2725 800 2789 qui-
836 2727 904 2790 penti
917 2737 1050 2788 porciam
1065 2738 1160 2775 amora.
1182 2728 1248 2776 Aen.
1261 2728 1287 2789 9,
1300 2727 1363 2778 ⁴77:

274 2801 338 2852 dem
355 2812 451 2864 parum
461 2800 597 2864 prosperi,
615 2796 718 2863 laqueis
730 2799 799 2849 irre-
835 2801 1288 2865 mopnotoudwnpereumuomora,
1306 2815 1366 2852 cer-

275 2877 330 2927 tiot.
359 2877 397 2925 Er
421 2887 521 2924 urrscu.
556 2873 691 2924 Adversus
717 2886 798 2938 quem
836 2875 892 2926 tam
924 2874 1108 2924 auctoritatem
1139 2877 1292 2938 praestante
1315 2877 1366 2926 Lu-

274 2952 363 3015 ipsum
379 2950 555 3012 interpretem
572 2947 649 2999 nohis
666 2947 745 2998 bceat
759 2947 800 2998 ai·
837 2950 902 2999 oret.
922 2950 952 3009 t,
971 2949 1034 2998 927:
1060 2948 1116 2998 ocri
1136 2950 1258 3000 euacua
1279 2950 1365 3012 tim-so

274 3025 396 3084 firmare,
420 3022 508 3073 omnia
529 3023 573 3072 hic
593 3024 647 3073 tam
665 3014 797 3083 iuvenilia,
836 3024 919 3074 leudis
940 3035 995 3085 spos
1017 3035 1113 3086 morra
1136 3035 1220 3073 meum
1243 3037 1303 3086 eor,
1331 3025 1365 3074 m

275 3097 438 3163 praefracta,
456 3110 521 3148 vere
539 3097 655 3148 Romana
668 3109 743 3158 esse,
763 3100 801 3148 at·
836 3099 911 3150 about
926 3099 1029 3148 incussit
1050 3111 1151 3148 suuouu
1167 3099 1203 3148 mi
1227 3100 1255 3148 ia
1276 3105 1366 3162 pactam

276 3185 328 3236 que
346 3171 380 3222 ad
396 3171 476 3222 unius
493 3171 591 3220 Horatii
608 3183 752 3235 personam
763 3172 800 3221 ita
837 3185 949 3222 motu
972 3173 1113 3224 Musarum.
1150 3173 1266 3223 Nimium
1292 3173 1319 3223 b.
1344 3173 1361 3224 i.

275 3245 382 3306 reterri,
406 3246 437 3294 ut
452 3245 539 3294 metro
557 3247 669 3308 excepto
686 3243 756 3294 nulia
774 3245 800 3294 iu
837 3247 907 3297 toret
931 3247 1074 3308 pueram
1100 3245 1166 3296 Cod.
1196 3245 1309 3311 Gucipb.
1336 3251 1364 3298 et

275 3323 332 3372 toto
349 3319 468 3370 carmine
491 3319 553 3370 insit
578 3321 689 3370 imitatio
707 3320 800 3370 Graeci
837 3318 906 3371 tulii
927 3317 945 3369 l.
963 3317 981 3370 l.
1011 3319 1071 3384 (etr.
1090 3321 1195 3370 Lucret.
1220 3322 1249 3382 6,
1276 3321 1362 3384 att),

276 3395 385 3446 alicuius
411 3393 544 3444 carminis.
580 3393 698 3457 Scriptus
722 3393 801 3444 vide·
838 3394 911 3460 quod
934 3394 1030 3445 dicitur
1052 3394 1086 3446 de
1110 3395 1263 3446 vehementi
1290 3398 1361 3452 ictu.

275 3471 319 3520 tur
343 3469 446 3534 epodus
477 3481 547 3519 anno
577 3469 634 3519 72⁰.
667 3467 708 3518 vei
741 3469 798 3518 tut.
837 3469 909 3524 volut
932 3471 974 3520 est
1000 3468 1154 3530 electricus‚
1185 3471 1230 3533 qui
1257 3472 1364 3520 intimos

277 3545 329 3596 Cir.
348 3545 458 3595 Franke.
486 3545 615 3594 itr'rchner
639 3541 739 3594 rettulit
766 3543 801 3594 ad
837 3542 881 3594 vel
905 3544 1024 3608 corporis
1041 3541 1084 3592 vei
1102 3544 1182 3592 animi
1199 3557 1298 3596 nervos
1314 3557 1364 3609 pc-

276 3631 300 3668 a.
322 3619 380 3668 7t't.
838 3619 926 3668 netrat
947 3621 1056 3681 tamque
1078 3619 1176 3668 acriter
1194 3623 1361 3679 commovet,

309 3693 334 3740 t.
352 3693 377 3740 2.
406 3691 476 3755 Pom]
499 3692 541 3742 Sic
559 3703 657 3742 nomen
676 3689 802 3741 scribitur
838 3695 869 3742 ut
884 3705 968 3758 prope
980 3693 1104 3743 attonitos
1119 3706 1168 3744 nos
1185 3693 1289 3744 reddat.
1309 3693 1361 3744 Cir.

277 3765 358 3816 ettam
381 3765 408 3814 in
433 3765 564 3828 inscripti.
583 3779 616 3816 ao
639 3765 761 3815 firmatur
786 3778 801 3813 a
839 3766 923 3831 Epod.
942 3767 972 3827 7,
999 3766 1039 3816 to.
1070 3767 1232 3830 (Pomm
1256 3767 1363 3818 exhibet

276 3839 359 3893 biario
383 3837 518 3887 Victorino
542 3852 569 3902 p.
588 3839 645 3889 2³5.
673 3837 751 3890 Gaisi.
775 3841 803 3888 et
839 3853 901 3891 cum
924 3841 1022 3891 uostris
1044 3839 1109 3892 Cod.
1129 3841 1239 3906 Fraueq.
1259 3843 1286 3892 et
1308 3841 1363 3892 Ιι-

277 3911 353 3965 Atilio
381 3912 568 3962 Fortunatiano
596 3925 624 3976 p.
651 3912 708 3963 362.
735 3912 799 3964 ibid.
840 3914 1086 3966 riusVictorinusl.
1100 3913 1116 3965 Ι.
1137 3915 1190 3967 Cir.
1204 3913 1363 3968 omniunt]-

276 3987 326 4038 alu
336 3987 414 4049 Posti,
432 3987 462 4037 ut
475 3987 579 4048 Vestitu,
601 3986 726 4036 Vettianus
736 4000 800 4051 pro:
839 3988 913 4040 leudi
929 3988 963 4038 ud
981 3989 1036 4040 Cio.
1056 3988 1090 4039 de
1107 3991 1150 4040 Or.
1164 3990 1193 4053 2,
1207 3991 1256 4052 7⁰,
1268 3992 1323 4042 285.
1336 3993 1364 4038 et

279 4061 372 4111 Vettius
396 4063 447 4112 cet.
481 4061 608 4111 Ceterum
632 4060 737 4123 ignotus
761 4063 803 4111 est
840 4066 926 4116 Haase
952 4066 978 4114 in
1003 4065 1092 4115 Dturio
1116 4063 1223 4116 baiensi
1246 4063 1316 4116 tcta.
1334 4077 1360 4127 p.

276 4135 321 4185 hic
333 4135 432 4186 Horatii
449 4133 556 4186 sodalis.
572 4161 599 4171 -
618 4133 733 4184 Scribere
742 4149 802 4184 osr-
840 4138 908 4202 777.)

272 4209 374 4272 sams]
397 4211 455 4261 Non
471 4211 529 4261 siue
548 4207 637 4259 taedio
654 4208 688 4258 de
711 4209 801 4274 priore
873 4211 897 4261 3.
916 4210 941 4262 i.
966 4215 1069 4274 praeter
1084 4210 1178 4275 omnes]
1200 4211 1283 4262 «nitra
1300 4207 1363 4260 aiios

279 4293 328 4331 suo
349 4283 436 4334 studio
456 4284 580 4347 loquitur.
602 4311 629 4320 -
644 4283 800 4348 mmmm]
840 4297 961 4336 omnes·
980 4287 1072 4336 Senon.
1089 4287 1183 4337 Cicero
1195 4285 1363 4351 frequenter:
