3078 4978
558 475 659 528 amun.
700 477 796 528 cauit.
815 477 846 530 Χ.

552 1019 869 1084 cmx.

336 1218 417 1285 Mala
439 1217 544 1286 soluta
568 1220 659 1286 navis
681 1221 746 1288 exit
766 1220 858 1301 alite,

380 1343 500 1406 Ferens
522 1340 662 1408 olentem
684 1341 862 1408 Maeuium:

338 1461 377 1528 Ut
398 1459 537 1528 horridis
559 1472 732 1548 utrumque
753 1462 910 1530 verberes
932 1463 1032 1541 latus,

377 1583 509 1658 Auster,
534 1592 695 1648 memento
718 1581 886 1650 fluctibus!

336 1702 433 1790 Niger
455 1702 608 1770 rudentes
630 1705 735 1770 Eurus
757 1704 887 1772 inverso
910 1708 989 1773 mari

380 1825 579 1912 Fractusque
601 1845 709 1892 remos
731 1823 877 1906 differat;

334 1946 482 2032 insurgat
502 1945 798 2034 Aquil0,'quantns
820 1945 891 2014 altis
915 1950 1077 2017 montibus

230 2144 261 2194 X.
289 2145 370 2195 inser.
388 2143 457 2208 volg.
484 2147 513 2196 In
529 2147 656 2197 uaedam
669 2151 789 2209 poetam,
816 2151 843 2198 et
868 2147 906 2198 sic
924 2161 947 2197 c.
978 2173 1005 2184 -
1035 2150 1146 2200 taetram
1166 2151 1212 2200 atti

197 2219 324 2270 Maenium
341 2221 440 2271 danaim
455 2225 483 2270 ut
499 2221 628 2271 torrmdts
641 2227 775 2284 pratiatur
791 2223 973 2284 tenpestatibau
983 2224 1012 2272 B.
1028 2249 1055 2260 -
1075 2225 1132 2276 0m.
1145 2225 1174 2275 4.
1191 2254 1217 2261 -

200 2294 223 2342 4.
242 2294 312 2343 Maio
328 2294 479 2345 Victorinus
496 2309 523 2359 p.
543 2296 614 2345 ⁴252.
635 2298 663 2346 P.
684 2321 711 2331 -
730 2296 755 2348 t.
772 2297 873 2361 predas
890 2296 955 2347 Ccd.
974 2310 1043 2347 unus
1056 2299 1084 2361 (4]
1103 2297 1220 2360 Vaiartii,

198 2367 262 2418 item
279 2368 447 2420 Burmannus
464 2368 498 2418 ad
515 2368 601 2420 valer.
620 2367 704 2420 Fiacc.
724 2372 756 2432 4,
775 2371 831 2421 639.
853 2396 880 2406 -
900 2372 924 2420 5.
942 2372 1055 2421 radantia
1071 2373 1116 2424 Bc.

198 2545 229 2594 x.
257 2545 326 2595 diris
343 2544 510 2608 naufragium
527 2547 691 2611 imprecatur
728 2558 773 2597 mo
795 2557 913 2609 nequam
937 2545 1037 2611 aliquid
1058 2547 1092 2598 dc
1113 2550 1212 2600 Naevio
1237 2565 1253 2600 a

165 2619 277 2670 Maeuio.
314 2620 449 2670 “Maevius
471 2623 552 2685 potita
576 2621 624 2672 tuit
639 2621 691 2670 ini-
727 2619 861 2674 nobilibus
892 2623 1020 2672 Romanis
1052 2623 1078 2672 in
1115 2637 1254 2675 carcerem

166 2693 252 2744 micus
265 2695 376 2756 Horatii,
395 2695 690 2746 obtrectatcromnium
727 2697 849 2747 coniecto
870 2697 897 2746 et
918 2697 945 2746 in
963 2695 1085 2747 exsilium
1103 2700 1176 2758 acto,
1203 2700 1252 2749 nisi

165 2767 284 2817 virorum
310 2768 464 2830 doctorum,
491 2771 548 2834 ipse
574 2773 691 2820 sectator
728 2783 838 2834 prorsus
860 2769 895 2819 de
916 2784 966 2820 auo
988 2772 1131 2822 ementitus
1154 2774 1202 2822 est.
1224 2800 1252 2810 -

166 2855 264 2892 vocum
281 2843 476 2906 antiquarum.»
504 2845 587 2894 Coun.
609 2845 689 2901 Cnuc.
728 2845 857 2907 Tempus,
877 2855 932 2905 qun
949 2844 1001 2894 hoc
1018 2857 1127 2894 carmen
1145 2858 1255 2914 campa·

121 2919 126 2932 '
166 2919 286 2968 Marcum
296 2915 689 2968 Maevimnvocatdioasacod.
728 2918 808 2968 sitnm
834 2917 882 2977 sit,
910 2915 1013 2967 definiri
1038 2919 1140 2981 nequit.
1177 2921 1255 2970 Anno
1289 2917 1292 2920 ’

168 2991 346 3042 AVanderb.
389 2992 563 3056 «Triumphus
596 2993 693 3042 Caesa·
729 2992 786 3042 746.
805 2991 924 3054 assignat
941 2991 1092 3042 Grotetend.

168 3066 205 3116 ris
228 3064 296 3115 maie
319 3065 484 3129 descripsit.»
514 3065 605 3117 Glosse
624 3066 689 3117 Ccd.
762 3066 833 3115 4-6.
852 3066 1051 3130 Μῶα-44444]
1070 3067 1252 3127 odaiae:

166 3139 339 3190 HVanderb.
359 3142 430 3204 Virg.
449 3139 503 3191 Eci.
523 3141 552 3202 3,
571 3142 617 3190 90:
644 3142 692 3202 Qut
728 3141 800 3190 tiata
816 3140 886 3189 ducta
902 3141 944 3189 avt
961 3141 1069 3190 damma.
1094 3167 1121 3177 —-
1152 3142 1255 3191 Utram-

167 3215 275 3264 Beatum
291 3229 341 3264 nan
359 3215 425 3276 odit,
451 3220 517 3265 amet
534 3219 579 3264 tua
595 3217 692 3266 carmi-
729 3227 776 3276 que
792 3215 859 3265 tatas
875 3215 905 3263 ut
919 3214 1030 3264 antea
1045 3215 1153 3274 Auster,
1173 3227 1255 3279 opor-

165 3303 215 3350 an,
233 3290 326 3338 Maeci.
363 3290 415 3340 Cir.
446 3289 582 3340 Wcichert
606 3291 690 3340 Potitt.
729 3291 768 3338 tet
793 3301 889 3339 navem
916 3302 931 3336 a
956 3286 1072 3351 procella
1100 3288 1253 3352 circumagi.

166 3365 222 3414 Lat.
241 3376 267 3427 p.
287 3364 344 3414 3⁴2.
364 3365 440 3416 Estrd
457 3365 518 3414 tior.
537 3367 578 3414 Pr.
592 3378 618 3428 p.
633 3364 689 3414 404.
729 3363 786 3414 Val.
800 3361 884 3413 Fiacc.
899 3364 929 3422 4,
943 3362 1004 3412 639;
1029 3361 1100 3411 ittam
1117 3361 1164 3410 huc
1180 3367 1257 3424 utputa

166 3436 283 3488 Ridicule
315 3438 348 3488 de
375 3439 476 3488 Maeuia
505 3439 692 3489 Pseudoschn-
729 3439 788 3488 titur
804 3450 871 3487 nanc
888 3443 1006 3499 torquens
1029 3435 1146 3486 44444444
1160 3437 1253 3486 Eurus.

166 3509 240 3563 iiasta
266 3511 347 3562 Ibidis
368 3513 502 3573 Ouidiani,
529 3525 615 3574 aeque
641 3513 692 3561 im·
732 3537 759 3549 -
779 3512 870 3576 Niger]
890 3511 992 3562 «nubes
1010 3522 1136 3573 cogenda
1163 3511 1211 3562 Od.
1226 3512 1253 3572 4,

165 3585 298 3649 pudenter
322 3585 439 3636 mendax
460 3587 540 3649 atque
564 3585 691 3649 Apuleius
729 3589 759 3647 a,
773 3587 802 3636 6:
823 3599 916 3648 aspera
933 3585 1022 3652 Nigris
1033 3597 1147 3646 aequora
1164 3585 1251 3635 venus.

166 3661 277 3721 Osanni,
301 3661 419 3724 scriptor
436 3660 470 3710 de
488 3659 588 3722 origiue
606 3660 691 3722 gentis
729 3663 905 3725 Opponuntur
921 3661 1000 3710 Notas
1017 3659 1089 3708 atam
1108 3658 1157 3709 od.
1177 3661 1207 3718 4,
1229 3660 1253 3718 7,

166 3736 300 3785 Romanae
330 3748 362 3785 ac
388 3734 502 3795 similes,
536 3734 570 3784 ad
588 3747 613 3782 v.
633 3735 690 3784 4444.
730 3735 770 3784 45.
790 3736 818 3784 et
834 3733 935 3784 candidi
952 3733 1057 3784 Favonii
1074 3732 1121 3782 0d.
1139 3732 1169 3793 3,
1187 3733 1253 3790 4,4,

166 3807 234 3859 haec
251 3811 357 3859 narrat:
384 3811 498 3860 Maevius
510 3811 605 3872 poeta,
630 3809 692 3869 pata
730 3809 856 3859 Ceterum
881 3809 976 3858 ventos
1005 3820 1099 3858 omnes
1127 3807 1256 3857 adversas

165 3883 232 3932 mala
256 3882 624 3944 temperamentorum
646 3895 691 3946 pa·
729 3883 755 3931 in
774 3883 912 3932 Graeciam
938 3883 1071 3945 naviganti
1097 3883 1254 3938 enumerat,

165 3962 222 4020 ata,
249 3957 281 4008 ab
302 3957 334 4008 ita
350 3959 377 4006 ta
393 3969 521 4007 caraem
533 3957 631 4020 positae
646 3961 690 4019 eat,
729 3969 782 4006 non
806 3954 957 4016 secundos,
985 3957 1082 4006 Notum
1104 3955 1185 4015 etque
1203 3953 1257 4002 im-

165 4031 445 4095 uttenmsamemori
461 4030 693 4093 [marantetttbroa
730 4031 823 4095 primis
848 4031 956 4094 iapyga.
984 4029 1040 4092 (Od.
1066 4029 1095 4088 4,
1119 4026 1148 4087 3,
1172 4022 1207 4086 i.)
1227 4051 1255 4061 -

165 4107 219 4156 eiua
235 4107 385 4158 demanant.
404 4103 497 4168 attuit,
516 4107 577 4170 quia
590 4107 691 4157 Franke
729 4105 835 4168 4444444]
856 4105 1005 4155 «commoto
1022 4115 1054 4152 ac
1071 4099 1254 4164 perturbato.»

165 4195 193 4244 p.
215 4181 271 4231 434.
298 4179 381 4231 fldem
406 4179 469 4230 huic
485 4179 627 4231 mendacio
645 4180 692 4229 tri·
731 4178 818 4243 4444341.
832 4181 897 4230 Aen.
912 4180 940 4240 4,
954 4177 1001 4229 43ι
1020 4175 1155 4234 wertitque
1165 4185 1257 4234 aequa·

166 4254 257 4306 baisse
282 4255 405 4316 videtur,
432 4257 520 4304 utne
546 4253 691 4317 quisalius
729 4267 763 4303 ra
779 4254 864 4303 444444.
889 4281 916 4288 -
952 4248 1066 4314 dtffwat]
1103 4246 1255 4297 «disitciatm

166 4331 321 4396 decipietur.
340 4329 509 4382 inaudiverat
520 4330 633 4380 tortasse
645 4329 693 4378 ha-
730 4327 814 4392 Epod.
828 4329 857 4388 5,
870 4327 917 4376 99:
935 4324 1047 4376 marabra
1064 4323 1180 4386 4444444444
1192 4321 1255 4383 tapt.
