2986 4974
693 428 822 478 aonam
840 429 1009 481 CARMINUM

475 583 568 649 Sensi
594 583 704 651 relicta
727 606 791 651 non
812 586 896 652 bene
918 585 1081 672 parmula,

516 707 597 774 Cum
619 707 717 773 fracta
738 707 841 773 virtus
863 718 897 773 ot
918 708 1061 774 minaces

556 831 662 915 Turpe
684 827 789 894 solum
810 829 944 916 tetigere
966 839 1083 895 mento.

370 1011 409 1060 ta.
430 1010 524 1072 Turpe!
541 1008 620 1058 sotum
640 1020 703 1058 cum
721 1009 767 1058 Ge.
785 1006 907 1057 Fabricio
924 1007 956 1058 ct
973 1009 1001 1058 at
1017 1007 1100 1058 Beati.

303 1169 381 1218 nibus.
418 1170 455 1217 lta
479 1168 550 1218 enim
571 1167 597 1216 in
616 1163 828 1230 contemplandis
864 1165 974 1216 minime
1012 1164 1200 1216 dissimularet.
1248 1166 1383 1232 Exempla,

302 1244 382 1294 varim
400 1243 546 1292 earundem
564 1254 655 1291 rerum
668 1240 828 1304 imaginihus
865 1251 934 1303 quae
952 1243 1060 1292 secutus
1077 1243 1131 1300 est,
1149 1240 1218 1292 haec
1235 1243 1311 1292 suut:
1340 1245 1385 1292 Ar

303 1317 409 1368 lectoris
419 1319 537 1368 mentem
546 1317 662 1368 retinere
673 1315 825 1366 studebant.
864 1313 1003 1366 chilochus
1015 1313 1086 1378 Eleg.
1097 1316 1138 1366 Fr.
1150 1317 1190 1365 66.
1205 1315 1279 1366 Lieb.
1291 1317 1382 1380 Bergk.

337 1394 377 1442 to.
396 1393 475 1456 Serus]
494 1393 592 1442 sentiro
602 1403 684 1454 saepe
696 1390 730 1441 de
745 1389 828 1441 rebus
864 1404 890 1454 p.
909 1389 970 1440 toa:
983 1384 1094 1441 Ἀσπίδι
1110 1388 1165 1454 μὲν
1181 1389 1277 1440 Σαΐων
1294 1390 1386 1454 (lura-

304 1465 436 1528 molcstis,
455 1468 621 1518 aerumnosis
638 1479 669 1517 ec
685 1466 828 1517 detrimen·
864 1465 921 1515 ciae
945 1463 1058 1554 populus
1082 1465 1135 1528 est)
1159 1479 1202 1528 τις
1225 1457 1384 1532 ἀγάλλεται

305 1545 362 1596 tum
379 1542 552 1594 afferentibus
565 1541 667 1593 dicitur.
686 1542 761 1594 Ovid.
779 1543 830 1593 He·
864 1555 902 1606 ην
913 1534 991 1610 παρα
1005 1535 1108 1608 θάμνῳ
1117 1533 1249 1603 Ἓντός
1230 1536 1387 1606 αμωμηιον

305 1617 372 1668 roid
386 1617 409 1679 9,
430 1616 476 1668 to:
493 1617 593 1668 Arbiter
605 1618 783 1680 sepeciem
774 1631 829 1668 arae
864 1610 1004 1665 κάλλιπον
1029 1609 1083 1665 οὐκ
1108 1612 1229 1676 ἐθέλων,
1255 1610 1386 1678 Aaiuigd'

303 1695 431 1745 Iunonis
421 1695 524 1756 iniquae
534 1695 646 1744 Sentitur
659 1695 830 1756 modestiaque
864 1687 1005 1756 ἐξέφυγον
1027 1686 1158 1740 θανάτου
1179 1689 1275 1754 τέλος·
1302 1683 1387 1753 ἀσπὶς

304 1769 380 1832 toopo
402 1771 470 1818 deae.
496 1770 556 1818 Tac.
576 1769 636 1831 Agr
656 1769 679 1818 6.
705 1771 826 1819 extr.-
864 1763 959 1830 ἐκείνη
967 1759 1096 1836 Eppium·
1115 1761 1229 1828 ἐξαῦτις
1240 1761 1385 1830 κτήσομαι

303 1857 354 1894 noo
371 1843 437 1907 bene]
462 1856 534 1893 «non
556 1843 699 1893 honeste.»
720 1859 830 1906 -par-
865 1834 900 1890 od
917 1841 1018 1890 κακίω.
1054 1840 1149 1890 Critias
1166 1840 1238 1904 apud
1249 1839 1384 1891 Aelianum

303 1919 374 1968 omia
389 1918 497 1982 propria
520 1915 694 1980 gladiatorum
716 1932 829 1983 parvum
865 1915 940 1965 V..i1
955 1915 999 1974 66,
1019 1915 1058 1964 ts.
1071 1911 1154 1965 muita
1165 1913 1386 1965 Archilochiuiiia

305 1995 420 2043 scutum
456 1992 512 2041 Hoc
535 2004 641 2056 quoque
663 2005 733 2052 voc,
758 1994 830 2057 quod
866 2003 899 2038 ax
915 1989 999 2054 ipsius
1016 1989 1153 2040 dumtaxat
1169 1989 1324 2052 poematis
1317 2003 1389 2039 rnno·

304 2070 388 2117 totam
406 2080 464 2117 rem
481 2068 620 2129 extenuat,
644 2067 678 2117 de
699 2067 828 2118 industria
866 2065 948 2114 tuisse
965 2066 1091 2126 miratur,
1108 2064 1202 2124 iuhis,
1221 2055 1267 2114 ὅτι
1284 2059 1386 2130 λάγνος

306 2140 440 2193 delectum
466 2141 579 2192 videtur
617 2145 673 2193 lam
699 2157 731 2192 er
754 2156 830 2193 com·
866 2139 916 2188 καὶ
937 2133 1078 2228 ὑβριστὴς1
1097 2137 1148 2188 κοιλ
1169 2132 1204 2188 τὸ
1221 2129 1388 2189 ivereium

307 2219 380 2268 muni
398 2217 508 2282 quidem
525 2218 695 2281 antiquorum
707 2231 829 2282 opimone
867 2210 1034 2274 αἴσχιστον,
1061 2205 1106 2264 ὅτι
1122 2210 1176 2280 τὴν
1192 2207 1339 2264 ἀσπωα’
1320 2215 1388 2264 axi-

306 2294 373 2344 souti
397 2293 511 2343 abiectio
534 2305 657 2343 summae
681 2293 761 2343 orat
755 2306 831 2356 igno·
866 2287 963 2351 βαλεν.
982 2291 1049 2340 Item
1057 2291 1196 2340 Anacreon
1205 2288 1239 2340 de
1249 2301 1279 2340 so
1289 2289 1388 2353 Fragm

306 2369 404 2418 minine
433 2381 547 2431 eamque
579 2369 648 2418 inter
675 2369 716 2418 sui
748 2365 831 2418 seculi
866 2365 908 2415 66.
927 2364 1027 2426 Bergk:
1042 2357 1159 2415 Ἀσπίδα
1175 2357 1237 2452 pttp
1254 2362 1285 2426 ἐς
1302 2377 1390 2413 κοτα-

308 2455 397 2493 mores
423 2444 563 2506 corruptos
592 2445 724 2492 memorat
751 2441 831 2491 eiiam
866 2435 925 2504 μοῦ
943 2434 1097 2510 ναλλιρόου
1110 2433 1249 2522 προχοάς.
1278 2436 1388 2489 Alcaeus

307 2516 414 2567 Plautus
428 2519 497 2567 Tria.
511 2516 535 2577 6,
555 2516 579 2576 6,
598 2518 643 2567 27:
662 2517 834 2566 Serdoiacere
867 2515 953 2578 Bergk
970 2527 1030 2578 pag.
1049 2513 1110 2564 577:
1129 2507 1242 2584 Κᾶρνξ,
1259 2504 1391 2579 αγγειλον

307 2593 441 2680 superoque
462 2593 537 2642 tostis
558 2605 628 2642 more
644 2593 733 2642 tabem
755 2593 833 2642 66666-
867 2587 921 2654 μὲν
937 2581 1313 2678 ipoegtwtpowwavoteo.
1332 2583 1391 2648 Σῶς

307 2668 514 2720 tieemverum
528 2681 591 2718 cum
606 2669 676 2718 inter
692 2667 832 2733 primarios
864 2659 993 2726 Ἀλκαῖος
1001 2657 1086 2754 Ἀρη,
1096 2656 1241 2713 ³''Evcaoed
1259 2653 1390 2712 ονκάνέ-

309 2743 471 2793 Graecorum
496 2745 589 2807 petias
614 2745 681 2804 ires,
712 2741 834 2794 Archilo-
869 2753 977 2799 νεικον,
994 2715 1062 2803 αδη
1073 2737 1186 2828 κτέρας
1186 2735 1216 2800 ἐς
1226 2733 1390 2787 Haemo

308 2817 388 2878 chus,
407 2815 528 2879 Alcaeus,
547 2819 696 2878 Anacreon,
713 2817 832 2868 idemde
862 2804 937 2886 Ἶρον
958 2807 1158 2900 ὀνεκρὲμαοαν
1171 2806 1305 2861 Ἀττικοι.
1342 2811 1391 2861 iio-

308 2905 338 2943 se
363 2891 405 2942 vel
431 2893 545 2945 confessi
572 2896 663 2945 essent
684 2891 727 2944 val
751 2893 833 2944 eiiam
868 2889 927 2941 rod
946 2891 974 2950 6,
1002 2887 1046 2938 66.
1072 2879 1243 2949 Ἀλκαῖος·
1227 2901 1245 2935 ο
1271 2881 1392 2952 ποιητὴς

205 2971 211 2980 “
308 2965 524 3030 praedicassent,
552 2966 624 3018 idem
647 2969 770 3019 Horatius
786 2981 833 3018 re·
869 2957 1393 3028 oopflotr‘pgyavopdmgseatmoinm

308 3041 493 3104 prehensionts
510 3055 620 3116 prorsus
632 3056 744 3093 securus
757 3043 790 3092 de
802 3055 832 3093 se
869 3036 927 3090 τῶν
940 3032 1098 3103 Ἀθηναίων
1115 3031 1206 3099 αὐτὸς
1215 3034 1270 3101 μὲν
1281 3031 1392 3102 <patim

309 3115 399 3166 dicere
416 3119 530 3180 poterat,
550 3117 834 3182 etquidemnousine
870 3109 1017 3180 ἐκφεύγει,
1035 3107 1073 3162 τὰ
1089 3109 1121 3163 δέ
1133 3111 1164 3161 οἱ
1179 3103 1256 3160 ὅπλα
1277 3105 1393 3170 ἴσχουσι

309 3187 505 3242 festivissima'
498 3205 525 3242 ιο
542 3193 653 3243 semet
646 3205 735 3256 rpsum
752 3191 834 3262 etpo-
867 3183 1014 3256 Ἀθηναῖοι
1030 3189 1081 3239 καί
1097 3201 1177 3248 σφεα
1192 3180 1393 3258 ἀνεκρέμασαν

309 3265 384 3351 peip,
404 3279 473 3329 quae
491 3267 699 3330 gratauccidere
717 3265 835 3316 debehat
871 3261 943 3349 πρὸς
959 3259 992 3314 τὸ
1005 3258 1159 3328 Ἀθήναιον
1179 3256 1215 3311 τὸ
1232 3259 1265 3311 ἐν
1285 3259 1391 3348 Styettp·
1417 3305 1421 3324 ,
1483 3327 1484 3330 Ἴ

309 3340 440 3402 imprimis
457 3342 598 3404 Pompeio.
626 3343 672 3404 qul
693 3339 791 3392 diutius
808 3343 835 3390 in
871 3334 963 3391 ταῦτα
978 3335 1010 3388 et
1023 3332 1152 3400 Ἀλκαῖος
1170 3335 1201 3388 ἐν
1215 3333 1299 3401 μέλεϊ
1312 3331 1393 3399 ποιή-

308 3413 429 3476 partibus
449 3414 616 3478 Pompeianis
638 3418 833 3480 perseverarat,
872 3430 927 3478 σας
939 3413 1062 3465 ἐπιτιθεῖ
1070 3413 1111 3475 εἰς
1123 3407 1298 3476 Μυτιλήνην,
1314 3407 1393 3474 ἐξαγ-

310 3488 366 3538 sive
384 3501 413 3538 re
430 3501 495 3538 veru
514 3491 594 3554 podia
611 3503 733 3554 parmam
750 3491 837 3554 proie-
871 3484 1043 3572 γελλόμενος
1059 3482 1093 3536 τὸ
1106 3481 1216 3537 ἑωυτοῦ
1235 3481 1331 3547 πάθος
1345 3483 1395 3534 666-

312 3563 362 3621 cit,
382 3563 452 3622 sive,
479 3566 509 3614 ut
530 3564 618 3628 potius
635 3577 698 3614 reor
714 3577 776 3616 cum
793 3567 836 3615 ie·
870 3561 1001 3630 ναλίππῳ
1013 3553 1096 3631 ανδρλ
1108 3559 1221 3631 ἑταίρῳ
1240 3559 1318 3624 Apud
1330 3557 1394 3609 Lao

312 3635 404 3687 cobsio
432 3637 515 3687 Lecti
544 3637 611 3688 Vsu
641 3640 680 3688 46.
711 3654 737 3704 p
765 3639 834 3703 366,
871 3640 966 3688 karum
975 3638 1094 3702 reperies
1104 3645 1282 3700 quaecuuque
1292 3633 1326 3682 de
1336 3645 1394 3682 con·

311 3713 397 3774 imago
407 3710 545 3761 dumtaxat
553 3712 759 3776 poeticaceleris
768 3713 836 3765 iilius
872 3715 993 3764 troverso
1005 3713 1057 3761 hoc
1072 3709 1132 3761 ioco
1144 3709 1232 3759 adhuc
1244 3708 1314 3758 dicta
1326 3707 1393 3762 sunt,

312 3786 389 3849 iuges
407 3787 551 3849 asiaeque
570 3801 601 3836 ac
619 3787 741 3838 Mercurii
761 3791 836 3839 auxi-
872 3789 936 3838 satis
960 3787 1030 3838 hane
1048 3785 1167 3850 exposita
1190 3797 1222 3833 ac
1245 3781 1392 3832 diiudicata.

310 3860 384 3912 lium.
414 3863 500 3914 Nemo
511 3862 583 3912 enim
598 3863 757 3926 praesertim
768 3863 838 3914 inter
906 3863 946 3912 tt.
969 3861 1055 3924 fracto
1076 3859 1166 3924 uirtus]
1191 3857 1246 3908 Cio.
1268 3857 1304 3906 ud
1325 3857 1392 3906 Fam.

312 3948 372 3998 eos,
396 3935 441 4000 qui
462 3937 570 4000 podiam
592 3937 698 4002 penitus
716 3940 834 4000 nossent,
873 3935 901 3998 7,
926 3935 955 3996 3,
979 3935 1009 3985 3:
1034 3949 1080 3986 noo
1100 3934 1204 3997 putori,
1230 3945 1288 3982 cum
1308 3927 1394 3992 miseri

311 3974 411 4060 idcirco
441 4023 504 4060 eum
532 4009 729 4074 vituperatums
763 4013 835 4074 erat,
868 4022 947 4072 porea
968 4009 1186 4073 eonsummatos,
1211 4008 1307 4070 fructos
1324 4015 1395 4065 anpo-

312 4083 385 4148 quod
397 4097 430 4134 eo
442 4086 573 4148 ternpore
587 4098 641 4150 quo
653 4085 789 4135 Caesare
783 4099 836 4136 ram
870 4085 951 4134 riores
966 4083 1031 4170 dorp.
1066 4083 1204 4136 Memor-uo
1222 4081 1273 4133 iuit
1289 4079 1392 4131 ultimae
1483 4099 1484 4120 r

312 4157 445 4223 principe,
470 4171 581 4223 prorsus
598 4171 744 4222 oppressae
762 4162 838 4210 erant
872 4157 1045 4209 Brutivocis:
1059 4147 1247 4224 Ὦτλῆμον·
1228 4150 1330 4244 apesq',
1347 4147 1395 4201 λό-
1483 4165 1484 4182 t

313 4235 403 4296 partes
415 4231 515 4284 liberae
528 4246 565 4282 rer
560 4231 710 4298 publicae
730 4245 760 4284 se
772 4246 838 4296 quo-
872 4245 923 4300 γος
940 4221 985 4303 oip'
999 4225 1077 4298 ἧσθ’
1095 4227 1241 4299 edoces
1258 4222 1394 4298 ,Ωςέργοι
1483 4227 1484 4276 i

314 4321 366 4372 que
397 4321 458 4360 cum
488 4309 584 4360 ceteris
614 4307 748 4360 deuictum
776 4321 835 4359 esse
872 4302 1047 4372 ἢοκονν-
1022 4307 1080 4358 -i
1103 4307 1165 4370 (nio
1187 4307 1264 4358 Cass.
1284 4303 1327 4364 tt,
1346 4300 1393 4360 ts.)
