3080 4980
571 441 630 492 nin.
650 442 668 490 1.
705 441 734 491 c.
753 442 773 490 1.
1202 437 1222 498 5

354 595 519 684 Quidquid
540 595 583 664 de
604 596 734 686 Libycis
756 596 893 663 verritur
914 597 1009 664 areis.
1181 594 1221 660 l0

353 717 554 786 Gaudentem
574 718 695 806 patrios
716 717 840 786 findere
862 717 990 784 sarculo

352 841 454 927 Agros
475 839 618 906 Attalicis
639 837 883 942 condicionibus

206 1021 246 1070 ro.
266 1021 346 1082 ess,
365 1019 518 1070 cacunem
536 1020 576 1070 ct.

139 1181 193 1228 tota
211 1177 262 1227 hnc
280 1174 397 1228 clausula
414 1177 453 1228 sic
469 1189 512 1226 vv.
526 1176 664 1226 construa-
700 1175 730 1226 Id
758 1189 822 1226 vero
850 1177 911 1228 nevi
937 1178 1082 1242 ulnamque
1109 1177 1223 1230 verbum

139 1265 213 1304 mus:
236 1253 302 1301 Amic
319 1253 347 1300 ei
362 1251 433 1300 iiiwn
453 1251 537 1310 icccc
559 1263 612 1314 qua
629 1250 663 1301 de
702 1252 781 1302 etiam
794 1250 856 1301 alibi
868 1251 1000 1312 confundi,
1020 1253 1133 1304 utOvid.
1147 1255 1222 1305 Trist.

138 1339 169 1376 re
180 1339 271 1386 nemo,
290 1325 431 1388 mopinot,
445 1324 601 1386 dubitasset,
614 1326 664 1376 nisi
701 1327 726 1386 t,
739 1327 763 1387 Ξ,
778 1326 817 1375 62.
838 1327 875 1376 De
894 1327 982 1376 aratro
999 1326 1109 1390 quidem
1119 1342 1144 1378 v.
1157 1330 1224 1378 scin-

138 1401 298 1464 interpreics
319 1400 370 1462 ipsi
391 1400 481 1450 nescio
503 1413 569 1464 quus
595 1399 664 1450 diifl-
701 1401 759 1450 dcre
770 1400 924 1462 frequenter
934 1403 1090 1465 usurpatum
1103 1415 1164 1454 esse
1176 1403 1225 1452 de-

137 1473 251 1525 cultates
273 1475 419 1525 movissent
440 1473 483 1524 alii
508 1473 584 1524 aliter
605 1476 665 1524 iun·
702 1477 852 1525 monstrant
874 1475 942 1524 haec
970 1475 1104 1540 exempla:
1139 1475 1222 1529 Plaut.

138 1551 246 1614 gentes:
271 1549 295 1613 t)
313 1550 384 1598 iuerat
400 1550 465 1599 irasc
484 1577 511 1586 -
529 1551 614 1610 wion,
637 1552 667 1599 ut
702 1547 771 1598 Trin.
785 1550 810 1608 i,
824 1547 849 1609 4,
863 1549 923 1598 tii:
944 1548 1009 1598 Oiics
1019 1555 1225 1613 mrracnnpro-

137 1637 201 1684 nos;
220 1624 665 1688 2)eoeltitcddecsismc,-iiiwn;
701 1622 836 1683 scindam,
871 1624 900 1672 tn
925 1623 1010 1684 quinto
1035 1639 1132 1686 pcoqm
1158 1627 1226 1676 mico

136 1699 665 1764 tlirmc—iiirenmmpuomdimoceos;
702 1697 846 1746 morium
866 1696 944 1746 boum.
980 1699 1075 1748 Accius
1095 1699 1180 1750 Bothii
1196 1713 1222 1763 p.

138 1774 163 1838 t)
189 1773 287 1824 nobilis.
328 1775 464 1824 Tereum
489 1775 601 1824 dominos
622 1773 665 1838 (de
702 1771 1001 1822 accucusatoribus:
1034 1774 1064 1822 Ut
1084 1774 1226 1824 renitenter

139 1848 263 1916 Romanis
281 1846 345 1898 falso
357 1847 526 1912 explicantes)
544 1849 666 1898 eveniad
702 1850 785 1896 terrds
799 1847 868 1910 ferro
884 1847 984 1910 ruditus
998 1849 1163 1898 Prosdndoat
1172 1850 1225 1913 pio-

139 1923 209 1985 deos,
228 1924 374 1974 itemismc
392 1949 420 1960 -
438 1924 517 1974 itinn
553 1924 665 1989 copiose
702 1920 755 1970 ios.
790 1921 860 1984 Virg.
884 1923 930 1970 Ge.
954 1923 979 1982 Ξ,
1003 1921 1063 1972 399:
1094 1925 1227 1984 quotannis

140 2000 166 2048 et
182 1999 209 2048 in
221 1997 356 2062 plerisque
368 2001 442 2049 recte
452 2000 555 2063 primus
568 1999 602 2048 de
614 1999 665 2050 hoc
704 1996 797 2056 i'crw
813 1999 951 2057 mumque
966 1997 1046 2046 seiton
1056 1999 1223 2050 comumnes.

139 2070 195 2122 loco
218 2072 361 2138 disputavit
386 2073 531 2124 Lambinus
557 2073 591 2123 ad
612 2076 666 2124 Lu·
701 2069 768 2120 lbid.
788 2069 812 2130 ³,
833 2070 889 2120 460.
918 2071 1020 2121 Seneca
1037 2073 1131 2123 Troad.
1151 2074 1223 2124 toti.

140 2149 203 2197 eret.
224 2144 249 2207 i,
269 2147 666 2198 tisa.-coniecturamsuam
701 2145 732 2193 V.
760 2145 854 2208 findere
878 2146 988 2207 quidem
1014 2145 1110 2197 eadem
1136 2147 1170 2198 de
1196 2161 1225 2198 re

140 2221 666 2272 mouu--ecetercnenusiuscommen-
702 2221 815 2282 usurpat
836 2219 1049 2284 Pseudotihullus
1075 2223 1099 2282 3,
1126 2223 1150 2284 3,
1179 2225 1223 2272 ts:

140 2295 186 2346 dat
210 2296 253 2347 his
278 2296 408 2359 imprimis
430 2295 522 2347 similis
544 2299 666 2346 consuu-
701 2293 819 2355 Amoque
834 2295 855 2342 si
870 2295 968 2357 findant
980 2296 1165 2358 pinpuiumiiio
1181 2297 1225 2347 bo-

140 2370 233 2420 etionis
255 2372 373 2420 Graecas
395 2369 524 2434 exemplis
545 2371 667 2420 Horatia·
701 2381 750 2418 ves.
786 2368 857 2430 Virg.
877 2368 930 2419 Eoi.
944 2368 968 2430 i,
987 2369 1032 2420 33:
1051 2371 1133 2422 uiuri
1149 2373 1225 2436 mitti-

139 2445 193 2494 nis:
217 2443 266 2494 od.
286 2445 310 2506 4,
330 2445 370 2505 ts,
389 2445 434 2496 26:
457 2457 579 2507 asperare
593 2445 666 2495 noii-
702 2443 760 2492 dero
775 2441 862 2493 scices.
897 2445 989 2508 Aptius
1006 2447 1096 2496 tamen
1116 2449 1158 2498 est
1173 2446 1224 2496 hoc

139 2519 193 2569 iem
230 2518 279 2569 0d.
299 2519 323 2580 4,
342 2519 383 2580 37,
403 2521 446 2571 to:
470 2521 590 2582 inpotem
609 2534 665 2583 spo-
701 2529 727 2566 v.
740 2517 775 2568 de
786 2519 878 2568 rastris
890 2518 1048 2580 cicerculis,
1061 2521 1139 2582 utsii,
1153 2522 1225 2584 quod

139 2608 206 2644 rure.
243 2593 292 2643 cd.
311 2593 336 2655 3,
356 2595 456 2654 tuti:
476 2595 666 2644 cutnsiccutcri
702 2591 765 2642 dixit
777 2591 897 2655 Virgilius
910 2593 1225 2660 Ge.i‚9i:rartrispie-

138 2669 417 2729 nocumenta.
453 2666 545 2729 Odi,
565 2669 662 2732 ints:
701 2665 746 2716 bos
762 2667 805 2728 oui
819 2667 918 2730 [ronpit
933 2668 1032 2718 inertes.

140 2745 235 2793 donoro
251 2742 484 2806 terpus-winerat
502 2744 594 2808 officum
611 2745 662 2793 cei.
734 2743 773 2792 li.
808 2741 922 2792 Attalicis
947 2745 1137 2809 condicionibus]
1164 2743 1225 2794 Pul·

140 2820 223 2868 Nemo
242 2817 352 2880 recepit.
702 2817 758 2866 chri
783 2829 874 2868 amore
900 2815 973 2868 ducti
994 2821 1113 2882 Pergami
1135 2832 1222 2882 reges,

170 2895 211 2944 44.
231 2891 392 2956 Gundemmt]
412 2893 484 2942 «Non
496 2895 545 2954 est,
565 2893 665 2956 utqui·
701 2892 830 2956 imprimis
851 2891 952 2944 Attalus
973 2894 1003 2943 14.
1027 2892 1222 2958 Philadelphus,

139 2967 199 3018 dam
218 2971 389 3028 censuerunt,
408 2968 510 3031 pictura
529 2968 662 3030 rusticani,
700 2967 852 3030 permagnis
873 2967 964 3031 pretiis
991 2981 1081 3018 emere
1103 2967 1225 3020 solebant

139 3043 220 3093 rebus
238 3042 293 3092 suis
310 3056 325 3091 a
339 3045 415 3106 patre
428 3042 478 3092 sihi
490 3041 587 3094 relictis
599 3056 665 3092 con-
700 3039 791 3102 libros,
810 3043 893 3104 signe,
905 3041 1010 3092 tabulas
1021 3044 1114 3106 pictas,
1128 3041 1224 3106 quibus

139 3118 203 3167 tenti
222 3118 250 3166 et
267 3117 293 3165 in
310 3114 445 3180 praediolo
463 3130 512 3166 suo
523 3115 663 3181 tranquille
700 3115 801 3178 regiam
818 3129 895 3166 suam
912 3113 1125 3180 splendidissime
1145 3129 1224 3166 exor-

137 3192 273 3255 degentis‚
292 3190 340 3242 sed
358 3191 449 3242 nistioi
460 3190 597 3242 laboribus
614 3203 664 3255 op·
700 3192 803 3240 nerent.
834 3190 876 3238 Sic
890 3189 1007 3238 Aristidis
1024 3190 1129 3240 ticiani
1142 3191 1224 3252 picio-

137 3267 236 3330 pressi,
256 3265 299 3314 cui
317 3278 397 3329 asper
416 3268 556 3330 siparum
573 3265 663 3316 leriilis
698 3263 736 3312 ris
750 3262 1226 3314 wtutntoiuimncmtrmrtoientisreo

137 3355 214 3404 eger,
239 3351 322 3403 quem
340 3353 356 3389 a
376 3341 452 3404 patre
471 3341 586 3405 accepit,
610 3353 663 3391 uon
698 3337 796 3388 Attritis
814 3337 853 3401 (ll.
872 3351 896 3388 a.
916 3337 978 3388 Chr.
999 3338 1146 3403 tte-tes.)
1168 3339 1225 3389 tici·

136 3429 184 3480 per
200 3413 311 3464 bellicas
328 3413 510 3478 expeditiones
521 3413 564 3466 vel
580 3428 663 3478 nego-
699 3417 738 3462 tos
762 3417 804 3462 cst.
835 3411 899 3464 Plin.
926 3415 958 3464 H.
985 3415 1016 3464 N.
1044 3413 1069 3474 7,
1091 3413 1132 3464 39.
1169 3415 1221 3467 Cir.

137 3491 272 3540 dadonem
290 3487 431 3540 latifundiis
442 3491 523 3548 aurii,
541 3503 593 3540 non
605 3491 661 3541 sine
699 3488 832 3539 Mansouis
841 3488 990 3552 elegantem
1002 3502 1095 3538 curum
1106 3488 1140 3539 de
1149 3491 1224 3540 Atia-

137 3577 264 3614 asrumna
286 3561 391 3613 sarculo
413 3562 576 3627 subigendos
594 3567 661 3616 est.»
698 3561 730 3613 lis
751 3563 778 3612 in
802 3564 856 3613 vita
878 3564 1040 3614 Constantini
1057 3563 1091 3614 M.
1113 3575 1140 3627 p.
1164 3562 1222 3613 384.

136 3639 309 3689 Ercasramns.
344 3637 428 3688 Alteri
448 3639 499 3688 Fea
520 3637 661 3704 Apuleium
697 3637 813 3688 visconti
834 3639 949 3700 Iconopr.
966 3651 1044 3700 preca
1060 3637 1107 3689 Ed.
1122 3635 1174 3688 nit.
1192 3638 1223 3686 Π,

136 3711 230 3763 Florid.
253 3711 277 3762 2.
295 3713 326 3762 N.
346 3713 386 3762 iii.
410 3711 444 3762 de
464 3711 659 3764 Sumoinsula:
697 3723 724 3776 p.
747 3711 804 3762 273.
839 3712 886 3762 Est
906 3711 995 3774 igitur:
1016 3738 1044 3748 -·
1063 3713 1116 3762 «Ne
1145 3711 1224 3762 tantis

135 3788 199 3850 Apcr
215 3787 341 3850 [ramento
354 3787 437 3851 piper,
455 3793 546 3838 eruco
562 3789 659 3848 initus,
698 3785 807 3850 quidem
824 3786 953 3850 pecuniae
966 3787 1090 3847 summis,
1109 3787 1222 3850 manus

135 3863 265 3925 [medior
276 3861 373 3922 oliveio,
384 3875 430 3912 nec
439 3862 544 3911 uinitori
557 3875 602 3912 nec
612 3862 661 3912 oii-
697 3859 775 3910 Attali
783 3859 818 3910 iili
827 3859 972 3912 artificibus
983 3860 1139 3922 offerebant,
1153 3863 1222 3911 stre-

136 3937 183 3985 ton·
199 3935 329 3998 scalpitur¹
357 3937 463 3986 surmio
474 3937 661 3986 mousson
697 3949 781 3986 nuum
797 3937 852 4000 agri
874 3936 935 3986 aviti
953 3933 1082 3986 cultorem
1094 3947 1126 3986 eo
1137 3935 1224 3986 addu-

136 4010 661 4074 mmmmmlmpuommprccmtumo-
698 4023 753 4070 cas‚
772 4012 802 4060 ut
818 4013 950 4061 mercator
970 4009 1042 4060 flat.»
1078 4009 1125 4074 (Ad
1142 4021 1221 4060 usum

136 4085 658 4150 pissmctnosoinmiuertpuomtrupiserc.
697 4087 788 4134 autem
806 4083 932 4147 loquendi
947 4084 994 4135 cir.
1008 4085 1062 4135 Cic.
1081 4084 1116 4134 ad
1133 4084 1163 4143 Q.
1177 4085 1218 4134 Fr.

140 4159 291 4212 -Alterius
299 4157 418 4210 lectionis
427 4161 537 4211 madeo
545 4173 614 4225 quae
626 4161 660 4212 sit
697 4160 717 4218 1,
736 4158 760 4220 4,
779 4159 804 4220 t,
823 4157 851 4208 8:
874 4163 902 4208 ut
921 4159 993 4208 nudo
1011 4159 1122 4210 concio
1140 4171 1219 4221 peru-

137 4236 287 4296 auctoritas
300 4247 353 4286 non
364 4232 461 4299 liquet;
480 4249 543 4287 nam
558 4238 660 4288 certam
696 4237 755 4286 nice
770 4241 793 4286 to
803 4262 818 4273 -
829 4261 843 4274 ·
854 4235 886 4286 oi
901 4249 999 4286 namna
1018 4237 1160 4300 intem
1176 4235 1219 4284 do-

138 4309 240 4360 Codicis
266 4307 376 4362 menius
402 4309 520 4361 nondum
543 4311 657 4374 repperi.
696 4311 818 4374 dimovit.)
