2992 4978
315 471 377 536 344
621 495 624 502 -
703 471 832 522 4444444
851 470 1019 522 4444444444

484 628 674 716 Nostrisque
696 626 830 694 ductum
855 625 1068 692 seditionibus

484 749 609 817 Bellum
632 748 761 816 resedit.
807 747 956 814 Protinus
978 757 1149 835 etgraves
1356 751 1389 813 30

529 873 597 937 iras
619 883 652 938 et
674 871 813 936 invisum
834 878 1005 956 nepotem,

568 992 681 1059 Troica
702 1012 801 1080 quem
824 991 951 1078 peperit
972 990 1146 1066 sacerdos,

485 1152 574 1218 Marti
598 1150 784 1229 redonabo;
807 1149 897 1216 illum
917 1170 979 1238 ego
1002 1148 1126 1216 lucidas

487 1273 571 1339 inire
594 1271 710 1350 sedes,
735 1272 857 1339 ducere
879 1271 1020 1338 nectaris

377 1473 417 1521 30.
442 1472 529 1535 944444
545 1470 572 1520 b.
594 1497 622 1507 —
640 1470 681 1519 34.
703 1471 777 1519 Troia
799 1473 909 1520 auctore
931 1469 1039 1520 Heinsio
1056 1467 1151 1530 Benti,
1171 1471 1198 1520 F.
1220 1497 1248 1506 -
1266 1470 1305 1520 33.
1324 1483 1366 1534 epo

344 1559 397 1596 om.
411 1547 440 1596 T.
456 1572 483 1582 -
502 1545 542 1596 34.
561 1545 658 1609 decem]
676 1546 769 1596 44444444
786 1543 851 1604 ch,
870 1557 940 1594 corr.
958 1546 984 1604 S,
1003 1539 1144 1608 βκξχψω,
1162 1557 1204 1608 pr.
1223 1561 1249 1594 ν.
1264 1549 1291 1595 44
1309 1559 1363 1596 ver.

342 1619 404 1670 lect.
422 1636 442 1668 ι.
462 1622 501 1684 (444
519 1633 577 1680 444,
596 1633 636 1684 pr.
656 1621 686 1681 S,
704 1619 821 1669 Pettierii
839 1619 868 1680 4,
886 1619 915 1680 3,
935 1620 962 1679 6,
982 1619 1026 1680 43,
1045 1620 1090 1679 te,
1109 1618 1161 1680 23.)

343 1797 450 1848 att-et.
480 1796 595 1860 ductum]
626 1796 836 1860 «productum»
874 1797 939 1846 Iuno
957 1797 1069 1847 Martem
1090 1795 1192 1848 iactans
1214 1801 1257 1848 est
1273 1799 1300 1849 in
1315 1799 1393 1848 unco

310 1885 361 1922 usu
378 1870 502 1922 omnibus
520 1871 584 1922 satis
601 1875 681 1930 not03
700 1872 739 1922 sic
756 1871 837 1921 etiam
873 1870 1003 1920 Pio-diem.
1022 1871 1042 1920 1.
1061 1871 1089 1920 T.
1102 1869 1126 1921 4.
1148 1897 1176 1906 -
1194 1871 1328 1938 redonabo]
1345 1873 1392 1922 4444
1488 1867 1489 1904 i

310 1947 410 1997 ircim
435 1945 524 1994 4444444
549 1944 600 1996 Sei.
623 1946 678 2007 lug.
698 1944 739 1996 64.
774 1946 834 1995 Tac.
873 1943 958 1994 verbo
975 1945 1045 1994 inter
1062 1945 1206 2009 scriptores
1225 1959 1297 1997 4444
1309 1960 1393 2011 super

310 2022 376 2072 Hist.
395 2022 423 2082 4,
443 2020 484 2070 34.
508 2047 536 2056 -
564 2019 733 2086 seditionibus]
760 2018 834 2070 Ovid.
874 2020 949 2070 stites
966 2031 1036 2070 unus
1054 2020 1177 2071 Horatius
1194 2033 1260 2072 usus
1278 2021 1390 2076 videtui

269 2142 271 2146 .
310 2096 387 2146 i'rist.
407 2097 434 2156 4,
453 2096 485 2156 2,
504 2096 536 2144 ti:
555 2095 714 2146 Mulciberis
727 2095 836 2155 Trciern,
873 2091 922 2144 alie
951 2093 1142 2156 significatione
1171 2093 1219 2144 Od.
1246 2095 1275 2153 2,
1303 2096 1333 2156 7,
1361 2095 1391 2152 3.,

308 2184 357 2236 pro
387 2171 462 2220 Troia
489 2169 574 2219 stabat
608 2169 713 2232 Apeitm·
750 2169 838 2232 Aeqee
874 2167 901 2217 h.
920 2166 938 2217 i.
957 2181 1007 2232 pro
1024 2169 1120 2219 donare
1141 2169 1208 2232 (Cic.
1227 2169 1261 2218 ad
1284 2171 1355 2221 4444.
1371 2171 1392 2226 t,

313 2246 393 2295 Vener
417 2245 532 2306 Tener-is,
557 2244 641 2295 Pelias
665 2245 755 2306 inique
777 2243 834 2306 fait.
873 2241 903 2293 i:
928 2242 1074 2292 inimicitias
1088 2243 1127 2292 rei
1141 2241 1257 2305 paelices
1277 2243 1390 2304 (44444444

310 2319 362 2382 (Sic
388 2318 459 2383 apud
484 2320 539 2385 444,
558 2318 605 2380 43,
626 2319 665 2370 49.
703 2319 837 2369 domestica
874 2319 901 2366 it
926 2317 1077 2378 condecere,
1104 2319 1131 2368 in
1153 2316 1265 2370 alicuius
1290 2319 1393 2381 gratiam

308 2394 395 2444 seditio
408 2392 610 2444 estediscordia
623 2393 692 2443 inter
705 2393 834 2464 iratres»)
873 2391 951 2442 elicui
974 2390 1073 2455 aliquid
1095 2392 1234 2442 remittere
1258 2392 1300 2443 vei
1323 2395 1392 2457 igno-

313 2494 341 2504 -
358 2467 457 2531 resedit]
476 2472 521 2518 «ut
539 2468 620 2518 maris
636 2470 727 2518 aestus
744 2467 837 2518 sedatu
873 2478 960 2516 scere.
976 2491 1004 2502 -
1023 2466 1225 2531 decides-sedes]
1243 2467 1319 2518 ovid.
1339 2467 1392 2518 iiet

310 2543 489 2606 tempestate,
508 2542 757 2606 circompositum,
776 2541 837 2592 fini-
874 2541 917 2602 43,
943 2541 1006 2590 858:
1035 2542 1147 2603 irsppiter
1173 2554 1245 2592 arces
1271 2542 1393 2604 Temperet

310 2619 368 2666 tum
393 2619 436 2667 est
451 2615 553 2666 beilum
571 2629 667 2666 eversa
684 2617 786 2666 Troia.»
807 2641 833 2652 -
873 2615 1005 2664 4444444444.
1034 2613 1107 2665 Iliad.
1126 2630 1159 2675 α,
1179 2614 1245 2666 5334
1267 2611 1393 2683 αἰγλήεν-

309 2690 437 2755 Protiees]
457 2704 506 2740 «ex
522 2691 574 2741 hoc
592 2691 721 2755 temporis
737 2692 837 2755 puncto
874 2704 923 2751 τος
946 2683 1100 2753 Ὀλύμπου.
1123 2713 1150 2725 -
1170 2690 1273 2755 decere]
1301 2693 1332 2741 ut
1351 2689 1393 2740 od.

310 2767 337 2816 in
363 2765 507 2816 uturum.»
555 2767 586 2817 Ut
609 2767 704 2830 poeta,
737 2763 835 2817 nullam
875 2766 901 2825 4,
928 2765 973 2826 44,
997 2765 1039 2814 43.
1076 2765 1124 2814 0d.
1149 2763 1178 2825 4,
1208 2765 1251 2826 44,
1282 2764 1338 2826 rt..
1361 2767 1395 2814 est

309 2839 392 2891 hebet
401 2841 532 2891 rationem
541 2842 659 2891 aetatum
668 2840 736 2890 inter
744 2841 836 2891 Troiae
876 2851 954 2889 ccum
967 2839 1083 2902 quedem
1101 2838 1236 2903 voluptate
1253 2839 1394 2896 ebducere,

310 2914 443 2966 excidium
460 2917 488 2965 44
504 2913 606 2966 44444444
624 2914 786 2966 adscensum
810 2916 836 2964 in
875 2913 1050 2974 sorbillares3
1094 2917 1131 2965 ita
1168 2910 1265 2982 σπᾴν,
1310 2910 1395 2965 ἕλκειν

311 2989 417 3040 eaelum
434 2989 649 3054 praeteritarum.
671 3016 698 3025 -
716 2989 837 3054 44444444]
875 2984 964 3044 οἶνον.
983 2987 1032 3040 Alit
1043 2989 1145 3051 discere,
1164 2991 1237 3053 quod
1254 2990 1393 3056 explicant:

311 3062 484 3125 «Romulum,
504 3065 593 3116 Martis
612 3062 721 3114 titium.»
743 3065 840 3116 444444-
877 3077 1050 3115 «assuescere
1083 3063 1226 3128 saporibus
1259 3065 1395 3117 necteris.-

311 3139 377 3190 dum
395 3137 438 3190 vel
454 3140 507 3189 hoc
524 3141 598 3201 erat,
623 3151 686 3190 cum
704 3138 774 3190 maie
796 3137 839 3190 alii
876 3139 976 3190 Reiecit
1001 3139 1072 3190 hanc
1099 3138 1160 3190 lect.
1190 3139 1327 3190 Bentleius
1351 3140 1395 3189 hec

311 3215 475 3277 interpretati
485 3215 537 3264 sint
550 3227 648 3264 cunum
657 3216 838 3278 posterorum,
876 3213 979 3263 ratione
1004 3213 1114 3264 ductus:
1146 3214 1236 3276 «quod
1262 3216 1395 3268 4444444444.

312 3283 486 3356 ἀπόγονον.»
877 3300 946 3350 quae
969 3286 1012 3338 vei
1038 3286 1220 3338 difficultatem
1239 3288 1395 3340 reimerum

345 3401 376 3451 32
414 3399 519 3464 Mea]
544 3401 607 3464 virg
634 3403 731 3451 ΑΒΜ
774 3401 837 3451 449:
876 3360 919 3412 vei
937 3360 1072 3412 festidium
1092 3361 1219 3413 habent.»
1254 3364 1307 3414 Sed
1327 3365 1394 3412 reete

314 3477 389 3525 troie
398 3489 479 3538 pase,
493 3475 540 3525 ubi
548 3477 681 3538 Wagner:
706 3474 839 3526 «Alteram

312 3549 439 3609 formem,
459 3549 572 3611 Troicus,
590 3549 696 3600 videtur
706 3549 839 3614 pedestris

312 3623 396 3672 oratio
414 3621 465 3673 sibi
482 3623 644 3674 vindicarem
674 3624 763 3673 iroice
779 3637 840 3674 ser-

312 3697 384 3746 vavit
409 3698 490 3748 etiam
515 3699 581 3748 44444
604 3699 631 3746 44
654 3699 783 3749 44444444.
810 3727 837 3734 -

312 3770 437 3836 sacerdes]
454 3770 499 3821 llie
517 3773 573 3822 sive
593 3772 646 3822 iiea
670 3771 761 3830 Silvia,
785 3774 840 3822 Ve-

313 3843 400 3907 stalis,
431 3859 446 3896 e
475 3847 603 3909 sanguine
633 3847 745 3897 Troiano
771 3850 838 3908 orta,

314 3932 377 3970 cum
393 3923 471 3984 pater
488 3921 546 3970 eius
563 3921 685 3971 Numitor
701 3920 735 3970 44)
749 3924 839 3973 denes

877 3437 949 3487 44444
965 3448 1045 3487 usum
1061 3439 1223 3501 perpetuum
1245 3450 1307 3490 esse
1323 3447 1397 3499 nege-

876 3512 914 3561 vit
930 3509 1157 3574 Venderburgius.
1188 3512 1263 3563 Ovid.
1282 3514 1312 3563 Α.
1328 3516 1358 3563 A.
1370 3510 1394 3568 3.

877 3586 924 3636 374
939 3599 988 3649 per
1002 3599 1042 3636 me
1058 3587 1189 3636 (4444444444
1198 3599 1306 3646 emeres.
1324 3585 1397 3637 Cleu-

877 3661 948 3712 dian.
966 3659 1079 3724 Epithet.
1099 3661 1170 3720 434,
1190 3660 1238 3711 ubi
1254 3663 1344 3716 Venus
1360 3658 1397 3709 io-

878 3735 980 3798 quitur:
1005 3735 1083 3785 Viuite
1099 3737 1233 3785 concordes
1249 3742 1274 3786 et
1289 3741 1396 3786 metram

877 3811 963 3860 discite
982 3823 1088 3869 menes;
1114 3810 1205 3860 Oscula
1223 3811 1292 3862 nsiiie
1306 3813 1395 3861 meet-

877 3887 952 3949 iiapt.
982 3887 1107 3950 Proserp.
1135 3886 1165 3946 2,
1195 3885 1259 3936 eet:
1288 3883 1397 3936 mesisti

876 3959 1004 4009 consertio
1028 3960 1114 4010 discite
1137 3961 1230 4022 semei,
1260 3961 1295 4011 de
1317 3957 1396 4008 rebus

876 4035 968 4098 utique
985 4035 1152 4098 gratissimim
1179 4046 1276 4085 serum
1297 4033 1329 4084 de
1350 4045 1397 4082 44-

878 4111 950 4159 ctare
976 4107 1093 4172 potando
1118 4109 1210 4160 nescio
1233 4108 1297 4172 quid
1316 4105 1397 4157 habet

314 3993 494 4045 descenderit.
541 3995 640 4045 Vestae
670 3999 778 4058 eutem,
811 4000 841 4047 ut

314 4069 382 4120 deae
412 4068 556 4131 Troianae,
588 4071 758 4122 sacerdotem
786 4084 839 4122 non

314 4143 452 4208 significat,
470 4145 508 4194 uti
525 4143 635 4208 quidam
652 4143 742 4196 voluit.
773 4146 839 4198 Vide

315 4219 473 4270 Excursum.

348 4330 387 4380 33
399 4330 439 4381 34.
459 4330 547 4395 iterii]
565 4329 838 4397 «quippetiiiemecm
877 4335 947 4384 sunt.
966 4331 1122 4384 Omninoh.
1135 4331 1153 4383 i.
1165 4333 1289 4396 provenit
1303 4328 1363 4380 444
1356 4329 1394 4386 ris.

876 4182 995 4245 ridiculi,
1025 4183 1098 4247 quod
1123 4196 1176 4233 nou
1200 4185 1342 4236 senserunt
1366 4179 1395 4236 ii,
1488 4235 1489 4248 ἦ

877 4259 923 4323 qui
946 4271 1034 4323 nuper
1054 4257 1148 4310 discere
1171 4271 1264 4310 rursus
1285 4253 1396 4338 amplexi
1488 4259 1489 4262 ’
