3002 4974
697 453 824 504 llOltATll
843 451 1010 504 CARMlNUM

481 611 545 675 Cur
568 630 630 674 non
654 609 715 674 sub
738 608 800 673 alta
822 609 873 673 vel
896 607 1024 695 platano
1047 607 1097 673 vel
1123 608 1181 674 hac

408 747 411 754 ’
484 731 562 795 Pinu
587 731 728 796 iacentes
751 731 799 796 sic
822 741 943 796 temere
967 739 999 794 et
1021 750 1096 794 rosa

529 853 633 918 Canos
656 851 780 918 odorati
804 850 953 938 capillos,

569 975 653 1038 Dum
675 972 764 1048 lieet,
790 973 989 1062 Assyriaque
1013 972 1114 1037 nardo

484 1135 633 1198 Potamos
657 1131 767 1198 uncti?
790 1130 932 1218 Dissipat
954 1131 1053 1196 Euius

486 1257 587 1321 Caras
611 1252 740 1320 edaces.
785 1253 865 1331 Quis
888 1274 971 1339 puer
992 1251 1083 1318 ocius

386 1418 424 1467 43.
442 1415 546 1465 moneta
565 1416 592 1464 T.
615 1442 642 1451 -
662 1415 702 1464 ⁴5.
725 1415 832 1462 elimata
853 1414 872 1462 T
890 1415 917 1462 et
936 1411 1052 1462 Oberlini
1068 1415 1098 1462 Α.
1121 1441 1147 1448 -
1168 1413 1207 1462 46.
1226 1413 1364 1474 Assyrioque

353 1493 380 1542 B.
400 1492 487 1541 Ceteri
505 1491 602 1544 nostri.
622 1491 701 1539 etiam
719 1489 745 1550 d,
764 1489 923 1550 Assyriaque.
945 1515 971 1523 -
992 1488 1031 1536 48.
1050 1488 1134 1536 edacis
1149 1489 1177 1536 B.

319 1643 418 1706 optime
441 1640 603 1703 expresserit
624 1641 727 1701 gratam
750 1640 788 1688 sio
806 1639 844 1687 ia·
882 1634 974 1687 achill.
994 1638 1048 1686 Tot.
1071 1649 1097 1700 p.
1124 1636 1148 1685 3.
1176 1636 1286 1686 ineolis:
1314 1632 1386 1684 Σιόὠι

320 1705 436 1765 centilrm
457 1713 643 1776 negligentiam
664 1727 696 1763 ao
714 1711 844 1776 tranquil·
881 1711 927 1762 ἐπὶ
943 1707 1073 1781 θαλάττῃ
1092 1707 1184 1772 πόλις·
1212 1705 1386 1780 Ἀσσυρίωνῄ
1477 1709 1478 1736 ³

319 1790 448 1841 lissimam
466 1791 594 1853 quietem.
882 1784 1021 1836 θάλαττα.
1041 1787 1192 1835 Sehroeteri
1206 1788 1357 1836 sententiam
1365 1784 1392 1832 de

354 1865 393 1915 il.
429 1866 464 1912 sic
489 1863 593 1926 tentare]
639 1863 747 1912 Homeri
782 1860 844 1911 illud
882 1875 925 1911 vv.
950 1864 1030 1922 Sym
1053 1863 1079 1910 et
1101 1861 1218 1922 Assyrias
1239 1861 1290 1909 vid.
1310 1863 1333 1910 in
1351 1861 1392 1909 Ei-

321 1939 393 1989 Iliad.
412 1937 445 1998 β,
472 1939 536 1986 tio:
559 1932 629 2001 μὰψ
652 1929 737 1986 οὕτω.
772 1936 845 1986 Plato
884 1949 973 1987 eursu.
995 1964 1021 1972 -
1039 1936 1077 1985 De
1094 1938 1176 1984 nardo
1189 1950 1213 1984 v.
1229 1935 1384 1993 0d.2,t.8

322 2019 400 2077 Gorg.
419 2015 477 2063 506.
496 2014 546 2062 D.:
575 2005 667 2072 οὕτως
685 2008 758 2076 εἰκῆ.
794 2013 846 2060 Ρο-
886 2013 1205 2075 -C0d.antiquiss.B.‚
1225 2011 1390 2062 utilonis..

322 2089 384 2140 litio.
410 2089 467 2137 295.
495 2089 544 2138 Α.;
579 2088 629 2137 καί
654 2099 713 2148 ,τως
739 2080 847 2136 οὑτωσὶ
884 2086 1393 2148 exhibereAssyrioquenotandum.noo

322 2165 496 2232 παχυτέρως.
532 2163 581 2211 Dio
600 2162 738 2224 chrysost.
759 2162 799 2210 l5.
819 2173 844 2223 p.
884 2161 1070 2224 recipiendum
1087 2161 1167 2212 duco.
1191 2163 1394 2210 tamenimirro
1479 2223 1480 2228 Ἰ

323 2238 379 2289 tio.
399 2240 447 2288 a:
474 2230 528 2288 οὐκ
554 2235 585 2286 ἐν
602 2233 636 2307 τῇ
654 2229 766 2306 ἀγορᾷ,
796 2229 847 2284 οὗ·
885 2234 1032 2286 notandum
1050 2249 1110 2286 esse
1128 2236 1203 2294 dicit,
1222 2235 1395 2298 quodlemini·
1479 2239 1480 2260 ³

323 2313 394 2362 τωσὶ
411 2309 442 2361 δὲ
459 2311 520 2362 κατ’
537 2313 641 2362 οἰκίαν.
677 2313 796 2361 Donatus
813 2309 847 2358 ad
886 2325 920 2361 no
938 2324 1037 2372 genere
1055 2324 1120 2361 usus
1137 2311 1172 2360 sit
1188 2311 1318 2360 Horatius.
1351 2309 1393 2358 Cir.

323 2390 383 2437 Ter.
403 2387 484 2436 Andr.
506 2388 533 2446 4,
552 2388 580 2446 2,
600 2386 632 2436 l:
653 2387 703 2434 «sic
721 2399 770 2449 pro
781 2383 849 2433 levi·
887 2387 961 2435 Ovid.
975 2389 1004 2434 A.
1019 2389 1048 2434 Α.
1062 2385 1090 2446 3,
1109 2384 1172 2436 tl3:
1191 2383 1394 2446 coena--uqntde

324 2465 365 2510 ter
391 2463 419 2509 et
443 2459 623 2522 negligenter,
654 2459 726 2522 quod
755 2458 847 2508 Graeci
886 2460 1035 2508 nitidissima
1051 2461 1147 2520 nardo,
1166 2458 1211 2508 ubi
1229 2463 1317 2509 tamen
1333 2469 1396 2508 com-
1480 2481 1481 2486 =

325 2526 419 2595 οὕτως
436 2535 555 2584 dicunt.»
591 2536 644 2584 Cio.
658 2536 731 2584 Arat.
744 2533 801 2582 230.
815 2533 848 2582 de
889 2533 979 2597 plnres
998 2533 1081 2583 Codd.
1101 2534 1204 2594 liquido.

325 2609 454 2672 planetis:
484 2611 526 2659 Sic
550 2610 648 2658 molam
665 2621 754 2658 errare
769 2620 851 2670 napae
922 2609 962 2657 47.
991 2609 1082 2671 liuius]
1109 2601 1210 2669 Εὔϊος,
1230 2607 1309 2657 liber
1324 2609 1395 2671 pater.

323 2698 370 2747 per
391 2685 478 2733 nubilo
503 2685 575 2732 caeti.
610 2684 685 2734 idem
703 2695 767 2732 usus
785 2681 853 2730 obti-
889 2682 923 2733 ab
941 2681 1131 2732 acclamatione
1150 2677 1215 2732 εὐοῖ
1229 2675 1308 2732 εὐάν.
1335 2680 1397 2731 0444.

326 2761 373 2808 net
389 2759 460 2822 apud
477 2759 548 2821 Virg.
567 2761 633 2809 Aen.
653 2761 681 2819 t,
700 2757 765 2808 iti:
791 2758 852 2818 Iup·
889 2761 919 2808 Α.
939 2760 969 2807 Α.
990 2758 1017 2814 4,
1037 2757 1101 2806 563:
1128 2771 1193 2819 pars
1217 2759 1326 2807 elamat
1348 2757 1398 2806 liele

323 2835 390 2895 piter
401 2859 416 2870 -
426 2860 440 2869 -
452 2835 594 2895 Despiciam
609 2847 683 2882 more
693 2859 707 2869 -
718 2859 733 2868 —
743 2833 778 2880 sic
794 2845 853 2880 oer-
889 2845 957 2881 aree.
972 2831 1158 2894 (Erphantides
1168 2833 1193 2880 in
1204 2833 1314 2882 Meinek.
1326 2833 1397 2892 Frgm.

326 2909 373 2956 tice
397 2907 460 2956 coeli
485 2909 606 2958 Constitit.
640 2908 669 2967 8,
689 2905 753 2956 488:
783 2905 853 2956 sanie
891 2907 966 2956 Com.
986 2907 1050 2955 min.
1070 2919 1095 2969 p.
1115 2908 1147 2955 7:
1167 2900 1236 2956 Εὔιε
1253 2901 1399 2966 νισσοχωϊ

326 2982 433 3043 taboque
447 2984 550 3046 fluentes
567 2982 703 3043 Conponat
720 2982 747 3029 in
763 2981 853 3028 misero
890 2974 980 3042 ἄναξ,
999 2981 1103 3048 χαῖρε.)
1126 3008 1152 3016 -
1173 2982 1203 3030 ln
1221 2983 1325 3044 Cypriis
1341 2977 1399 3043 apud

328 3059 405 3120 toapa
421 3057 456 3105 sio
472 3062 552 3106 morte
568 3057 688 3116 necabat,
708 3050 748 3117 ὥς
759 3049 851 3112 ἔτυχε.
892 3053 1030 3105 Miillerurn
1043 3069 1069 3118 p.
1083 3057 1124 3116 90,
1139 3057 1163 3104 8.
1177 3057 1272 3106 Nestor
1281 3056 1315 3105 ad
1325 3057 1400 3105 tiene

330 3133 360 3182 Et
386 3128 497 3194 prorsus
523 3134 552 3181 ut
578 3131 718 3190 Horatius,
753 3131 853 3178 Seneca
891 3128 981 3178 laum:
1012 3124 1098 3177 θὶνόν
1115 3143 1175 3188 τοι,
1193 3129 1333 3188 Μενέλαε,
1350 3125 1399 3176 troi

331 3205 433 3270 llippol.
448 3205 512 3255 394:
532 3207 574 3254 Sir
591 3209 681 3255 temm
691 3206 774 3255 laetae
790 3203 855 3254 oolla
892 3204 1020 3268 ποίησαν
1037 3195 1156 3273 ἄριστον
1168 3203 1291 3269 Θνητοῖς
1308 3196 1402 3270 &vaput

326 3281 480 3343 perfundant
496 3293 590 3328 conae.
893 3293 991 3327 ,τοισιν
1021 3271 1222 3328 ἀποσκεδάσαι
1246 3275 1401 3343 μελεδῶνας.

364 3355 403 3403 45.
431 3352 525 3416 Canos]
553 3354 675 3403 Horatius
702 3353 759 3402 erat
776 3365 856 3413 prae-
893 3353 1024 3414 Theognis
1036 3353 1101 3402 883:
1122 3350 1179 3403 Τοῦ
1194 3355 1283 3404 πίνων
1294 3347 1351 3402 ἀπὸ
1360 3350 1402 3416 po

330 3441 417 3477 conas.
437 3427 503 3490 Epp.
523 3428 552 3485 4,
572 3428 616 3486 20,
636 3425 676 3476 tl.
701 3425 748 3475 Od.
770 3426 794 3485 ³,
809 3424 853 3484 il,
893 3423 1021 3490 χαλεπὰς
1038 3425 1189 3491 σκεδάσεις
1205 3427 1369 3494 μελεδῶνας.

331 3504 372 3552 25.
392 3500 570 3550 Pseudanaer.
590 3500 638 3549 36:
668 3498 773 3550 Πολιαὶ
790 3500 856 3550 στέ-
927 3503 967 3552 48.
992 3503 1186 3566 Carasedaoes]
1205 3505 1252 3554 0d.
1273 3507 1302 3564 4,
1322 3499 1402 3555 48,4·

330 3590 423 3636 φουσι
447 3571 548 3662 epipov·
586 3571 643 3637 Δὸς
669 3565 760 3644 ὕδωρ,
790 3571 855 3635 βάλ’
893 3577 1269 3628 Mordaees--sotticitudines
1310 3573 1402 3628 llesiod.

332 3647 430 3708 οἶνον,
449 3667 471 3696 ω
491 3655 550 3700 παῖ.
580 3677 607 3685 -
637 3651 747 3714 odorati]
768 3651 856 3700 «rosis
896 3651 925 3698 0.
946 3654 974 3700 et
989 3653 1020 3701 D.
1040 3653 1068 3702 6:
1087 3649 1261 3722 γυιοκόρους
1279 3652 1320 3716 (al.
1338 3663 1403 3718 yero-

333 3723 402 3774 bene
420 3723 553 3774 olentibus
571 3725 724 3780 coronatio
743 3738 805 3775 nam
822 3725 856 3774 de
894 3721 1013 3796 βόροι·ς)
1030 3724 1200 3789 μελεδῶνας.
1222 3755 1248 3764 -
1271 3729 1331 3790 Quis
1344 3721 1403 3788 pnes

334 3797 393 3848 oleo
411 3811 523 3848 rosaceo
545 3812 607 3848 eum
624 3798 711 3848 Schol.
731 3799 857 3862 explicari
895 3801 922 3850 in
948 3801 1067 3864 pedestri
1092 3817 1149 3852 or.:
1181 3803 1265 3861 “Quis
1282 3803 1349 3852 inter
1366 3807 1404 3846 voi

333 3886 387 3924 non
404 3875 509 3936 potest,
537 3886 599 3922 eum
624 3875 753 3935 sequatur
777 3875 858 3924 nardo
896 3877 1003 3924 nostrae
1042 3877 1248 3939 compotationis
1286 3877 1404 3926 ministros

333 3946 409 3996 arreti.
447 3947 543 3996 tinctos
555 3945 664 4008 capillos
676 3949 769 3996 eontra
780 3949 859 4010 signi·
897 3949 1000 4011 primus
1017 3950 1186 4012 refrigerabit
1207 3949 1404 4014 temperantque

334 4019 396 4070 licat
412 4019 459 4068 (ld.
478 4019 506 4080 3,
525 4021 570 4078 20,
590 4019 638 4070 tl:
657 4021 781 4082 Sparsum
797 4023 859 4072 odo-
896 4035 966 4083 aqua
988 4036 1020 4072 ex
1038 4027 1228 4088 praetereunte
1246 4027 1304 4076 rivo
1326 4025 1404 4074 nanta

333 4095 397 4144 ralis
413 4095 544 4144 tenariam
560 4095 665 4156 capillis.
897 4097 989 4147 vinum
1008 4102 1129 4149 nostram
1148 4099 1288 4150 Falernum
1296 4103 1322 4150 ‘ln

368 4169 408 4218 46.
427 4169 531 4230 Assyria
547 4182 595 4232 pro
615 4169 741 4219 «advecta
760 4183 792 4219 ex
809 4173 859 4233 Sy·
931 4172 971 4222 49.
991 4175 1109 4236 arderetis]
1129 4176 1220 4224 turen.
1241 4178 1289 4236 444,
1308 4171 1406 4224 titinio

334 4243 389 4292 ria»
413 4241 485 4307 apud
502 4247 595 4306 poetas
617 4243 780 4306 frequenter.
816 4246 859 4294 Ti·
898 4248 1010 4296 Setinum
1030 4248 1127 4298 ardebit
1149 4250 1176 4298 tn
1198 4263 1279 4310 awo,
1306 4249 1338 4298 de
1357 4245 1406 4292 ti¹1⁰

336 4315 399 4367 bull.
428 4319 455 4377 4,
483 4317 510 4378 3,
541 4319 572 4366 i:
621 4319 734 4380 Assyrios
763 4320 857 4369 odores.
877 4334 880 4382 1
898 4322 1060 4372 vehementi.
1086 4322 1321 4387 Euripltleiot:
1339 4319 1406 4386 step
