3012 4978
271 289 332 354 584
656 290 784 340 nomm
803 290 971 343 clamauit

271 451 419 500 castrorum
448 447 619 500 Hasdrubalis
643 451 670 499 et
697 448 827 514 Syphacis
857 448 920 512 (liv.
947 449 992 508 30,
1014 449 1030 498 5
1057 449 1083 498 et
1108 449 1137 508 6;
1162 447 1229 499 ilor.
1256 450 1285 509 2,
1307 449 1350 508 tii,

270 533 391 584 incendia
410 533 517 583 navium
529 532 785 595 Carthaginiensium
797 533 859 596 (biv.
873 532 919 594 30,
936 531 991 596 itt:
1009 531 1161 596 Scipionem
1172 533 1273 584 domita
1283 533 1353 598 apud

270 618 379 668 Zamam
396 617 483 668 africa
499 609 525 667 in
545 615 647 667 ltaliam
663 617 830 668 redeuntem.
851 643 879 654 ·-
897 615 951 668 Tali
966 629 1033 666 vero
1057 617 1159 667 honore
1176 619 1238 681 quis
1254 617 1356 680 dignior

269 702 410 764 scipione‘i
428 713 510 763 quem
526 700 626 751 Ennius
643 701 682 752 sic
698 700 808 751 otiatur:
828 702 954 763 modom
968 706 1081 752 rimarem
1095 703 1171 764 turbt
1181 702 1293 764 populu
1306 703 1356 752 iio·

269 798 373 846 monae,
391 789 514 846 quantam
529 785 688 847 columnam,
704 797 769 846 quos
784 799 825 834 res
842 789 899 834 tuor
913 789 996 849 gatos
1010 784 1149 847 loqumur?
1165 786 1265 836 Horatii
1280 785 1357 848 igitur

270 867 397 932 aequales
412 869 458 932 qui
474 866 516 918 illa
533 872 684 919 castrorum
700 869 862 932 nariumque
879 869 1002 920 incendia
1019 882 1154 920 marmore
1171 882 1300 934 expressa
1317 871 1356 918 vi-

270 952 385 1014 dissent,
411 951 532 1016 proiecto
556 965 618 1004 cum
640 953 690 1002 hos
707 964 801 1002 versus
818 951 944 1016 legebant
959 966 1013 1004 non
1027 955 1165 1017 poterant,
1191 955 1222 1002 ut
1239 951 1355 1004 nonnulli

270 1037 431 1100 interpretes
457 1037 552 1098 nostri,
589 1037 623 1086 de
648 1037 757 1086 incensa
782 1050 798 1086 a
823 1037 945 1100 Scipione
971 1037 1074 1088 minora
1101 1038 1260 1101 Carthagine
1285 1037 1356 1100 cogi-

183 1126 184 1129 ’
270 1121 353 1170 tare.»
387 1121 509 1183 Denique
527 1120 763 1171 commemoranda
781 1122 823 1171 est
844 1121 924 1170 etiam
941 1121 1051 1185 lahnii*)
1070 1123 1191 1186 speciosa
1209 1119 1355 1184 explicatio.

270 1216 323 1268 qua
340 1205 486 1267 genitivum
503 1205 555 1254 dus
570 1218 624 1255 non
641 1204 676 1254 ab
696 1203 801 1255 obiecto
822 1205 909 1254 laudm
925 1204 975 1254 sod
991 1218 1007 1254 a
1023 1205 1145 1256 subiecto
1161 1206 1279 1255 besodia
1292 1218 1356 1268 pen-

271 1287 335 1338 dere
353 1286 421 1350 volt,
445 1291 475 1338 ut
492 1289 622 1340 sententia
639 1289 684 1338 sit:
713 1300 786 1338 anon
802 1289 860 1352 ipse
878 1288 1009 1350 Karthago
1029 1287 1151 1337 incendio
1169 1285 1258 1337 deleta
1275 1285 1310 1336 ab
1326 1299 1356 1336 co

271 1373 317 1436 qul
334 1385 433 1422 nomen
450 1373 555 1436 accepit
571 1385 586 1420 a
603 1372 704 1423 domita
714 1371 828 1422 African
851 1372 936 1432 Quam
947 1371 1194 1434 interpretationem
1206 1383 1261 1433 quo
1273 1371 1357 1420 minus

270 1455 434 1521 prohemus,
461 1457 524 1507 iacit
541 1457 568 1506 et
590 1456 752 1507 constructio
769 1455 912 1506 durissima
937 1457 965 1506 et
981 1453 1054 1518 quod
1069 1454 1156 1505 mades
1171 1455 1302 1517 genitivo,
1326 1453 1357 1504 ad

273 1553 355 1604 quem
372 1541 536 1600 reserantur,
555 1553 647 1590 carere
665 1541 709 1589 vix
727 1539 858 1604 possunt.)

338 1625 395 1674 lam
412 1637 477 1674 vero
494 1624 614 1675 Mainake
631 1622 732 1686 legem,
751 1635 833 1686 mam
851 1623 973 1672 Horatius
991 1622 1020 1672 in
1035 1622 1076 1672 his
1092 1621 1258 1672 carminibus
1275 1620 1359 1672 Ascle·

273 1709 376 1773 piadeis
394 1709 548 1758 constanter
564 1709 672 1757 secutus
691 1709 746 1766 est,
764 1705 850 1770 probe
868 1705 1069 1766 animadvertit,
1088 1707 1177 1756 omnia
1193 1706 1222 1756 in
1238 1705 1358 1769 strophas

273 1795 465 1857 quatamornm
483 1803 610 1842 versuum
627 1789 771 1841 dividenda
784 1803 860 1850 esse,
881 1791 908 1840 et
927 1802 996 1854 quae
1015 1789 1150 1842 vocabant
1167 1787 1359 1860 μονόστροφα

273 1877 329 1940 (Od.
350 1878 377 1936 t,
400 1876 423 1924 t.
443 1874 498 1924 Lib.
518 1875 548 1936 3,
570 1875 622 1937 30.)
640 1877 667 1924 et
692 1887 760 1937 quae
784 1871 929 1945 διατροφα
959 1874 1014 1937 (οᾰ.
1034 1875 1062 1936 t,
1085 1875 1109 1925 3.
1129 1875 1170 1925 43.
1190 1876 1230 1924 49.
1259 1873 1315 1924 lib.
1332 1873 1358 1932 3,

272 1959 297 2009 9.
321 1961 361 2008 to.
381 1958 422 2008 aa.
441 1957 482 2008 it.
501 1959 542 2008 25.
561 1959 602 2009 28.
622 1958 678 2009 lib.
698 1957 726 2020 l,
746 1960 769 2009 t.
789 1958 823 2021 3.)
851 1960 878 2008 et
900 1960 1021 2022 systema
1038 1957 1244 2023 asclepiadeum
1262 1958 1358 2016 mains,

273 2041 336 2094 olim
352 2038 561 2113 μονὸστροφον
580 2041 636 2106 (od.
656 2044 684 2104 t,
703 2044 744 2092 tt.
765 2044 804 2094 t8.
831 2043 888 2094 Lib.
906 2041 938 2103 t,
960 2042 1021 2105 ⁴⁰·l·
1056 2042 1272 2106 Haudquaquam
1289 2041 1361 2104 igitur

273 2127 402 2178 credibile
421 2129 462 2177 est
478 2126 562 2178 semel
584 2127 769 2178 tantummodo
787 2127 822 2176 ab
839 2140 872 2177 eo
889 2126 960 2176 hanc
976 2124 1064 2190 legam
1081 2127 1223 2189 migratam
1241 2138 1317 2186 esse,
1337 2127 1361 2173 et

274 2212 384 2274 quidem
401 2213 428 2262 in
446 2213 563 2262 carmine
580 2213 725 2262 maturiore
743 2213 797 2262 iam
813 2213 901 2262 aetate
918 2212 1077 2276 composito.
1113 2211 1284 2273 Quapropter
1302 2221 1362 2272 pro·

273 2293 362 2346 habile
380 2296 410 2346 fit
426 2301 490 2356 aut,
517 2295 589 2359 quod
610 2295 652 2346 ille
675 2297 809 2347 asteriscis
828 2295 999 2360 significavit,
1026 2293 1126 2359 aliquot
1147 2291 1297 2344 versiculos
1313 2293 1361 2342 iarn

276 2381 421 2443 antiquitus
439 2379 585 2439 excidisse,
605 2379 651 2430 aut
667 2379 767 2443 aliquot
785 2393 898 2440 eornm,
915 2393 983 2443 quos
1006 2378 1065 2429 libri
1083 2377 1222 2438 exhibent,
1249 2377 1363 2440 interpo-

275 2461 353 2512 latori
378 2462 481 2512 deberi.
526 2463 619 2526 ltaque
645 2464 671 2512 in
688 2463 823 2527 prioribus
850 2463 1011 2514 editionibus
1035 2461 1097 2526 post
1124 2475 1150 2511 v.
1179 2462 1218 2511 ti.
1243 2458 1364 2511 lacunam

276 2547 392 2597 duorum
425 2558 553 2595 versuum
586 2549 779 2608 statueramus,
815 2547 913 2612 quihus
938 2548 1018 2611 poe'ta
1045 2546 1143 2610 partim
1167 2544 1293 2595 incendia
1325 2542 1364 2593 illa

276 2632 311 2680 ita
337 2628 484 2689 definierit,
520 2633 548 2680 ut
578 2643 643 2680 vero
669 2644 760 2681 rerum
786 2631 871 2681 ordini
900 2631 1011 2681 minime
1040 2630 1236 2693 repugnarent,
1271 2629 1364 2692 par‘a'm

277 2714 388 2765 modum
414 2714 550 2774 indicarit,
585 2727 639 2778 quo
665 2715 794 2779 Scipionis
824 2713 868 2766 res'
893 2716 984 2778 gestae
1010 2711 1087 2764 aliter
1117 2725 1199 2776 quam
1224 2711 1259 2762 ab
1286 2712 1365 2762 Ennio

277 2799 424 2860 posteritati
455 2797 567 2848 traditae
598 2799 687 2850 minus
709 2798 797 2849 clarae
818 2799 922 2849 luerint.
959 2800 1034 2848 Nunc
1058 2810 1139 2858 uero,
1167 2798 1261 2860 utpote
1289 2797 1316 2846 in
1338 2808 1364 2846 re

278 2881 356 2934 nimis
379 2883 494 2944 incerta,
526 2883 560 2934 ab
586 2885 659 2934 omni
679 2881 721 2933 vel
747 2881 858 2932 lacunae
883 2881 924 2932 val
951 2879 1160 2946 interpolationis
1177 2879 1365 2944 significatione

278 2967 305 3014 in
322 2965 375 3016 hoc
391 2967 509 3017 carmina
529 2966 719 3026 abstinuimus,
745 2969 786 3020 ut.
799 2963 892 3016 lectori
916 2965 1032 3016 liberum
1049 2965 1189 3016 arbitrium
1205 2966 1253 3026 sit,
1280 2967 1366 3014 utrum

279 3050 430 3101 remedium
448 3050 577 3101 adhibere
595 3049 670 3112 velit,
695 3053 725 3100 ut
741 3050 869 3114 strophae
887 3052 1080 3112 quaternorum
1096 3061 1227 3100 versuum
1245 3047 1364 3098 evadant.

279 3135 407 3186 Ceterum
425 3147 478 3184 non
495 3134 598 3184 silentio
616 3135 659 3184 hic
676 3133 903 3199 praetereundum
921 3136 977 3194 est,
1001 3132 1072 3184 illam
1089 3131 1177 3196 legem
1200 3129 1366 3195 quantumvis

279 3218 357 3268 nobis
383 3218 546 3268 arridentem
572 3217 696 3269 amnltis
721 3218 783 3268 viris
809 3217 894 3268 doctis
920 3218 1018 3268 acriter
1043 3217 1226 3281 impugnatam
1253 3227 1329 3274 esse,
1354 3225 1367 3262 a

280 3300 352 3352 nullo
369 3303 459 3353 acrius
477 3315 558 3365 quam
576 3316 590 3352 a
609 3302 729 3352 beodato
747 3301 909 3362 l'rdhlichio,
937 3303 983 3366 qui
1002 3302 1043 3351 his
1061 3300 1152 3350 verbis
1173 3302 1200 3375 in
1217 3313 1280 3350 eam
1297 3301 1369 3349 inve-

281 3387 339 3436 ctus
357 3389 412 3436 est:
441 3388 505 3436 «Do
520 3387 548 3436 ia
567 3389 648 3437 mosen
662 3387 888 3448 Askleptcdeiscbea
905 3387 1039 3436 Gedicbtea
1054 3385 1181 3434 deroldus
1196 3397 1248 3433 aur
1264 3383 1306 3433 cin
1321 3383 1369 3431 uad

281 3470 382 3520 dissolbe
402 3473 503 3521 Versort
518 3471 693 3532 wiedcrkohrt,
712 3473 777 3520 auctr
793 3472 832 3520 dio
849 3471 983 3520 Gedoaltea
998 3469 1146 3532 tdmauops
1159 3467 1224 3518 auctr
1240 3481 1292 3515 aar
1302 3468 1367 3515 ibren

281 3553 466 3615 llauptporttea
490 3557 554 3605 noct
579 3557 630 3606 sict
655 3557 704 3620 aas
718 3557 748 3617 je
767 3557 820 3604 ver
835 3556 888 3605 uad
911 3555 966 3604 oter
988 3555 1060 3604 Verso
1079 3551 1192 3603 vmmdtt
1209 3549 1367 3610 ortwbteta,

282 3637 388 3686 medem
411 3637 529 3688 velmetr
552 3640 607 3689 dari
631 3645 736 3690 dassen
763 3638 884 3702 Umsarrgo
904 3639 970 3688 arceb
990 3637 1169 3700 suscipiente
1186 3634 1307 3684 wochratn
1322 3634 1370 3682 arod

283 3721 333 3769 sicli
350 3721 385 3783 oli
407 3721 442 3768 tm
464 3722 565 3786 Anfoop
581 3725 641 3772 oder
657 3725 728 3776 little
744 3725 810 3774 dnos
828 3724 911 3774 Vereor
927 3723 1099 3783 obschtioasco,
1127 3723 1160 3770 do
1175 3719 1276 3784 [otpliob
1291 3717 1371 3768 wodor

284 3805 335 3854 dio·
351 3803 412 3853 noct
432 3805 552 3854 testord
572 3807 613 3856 dos
629 3807 722 3856 lidrers
742 3807 836 3860 solabor
853 3807 966 3858 dediciis
983 3807 1038 3857 otoo
1052 3805 1146 3856 andero
1161 3803 1302 3867 Schetdm
1323 3801 1371 3852 rard

285 4025 304 4031 -.
315 4024 657 4033 u-——o--o-v-

347 4183 361 4231 'p
380 4176 455 4223 tatirb.
473 4177 487 4222 i.
505 4174 592 4223 l'lntol.
610 4189 633 4224 u.
652 4177 785 4233 paedagog.
803 4177 855 4224 t'ol.
872 4179 907 4225 ti.
924 4191 947 4234 p.
964 4177 1012 4222 286.
