3012 4978
256 457 320 520 55ss
642 457 771 508 noaaru
790 457 960 508 cnnmuuu

252 599 374 659 pumma,
393 610 474 661 quarn
492 599 601 648 Romani
620 597 826 662 reportaverint,
846 609 879 647 ex
896 609 949 660 quo
966 594 1096 646 Hannibal
1114 597 1139 644 in
1151 593 1252 646 ltaliam
1265 597 1348 646 venit.

256 682 336 744 htqui
347 683 451 730 constat
462 694 495 730 ex
505 679 634 742 historiis,
648 681 701 730 lam
713 694 737 730 a.
752 693 777 730 u.
792 693 815 730 c.
829 679 886 730 539.
900 681 928 730 et
939 678 1045 730 duobus
1056 677 1232 743 sequentihus
1244 681 1350 730 Poenos

255 778 271 813 a
289 766 322 816 ll.
343 763 452 815 Claudio
469 763 592 816 Marcello
609 767 732 828 praetore
749 763 821 829 apud
844 763 937 814 Nolam
954 763 1035 814 luisse
1052 762 1215 828 profligatos.
1250 763 1350 814 Clades

254 849 326 912 apud
354 849 503 900 Metaurum
528 847 624 898 accidit
639 861 663 898 a.
682 861 709 897 u.
728 862 752 898 c.
771 848 828 898 till.
863 846 1002 898 Marcellus
1018 849 1104 911 prima
1121 848 1229 898 victoria
1247 845 1349 898 Nolana

255 932 346 981 docuit
363 929 538 982 Hannibalem
555 932 624 981 vinci
642 944 735 995 posse,
754 943 840 994 eaque
858 945 903 982 res
921 931 1058 990 Romanis,
1078 931 1112 980 de
1129 943 1277 988 resurnma
1288 931 1349 982 iere

255 1016 307 1065 iam
333 1015 552 1079 desperantibus,
584 1016 701 1065 ammam
727 1013 849 1065 reddidit.
887 1016 979 1077 ltaque
1005 1015 1122 1064 historici
1149 1013 1206 1066 dies
1230 1013 1349 1066 Nolanos

254 1097 344 1150 multis
369 1097 493 1150 laudibus
518 1097 730 1149 celebraverunt.
770 1100 825 1149 Liv.
848 1097 893 1158 23,
922 1098 962 1148 lii.
985 1097 1072 1148 Valer.
1095 1098 1163 1149 Max.
1182 1099 1211 1160 l,
1237 1099 1263 1148 6.
1298 1101 1348 1150 nt-

254 1193 307 1244 que
329 1184 378 1233 ista
400 1183 509 1232 victoria
531 1181 630 1234 Nolana
652 1185 705 1234 tam
729 1181 826 1232 crebro
844 1185 871 1232 et
893 1184 967 1246 grato
985 1183 1105 1232 omnium
1121 1195 1247 1234 sermone
1265 1196 1348 1234 usur·

253 1265 382 1328 pahatur‚
412 1269 442 1316 ut
466 1266 663 1330 propemodum
689 1278 732 1317 res
757 1267 785 1316 in
809 1265 983 1330 proverbium
1008 1265 1111 1315 abierit.
1148 1267 1204 1318 Cic.
1227 1267 1300 1316 Brut.
1320 1267 1345 1316 3.

254 1349 408 1412 hieronym.
427 1349 475 1413 Ep.
494 1351 536 1399 7.»
568 1351 619 1400 ΗΡ.

318 1433 428 1493 Verum,
447 1435 478 1482 ut
493 1445 562 1496 quae
579 1432 696 1482 historici
712 1435 776 1482 sunt
791 1433 940 1496 argumenti
962 1435 988 1482 in
1005 1433 1057 1484 hac
1074 1433 1243 1484 adnotatione
1255 1436 1347 1484 omnia

253 1516 447 1578 concedamus,
467 1517 558 1581 quidni
576 1517 712 1578 Horatius,
731 1516 795 1566 dum
813 1515 938 1568 Claudios
955 1518 1076 1567 Nerones
1092 1517 1219 1580 patricios
1231 1518 1346 1568 summis

253 1598 377 1651 laudibus
394 1599 507 1660 extollit,
526 1602 560 1650 hl.
580 1599 721 1650 Claudium
737 1598 891 1651 Marcellum
908 1599 1043 1664 plebeium
1059 1601 1240 1664 praeteriens,
1263 1614 1347 1666 prae-

253 1683 354 1734 claram
380 1681 450 1734 illam
475 1685 614 1742 victoriam
635 1697 650 1734 a
675 1686 704 1734 C.
724 1682 834 1735 Claudio
856 1685 962 1735 Nerone
986 1697 1019 1734 ex
1042 1683 1208 1735 Hasdrubale
1232 1683 1347 1736 relatam

252 1769 369 1832 primam
391 1767 435 1818 tali
456 1769 563 1818 nomine
584 1780 649 1818 vere
666 1767 774 1831 dignam
790 1781 888 1818 vocare
905 1769 1042 1832 potuerit?
1075 1769 1153 1832 Apud
1169 1771 1277 1834 poetam
1294 1783 1346 1819 an-

253 1853 308 1900 tem
325 1850 439 1914 lyricum
455 1851 482 1901 in
500 1850 685 1902 huiuscemodi
702 1851 832 1915 exemplis
849 1864 882 1902 ex
893 1851 1063 1916 antiquitate,
1082 1863 1136 1903 non
1148 1866 1181 1903 ex
1191 1854 1346 1916 praesentia

252 1935 371 1998 repetitis
388 1935 504 1986 historici
521 1935 657 1999 scriptoris
674 1937 871 1987 accurationem
893 1949 1003 2001 semper
1023 1937 1161 2001 requirere
1183 1949 1280 1989 sanum
1302 1937 1346 1987 in-

252 2019 399 2082 terpretem
416 2017 508 2080 valde,
528 2019 633 2083 opinor,
652 2019 774 2070 dedecet.

725 2181 868 2192 -ι--ι

554 2309 923 2372 ΕΧΗΗῑΒΙΙΒ
961 2313 1023 2368 ΙΙΙ.

679 2461 718 2509 ho
734 2473 777 2510 vv.
796 2459 903 2511 ol-et.

317 2579 390 2629 hiano
406 2579 544 2644 stropham
560 2579 594 2630 ab
613 2581 724 2632 Holman
741 2579 924 2646 Peerlkampio
941 2595 994 2632 non
1014 2581 1197 2632 addubitatum
1215 2595 1266 2646 pro
1276 2581 1346 2634 sub-

250 2661 331 2712 ditiva
342 2662 436 2713 hahuit
446 2663 500 2713 iam
512 2665 541 2714 C.
556 2666 583 2714 L.
597 2665 703 2726 sarava,
716 2665 854 2728 professor
864 2665 1100 2728 Regiomontanus,
1114 2667 1140 2716 in
1152 2665 1344 2731 scriptiuncula

250 2746 285 2796 ad
303 2749 332 2796 G.
351 2748 379 2797 L.
399 2745 569 2798 Klausenium
592 2748 664 2798 4836.
684 2749 778 2799 missa:
804 2750 839 2799 ah
866 2749 951 2800 otioso
977 2749 1048 2800 enim
1074 2750 1255 2801 Grammatico
1281 2765 1344 2802 eam

249 2829 409 2882 inculcatam
427 2845 501 2894 esse,
524 2833 570 2895 qui
586 2833 668 2884 animi
685 2845 765 2882 causo
783 2834 822 2884 sic
839 2833 947 2896 Hydrae
966 2835 992 2884 et
1008 2831 1147 2904 Σπαρτῶν
1164 2835 1269 2886 tabulas
1286 2838 1343 2885 na-

249 2917 322 2964 ctare
340 2915 460 2965 voluerit.
492 2915 584 2976 (Nemo
596 2917 686 2966 autem
698 2916 815 2967 atrocius
832 2917 858 2966 in
870 2919 922 2968 hoo
934 2930 1043 2968 carmen
1055 2921 1191 2982 grassatm
1202 2921 1246 2970 est
1258 2932 1344 2982 quam

249 2999 342 3049 Martio
358 3001 397 3048 De
414 3000 510 3060 diacoi
525 3000 625 3050 Horatii
641 2999 799 3051 mattos
811 3001 919 3064 (Posen.
939 3000 1021 3065 leit.)
1040 3014 1067 3066 p.
1088 3003 1121 3052 lii
1141 3013 1194 3065 sq.‚
1224 3004 1271 3066 qui
1288 3015 1341 3053 non

250 3080 337 3133 solum
350 3097 413 3133 cum
424 3081 607 3146 Peerlkampio
620 3096 713 3134 versus
723 3085 748 3134 2.
762 3084 786 3134 3.
800 3083 824 3135 l.
838 3085 862 3135 6.
877 3085 965 3135 iti-aa.
979 3084 1068 3137 tl-ta.
1082 3085 1182 3148 73-76„
1196 3085 1341 3138 sedetiam

249 3180 291 3214 vv.
310 3165 398 3218 hil-36.
418 3166 506 3216 65-68.
525 3165 670 3217 eiiciendos
688 3166 799 3230 censet.)

314 3251 383 3300 Sane
408 3249 523 3301 notabile
549 3254 592 3302 est
615 3263 709 3302 versus
735 3253 796 3302 ante
822 3252 950 3303 criticum
976 3251 1134 3304 Leidensem
1155 3253 1219 3304 huic
1236 3255 1279 3306 vei
1304 3254 1340 3306 illi

248 3336 402 3398 suspectos,
422 3336 511 3386 Carm.
526 3335 554 3396 3,
574 3336 618 3396 n,
638 3336 693 3386 5·8.
707 3335 737 3396 i,
756 3336 785 3396 l,
804 3336 903 3396 ⁴8³2..
921 3336 1027 3396 itidem.
1046 3336 1151 3396 athos,
1165 3337 1340 3401 mythologici

248 3431 308 3468 esse
327 3420 475 3482 argumenti
493 3422 521 3469 ct
541 3421 597 3470 sine
616 3432 713 3483 magno
734 3420 883 3470 carminum
899 3419 1060 3470 detrimento
1077 3417 1160 3470 deleri
1179 3433 1272 3484 posse.
1306 3426 1339 3473 At

247 3513 312 3549 vero
337 3503 453 3553 invicem
475 3517 536 3554 sese
558 3503 719 3563 defendunt,
747 3515 808 3553 eum
829 3502 1014 3554 demonstrent
1038 3504 1137 3554 lloratii
1163 3517 1270 3556 morem
1289 3505 1337 3570 lolii

247 3583 338 3634 dicent
353 3587 453 3648 vitium)
472 3587 566 3648 luisse,
592 3585 830 3638 Alexandrinorum
847 3600 930 3651 prope
948 3588 1000 3637 ritu
1016 3588 1042 3636 in
1059 3585 1120 3638 talia
1137 3587 1273 3640 interdum
1291 3603 1337 3640 ex-

247 3668 385 3729 spatiandi.
406 3669 458 3722 Cir,
478 3670 558 3722 etiarn
576 3672 768 3722 Wuestemann
786 3670 820 3720 ad
840 3671 930 3736 llorat.
950 3673 1002 3721 Sat.
1021 3671 1050 3732 θ,
1071 3671 1098 3732 l,
1117 3671 1157 3722 35.
