2992 4978
671 430 799 494 4404444444
818 429 988 482 ciantium

645 661 1009 720 Excutiens

700 802 923 851 novuti-20.

351 951 461 1014 Egregie
483 951 568 999 totum
589 947 678 998 locum
701 948 818 998 defendit
840 950 962 999 Iahnius:
992 948 1043 999 4Ηί
1061 953 1187 1014 quattuor
1203 963 1296 1002 versus
1312 949 1366 1014 plu-

286 1034 360 1084 ribus
377 1032 575 1084 difficultatibus
593 1031 715 1082 laborare
733 1033 782 1082 visi
800 1035 869 1082 sunt.
898 1033 1016 1082 Primum
1028 1033 1100 1084 enim
1117 1031 1218 1096 longior
1235 1033 1299 1083 haec
1311 1035 1367 1083 Cer-

194 1175 200 1186 ,
286 1117 344 1167 beri
361 1116 505 1181 descriptio
522 1117 647 1166 orationis
666 1128 780 1176 0044004,
806 1128 868 1166 0004
886 1119 964 1180 poeta
983 1115 1099 1178 reliquas
1116 1129 1161 1167 res
1177 1116 1295 1167 breviter
1312 1118 1368 1166 atti·

238 1259 243 1276 ,
286 1202 367 1264 gerit,
394 1200 562 1264 interrumpit
578 1201 606 1248 et
622 1198 695 1250 salvo
714 1212 795 1249 sensu
813 1198 909 1248 abesse
927 1201 1024 1262 potest.
1060 1200 1113 1249 Sed
1130 1202 1237 1264 saepius
1253 1201 1367 1250 Horatius

287 1297 386 1334 nerum
411 1283 603 1334 sententiarum
629 1283 667 1332 sic
693 1283 875 1345 interrumpit.
902 1285 931 1332 ut
952 1283 978 1332 in
1000 1281 1158 1347 ampliorem
1180 1285 1220 1333 rei
1237 1284 1368 1334 cuiusdam

288 1367 494 1431 descriptionem
512 1366 674 1430 exspatiatur
691 1369 718 1415 et
734 1367 795 1429 pust
811 1365 902 1429 plures
918 1379 1013 1416 versus
1031 1365 1141 1417 demum
1160 1368 1285 1418 orationis
1302 1366 1368 1416 illum

288 1455 416 1502 resumat.
434 1450 506 1510 V.i,
526 1450 571 1508 ia,
589 1449 708 1508 46--34;
733 1449 777 1510 34,
797 1450 900 1507 4-444
926 1450 970 1510 34,
991 1450 1109 1508 47-404
1134 1450 1162 1509 3,
1181 1449 1210 1510 4,
1229 1449 1330 1501 iit-it
1346 1451 1369 1499 04

288 1533 400 1592 64-64;
422 1533 465 1593 tl,
479 1533 552 1582 4-9.
567 1531 621 1596 (ubi
639 1531 770 1582 Sanadon.
785 1535 812 1582 et
829 1531 896 1582 Edit.
911 1532 1011 1582 Bodon.
1025 1547 1067 1582 vv.
1081 1534 1156 1583 4-5.
1170 1533 1240 1584 40040
1253 1533 1368 1592 0440444044

287 1617 333 1677 tl,
359 1615 464 1666 47-44.
490 1614 519 1675 4,
544 1614 571 1676 4,
596 1615 674 1674 4-4;
702 1615 729 1677 6,
754 1615 845 1666 a-ai.
864 1616 953 1666 Carm.
973 1630 1028 1666 sec.
1047 1615 1154 1667 44-44.
1181 1617 1265 1680 Epist.
1285 1618 1311 1675 4,
1329 1617 1368 1674 45,

287 1701 369 1752 4-43
388 1702 414 1750 04
431 1699 537 1748 iit-ai.
557 1699 671 1760 boeriug
682 1698 716 1748 ad
733 1700 786 1748 Sat.
801 1699 829 1759 4,
848 1699 876 1758 4,
897 1699 937 1748 40.
956 1698 1081 1749 44004000
1093 1703 1184 1750 004004
1196 1699 1369 1763 0000044040

289 1783 400 1836 Cerberi
424 1783 602 1846 descriptione
626 1783 681 1832 vim
704 1781 777 1844 lyrae
796 1795 847 1832 000
871 1783 960 1847 inepte
978 1782 1131 1833 celebravit.
1166 1784 1273 1834 Etenim
1288 1783 1372 1846 44444044

288 1873 376 1930 cupiit,
403 1880 510 1930 angues,
537 1867 640 1928 0444444οε
659 1870 686 1915 04
701 1866 783 1916 sanias
799 1878 934 1916 summam
952 1867 1010 1917 eius
1027 1868 1222 1918 immanitatem
1239 1870 1316 1931 atque
1335 1865 1371 1916 40-

289 1965 379 2001 404004
396 1950 554 2014 depinguat;
573 1948 742 1999 nihilominus
760 1948 834 2012 lyrae
852 1947 998 2000 blandienti
1016 1952 1104 2000 cessit.
1140 1951 1207 2000 Tum
1220 1965 1286 2000 vero
1297 1950 1371 2012 magis

290 2036 371 2084 etiam
396 2033 507 2083 oilendit
528 2045 587 2082 voc.
607 2034 666 2083 0400.
702 2035 853 2082 Pronomen
874 2035 895 2082 is
919 2035 1002 2094 enim,
1031 2034 1104 2096 quod
1129 2027 1371 2104 dpdorovoiiperov

290 2119 405 2182 (notione
423 2117 506 2168 nostri
523 2117 581 2178 4444,
601 2117 651 2178 die,
677 2116 732 2179 aaa)
750 2116 822 2180 apud
838 2118 933 2180 44044400
951 2116 1077 2179 frequens
1095 2119 1148 2176 est,
1174 2113 1333 2182 ἑγκλιτικόν
1349 2118 1371 2164 04

290 2195 472 2272 προκλιτικὸν
499 2199 583 2263 (quod
606 2202 726 2251 nostrum
750 2213 792 2261 er,
816 2200 863 2260 040,
887 2213 912 2249 aa
928 2199 1080 2262 significans
1098 2201 1124 2249 in
1141 2199 1252 2252 casibus
1269 2199 1372 2264 obliquis

289 2288 392 2336 tantum
416 2285 587 2348 usurpatur),
615 2295 677 2332 cum
702 2281 816 2346 logicam
840 2285 945 2333 tantum
970 2282 1127 2333 relationem
1153 2283 1267 2346 indicet,
1293 2295 1372 2346 nequa

290 2369 371 2419 ullam
392 2367 517 2432 pingendi
538 2369 593 2417 vim
612 2366 723 2427 habeat,
751 2365 785 2416 ab
803 2367 834 2416 iis
852 2365 961 2415 devitari
978 2364 1053 2416 solet.
1089 2365 1130 2416 Ad
1146 2365 1305 2430 pedestrem
1320 2379 1373 2416 ora-

292 2452 390 2502 tionem
407 2451 485 2513 igitur
505 2449 628 2500 Horatius
646 2448 771 2512 delapsus
790 2452 839 2499 004.
870 2451 1038 2512 Quamquam
1055 2451 1146 2500 autem
1164 2449 1243 2502 400440
1261 2451 1374 2511 0444404040

290 2533 333 2585 vel
351 2533 472 2593 0404040044
488 2531 570 2582 scribi
586 2535 688 2596 potest,
715 2544 812 2582 vereor
834 2533 937 2593 tamen,
965 2547 998 2583 00
1020 2533 1071 2583 hac
1088 2532 1130 2583 val
1148 2533 1198 2584 alia
1218 2535 1373 2586 correctione

292 2617 430 2668 Horatium
448 2617 535 2680 potius
553 2627 635 2678 440040
651 2613 774 2664 librarios
791 2615 977 2666 emendemus.
996 2617 1149 2669 inciderunt
1159 2619 1235 2669 anim
1252 2617 1374 2669 interdum

291 2703 387 2766 4400400
405 2701 432 2750 40
449 2701 521 2750 bunc
537 2699 692 2764 pedestrem
704 2713 859 2751 sermonem
885 2701 923 2762 (V.
939 2700 1013 2750 Ovid.
1027 2701 1104 2758 Trist
1118 2701 1147 2763 3,
1166 2701 1194 2762 4,
1215 2703 1258 2752 27.
1277 2703 1372 2754 lietam.

291 2785 320 2846 8,
341 2785 380 2833 46.
399 2783 487 2846 virgil.
506 2787 571 2833 Aen.
592 2785 619 2844 4,
639 2783 687 2834 443
705 2784 777 2846 004),
796 2783 822 2833 40
843 2782 941 2847 quibus
959 2783 1173 2848 reprehendendi
1195 2787 1374 2848 potiusquam

292 2866 454 2918 emendandi
471 2870 541 2918 sunt.
560 2868 667 2918 liiuime
685 2869 776 2917 autem
793 2880 819 2916 v.
832 2871 908 2928 atque
924 2867 951 2916 in
968 2867 1021 2916 line
1038 2879 1133 2918 versus
1150 2872 1264 2932 propter
1279 2862 1375 2918 444044-

292 2965 377 3016 τητα,
396 2963 478 3013 quam
496 2950 601 3012 dicunt,
620 2950 738 3001 offendit.
774 2951 817 3000 Sic
833 2963 877 2999 vv.
897 2955 933 3010 et,
952 2963 996 3012 00,
1014 2955 1056 3012 04,
1074 2956 1158 3012 044400,
1177 2965 1275 3014 aeque,
1298 2950 1374 3001 necin

293 3034 345 3084 4400
368 3047 464 3085 versus
484 3032 607 3097 leguntur
630 3035 710 3096 atque
728 3033 780 3082 hoc
797 3033 885 3096 ipsum
902 3046 928 3083 v.
947 3034 998 3083 4400
1016 3033 1081 3084 00440
1099 3035 1214 3084 recurrit
1231 3037 1261 3096 2,
1279 3036 1323 3095 io,
1338 3035 1373 3082 it.

294 3119 414 3188 4400444ορ
432 3119 505 3167 40040
524 3119 604 3167 044004
621 3119 700 3181 poeta
717 3117 835 3178 0444444004
851 3119 879 3166 04
895 3117 991 3166 0004040
1008 3117 1150 3167 coniunxit.
1170 3115 1245 3169 Alter
1262 3119 1331 3168 enim
1348 3129 1374 3164 04

294 3215 341 3251 040
359 3202 385 3251 40
403 3207 494 3251 airam
511 3201 644 3262 ascendit,
664 3200 747 3251 044040
765 3201 791 3250 40
808 3201 909 3250 terram
926 3199 1028 3250 deiluit.
1064 3202 1210 3264 Utrumque
1228 3203 1255 3253 in
1268 3201 1375 3254 Cerbero

295 3283 518 3349 conspiciebatur.
553 3286 640 3344 Quare
658 3287 801 3334 00040040
819 3285 941 3335 40004004
957 3285 1002 3347 qui
1024 3287 1135 3349 propter
1151 3285 1200 3336 bas
1218 3284 1375 3338 difficultates

295 3371 364 3419 44000
381 3368 507 3433 0440444400
526 3368 645 3430 spuriam
663 3380 722 3418 essa
741 3367 889 3418 dixerunt.»

359 3451 420 3502 Eius
437 3449 485 3511 illi,
510 3449 544 3500 de
562 3463 615 3513 quo
634 3452 672 3500 tot
689 3451 828 3513 tantasque
845 3451 996 3514 tragoedias
1014 3453 1164 3502 excitarunt
1181 3453 1284 3514 critici,
1308 3463 1375 3516 pror-

296 3547 341 3584 sus
358 3533 443 3584 simile
461 3537 503 3586 est
519 3533 633 3585 alterum
650 3533 744 3584 Tibulli
756 3537 784 3594 4,
803 3535 832 3595 6,
851 3537 895 3586 at:
915 3536 994 3598 Saepe
1009 3538 1076 3587 00404
1092 3551 1203 3600 parimas
1214 3538 1377 3600 0400444004·

296 3629 342 3677 000
360 3617 511 3677 probarent,
541 3618 614 3681 quod
637 3617 708 3668 nullo
730 3618 841 3668 artificio
865 3617 1002 3669 eliminare
1026 3622 1165 3685 potarunt;
1193 3622 1296 3672 tantum
1313 3618 1376 3670 00404

296 3697 375 3748 abest
393 3701 424 3748 nt
445 3700 556 3751 dubium
579 3701 625 3750 flat
640 3703 752 3765 propter
768 3701 841 3751 ovid.
862 3702 937 3752 Trist.
958 3705 987 3762 2,
1012 3703 1056 3754 454
1077 3705 1104 3753 04
1121 3701 1177 3754 isa.
1200 3702 1377 3768 [quemadmo-

296 3783 361 3832 dum
380 3785 453 3832 ratus
471 3787 513 3832 004
529 3781 671 3834 Paldamus
682 3785 771 3833 Erotit
787 3798 813 3849 p.
827 3785 889 3849 58),
907 3788 938 3835 04
954 3784 1050 3836 eadem
1067 3787 1219 3838 firmissima
1231 3785 1376 3838 auctoritate

296 3865 401 3916 nitatur.
421 3865 559 3915 Accedunt
576 3865 650 3914 Ovid.
663 3867 741 3916 Trist.
755 3867 779 3928 3,
790 3865 820 3929 4,
831 3869 878 3918 44ε
896 3869 954 3919 Nea
970 3870 1036 3932 40404
1046 3870 1168 3921 4404004400
1179 3871 1267 3933 orbius,
1284 3868 1377 3934 4444444

296 3949 349 3998 aim
368 3948 463 3998 8404404
481 3947 599 3998 Achilleos
618 3961 669 3997 000
682 3950 824 4000 0440040004
837 3963 920 4012 equos.
955 3954 1076 4017 Propert.
1093 3953 1118 4014 4,
1136 3955 1167 4015 i,
1185 3954 1230 4004 35:
1256 3955 1300 4004 Est
1311 3953 1376 4003 04400

297 4033 404 4096 cumque
420 4033 510 4094 04400400
529 4033 688 4095 Varamos,
707 4038 732 4082 et
747 4036 813 4097 0404,
839 4035 942 4086 Traiicit
958 4036 1055 4087 044000
1072 4039 1115 4100 qui
1132 4039 1183 4088 leve
1199 4039 1299 4102 pondus
1313 4046 1374 4096 00444-

299 4114 385 4168 blanil.
404 4117 432 4177 4,
446 4115 507 4166 908:
525 4117 655 4180 [04400040
671 4131 704 4167 aa
714 4117 809 4168 viritas
825 4119 878 4168 0400
889 4119 1045 4181 Concipiens.
1068 4122 1102 4171 st
1118 4121 1223 4184 quidni,
1241 4120 1305 4170 dnm
1316 4115 1375 4168 04440

299 4199 468 4262 agnoscimus
486 4200 520 4251 ab
538 4201 646 4265 optimis
663 4200 815 4265 quibusque
833 4203 918 4266 poetis
936 4203 1006 4254 hanc
1023 4203 1209 4268 negligentiam
1225 4202 1312 4268 quoad
1325 4201 1374 4250 0400

299 4283 355 4334 lieri
373 4285 478 4348 poterat
493 4283 636 4334 devitatum
655 4297 726 4346 esse,
746 4285 826 4336 luisse
846 4288 934 4337 404000
947 4286 1061 4338 subinde
1077 4285 1162 4350 40000,
1182 4288 1227 4340 0444
1239 4289 1295 4338 sine
1306 4286 1374 4346 longa
