3012 4978
312 491 374 556 578
669 485 671 490 ·
714 489 1023 542 ncnarncaruunnn

441 647 571 714 Gaudes
593 645 809 726 carminibus;
832 646 975 713 cumina
996 665 1172 733 possumus

444 771 574 836 Donare
596 778 629 834 et
649 767 789 855 pretium
811 767 922 836 dicero
943 767 1079 834 muneri.

442 893 512 957 Non
535 891 636 958 incisa
658 890 742 956 notis
763 909 925 954 marmora
946 887 1102 976 publicis,

441 1015 503 1079 Per
525 1032 609 1100 quae
632 1011 764 1099 spiritus
788 1022 820 1078 et
842 1011 906 1076 vita
928 1008 1013 1077 redit
1034 1009 1128 1078 bonis

438 1136 515 1230 Post
537 1143 673 1200 mortem
696 1131 852 1210 ducibus,
876 1152 941 1198 non
963 1130 1088 1198 celeres
1110 1131 1206 1219 lagae
1361 1132 1396 1196 15

439 1255 656 1342 Reiectaeque
679 1262 858 1321 retrorsum
884 1251 1072 1322 Hannibalis
1094 1255 1216 1330 minae.

379 1447 419 1495 ta.
437 1444 537 1494 munero·
547 1443 631 1504 libia,
646 1445 699 1494 tres
710 1441 802 1492 Blaud.
812 1480 818 1502 ,
830 1438 920 1507 fiyssl,
933 1440 1034 1492 Bentlz
1047 1444 1160 1492 muneris
1170 1441 1215 1503 Sd,
1228 1445 1284 1494 tres
1295 1441 1366 1494 dum-

345 1520 508 1580 unstrote,
522 1519 586 1569 item
599 1519 671 1570 [ΕΜ.
686 1544 715 1554 -
728 1518 777 1567 Vv.
789 1515 820 1567 tl
830 1516 893 1565 -t7.
907 1515 1063 1567 subditicios
1080 1518 1173 1567 censet
1187 1516 1273 1568 Holm.
1284 1515 1365 1567 Peerl-

345 1597 435 1660 kamp.
456 1622 483 1631 -
511 1595 551 1644 lb.
565 1593 651 1644 ceteris
669 1594 734 1658 nepe
751 1594 780 1643 B.
803 1590 900 1655 (Verba
918 1604 969 1640 nea
988 1590 1078 1640 celeres
1096 1591 1173 1654 napae
1186 1616 1200 1627 -
1214 1617 1229 1628 -
1247 1591 1366 1641 Laeuus

344 1670 419 1721 rediit
442 1669 533 1732 spuria
554 1667 679 1719 videntur
697 1667 824 1728 Haaekio,
856 1667 983 1728 Martiae,
1003 1665 1194 1730 Lacbmanno.)
1215 1691 1243 1704 -
1265 1667 1306 1716 itt.
1324 1680 1366 1716 ee·

345 1744 438 1794 nubitis
457 1745 512 1806 (sic)
534 1744 562 1793 T.

346 1904 387 1952 tt.
406 1902 447 1952 ta.
477 1899 749 1965 Gaudescannintbes]
775 1900 837 1963 aTu,
875 1895 1066 1964 praebetPlut.
1084 1899 1141 1948 Cat.
1162 1899 1224 1947 mai.
1245 1899 1286 1948 ts.
1312 1899 1398 1951 Catoni

313 1977 385 2042 quod
394 1987 556 2039 generosum
565 1975 684 2024 animum
696 1974 774 2038 longe
783 1987 842 2025 ma·
876 1973 999 2024 censorio
1017 1971 1107 2036 populi
1125 1973 1199 2022 iussu
1214 1974 1303 2036 posita
1319 1977 1398 2024 stalera

248 2052 250 2058 '
314 2054 354 2116 gis
365 2051 457 2112 decet,
475 2061 558 2102 sensu
569 2061 633 2098 vere
646 2050 751 2114 poetico
762 2061 840 2114 pruo-
876 2061 939 2098 cum
951 2046 1024 2098 titulo
1033 2047 1314 2100 honorificentissimo.
1327 2051 1400 2100 Prae·

314 2129 385 2179 ditus
396 2139 452 2178 ess·
466 2153 495 2161 -
504 2127 616 2188 pretium
627 2123 716 2188 dicere]
736 2123 785 2176 «de
796 2126 839 2175 iu·
875 2125 949 2174 terea
967 2122 1015 2173 cir.
1034 2123 1116 2172 inser.
1136 2135 1173 2173 m.
1193 2125 1250 2174 Lat.
1264 2123 1294 2174 T.
1308 2124 1328 2174 l.
1340 2137 1396 2188 pag.

253 2231 256 2246 ·
313 2205 354 2253 sto
377 2201 462 2265 pretio
480 2201 644 2260 carminum,
675 2213 745 2262 quae
766 2199 839 2250 omni
876 2196 933 2248 rte.
958 2198 1128 2248 Monumenta
1146 2197 1284 2248 historica.
1321 2201 1399 2249 Gene-

313 2275 471 2326 aliobcnore
482 2275 580 2326 certius
589 2272 839 2325 immortalemviris
875 2271 937 2323 ralis
955 2273 1045 2322 autem
1063 2275 1105 2321 est·
1122 2273 1255 2322 sententia
1273 2285 1325 2324 nec
1342 2287 1398 2324 cum

312 2348 383 2401 bena
410 2349 512 2400 meritis
537 2347 649 2412 gloriam
679 2348 837 2409 conciliant,
876 2359 979 2410 nupero
1001 2345 1118 2410 quadarn
1145 2347 1293 2412 interprete
1311 2348 1398 2399 reterri

312 2426 386 2474 recte
397 2425 541 2474 statuere.»
557 2449 583 2458 -
602 2422 713 2487 maneti]
731 2423 839 2473 omnino
874 2423 964 2485 potest
986 2421 1020 2472 ad
1043 2421 1174 2471 honorem
1196 2434 1210 2470 a
1230 2423 1354 2486 Scipione
1376 2423 1399 2472 in

313 2498 469 2561 exquisitior
485 2495 577 2558 lectio,
596 2498 623 2547 iu
643 2511 696 2560 qua
712 2511 738 2546 ν.
758 2498 840 2548 dicere
876 2495 1000 2560 Hispania
1021 2497 1138 2560 partum.
1166 2495 1220 2546 Cir.
1240 2497 1323 2548 etiam
1334 2497 1395 2562 Epp.

312 2571 446 2624 statuendi
484 2570 567 2621 babet
600 2571 837 2634 significationem
874 2569 905 2630 2,
925 2570 953 2632 t,
978 2568 1027 2620 248
1055 2583 1115 2634 sqq.
1152 2570 1281 2620 Cetemm
1304 2570 1399 2636 proba·

312 2659 401 2708 neque
419 2643 526 2709 intelligi
543 2647 645 2710 potest,
675 2659 724 2694 cur
740 2643 839 2696 librarii
874 2642 964 2694 biliter
987 2645 1030 2695 bic
1056 2644 1091 2695 de
1117 2647 1236 2696 virorum
1268 2645 1398 2698 clarorum

313 2719 458 2771 faciliorem
491 2719 633 2770 lectionem
667 2721 779 2770 menois
811 2721 838 2770 in
874 2720 969 2770 statuis
991 2717 1066 2770 locus
1086 2720 1203 2770 retertur
1225 2720 1262 2771 ad
1279 2735 1342 2783 eas,
1368 2721 1398 2772 dc

312 2794 487 2847 difficiliorem
515 2795 651 2847 mutarint,
688 2796 838 2846 Genitivum
874 2793 972 2858 quibus
994 2795 1135 2846 Suetonius
1157 2795 1249 2844 Oetae.
1274 2795 1322 2846 3⁴:
1349 2798 1399 2847 An·

312 2869 461 2936 explicant:
502 2869 665 2920 «estendere
702 2870 835 2933 pretium,
874 2871 967 2932 gustus
975 2871 1125 2932 precinunt
1141 2869 1398 2920 edieimmortelibat

312 2945 386 3011 quod
406 2944 489 2995 babet
506 2957 616 2996 carmen
637 2947 664 2996 in
681 2958 712 2996 se
729 2947 838 3009 specta-
873 2945 993 2996 bonorem
1006 2947 1142 2996 mennam
1158 2947 1252 2996 ducum
1264 2947 1397 3009 praestitit,

312 3023 404 3080 tumn
431 3019 458 3069 id
474 3019 547 3084 quod
565 3020 662 3070 eudem
678 3018 734 3069 lere
752 3019 836 3079 redit,
873 3021 917 3082 qui
945 3021 1079 3083 imperium
1110 3021 1200 3084 popott
1235 3023 1345 3073 denunt
1370 3035 1399 3074 et

312 3095 360 3146 sed
386 3093 504 3158 pedestri
527 3095 638 3144 crationi
658 3095 768 3160 propius
786 3096 836 3144 est.
873 3095 977 3146 minime
993 3097 1136 3146 mammam
1152 3097 1325 3147 reddidissent.
1350 3099 1399 3148 Itu-

312 3170 365 3221 Clr
385 3170 466 3220 etiam
483 3171 535 3220 Sat.
554 3170 583 3230 ἲ,
602 3169 632 3230 3,
651 3169 701 3219 23:
729 3169 839 3220 Callidus
874 3182 921 3231 que
952 3175 975 3220 et
1000 3183 1079 3232 opera
1103 3171 1223 3232 cuiusqrte
1246 3173 1399 3224 ammeta

311 3246 368 3296 bute
392 3245 464 3308 sipnc
487 3243 609 3308 ponebam
632 3243 704 3294 mitia
728 3244 951 3294 contemtibilis
980 3244 1089 3294 restituit
1114 3249 1137 3294 et
1166 3249 1265 3294 statuas
1293 3247 1400 3296 munitm

311 3322 367 3372 Nec
399 3332 464 3369 rere
489 3317 615 3383 superbia
641 3319 711 3370 inest
743 3319 837 3369 Flacco
874 3319 1021 3380 triumphati
1038 3319 1143 3382 cffipte'
1134 3333 1161 3368 m
1177 3310 1288 3380 utraque
1303 3321 1399 3384 [emti

311 3393 417 3456 indigna
435 3395 461 3444 in
480 3406 511 3444 ea
530 3392 660 3454 lectione,
688 3407 769 3458 quarn
788 3407 836 3445 nos
870 3395 971 3455 porticu
987 3394 1119 3444 dedicavit.
1149 3392 1214 3444 Geli.
1228 3396 1259 3444 N.
1272 3395 1397 3456 a.e‚rt.

311 3467 495 3533 praetulimus.
874 3468 1007 3532 lamprid.
1026 3467 1162 3520 alenti:
1189 3468 1319 3533 dequestus
1334 3483 1398 3520 sata·

345 3541 385 3591 ta.
399 3541 440 3593 tt.
458 3542 669 3607 netis-publicis]
684 3543 757 3592 «Non
770 3541 836 3592 tituli
873 3557 973 3592 morum
989 3548 1086 3593 statues
1105 3545 1220 3593 sirmam
1241 3544 1269 3592 in
1284 3543 1344 3606 soro
1358 3555 1398 3592 sue

312 3615 458 3677 insignibus
488 3616 603 3667 ducibus
633 3618 660 3668 iu
687 3619 836 3668 statuarum
873 3619 1396 3682 emennarecctloccctteddittspestts.-

312 3689 527 3754 (triumphalium)
553 3690 612 3741 basi
637 3691 744 3756 publice
762 3691 837 3742 incisi
872 3692 1093 3757 spiritusldtbcm)
1111 3699 1134 3744 et
1149 3692 1217 3757 mle]
1242 3695 1273 3746 b't
1291 3694 1337 3746 bic
1353 3706 1398 3743 nc-

311 3775 344 3812 ec
362 3763 454 3826 utique
476 3765 545 3826 sinc,
573 3769 602 3814 ut
627 3765 717 3816 talium
743 3765 837 3817 laudes
873 3769 959 3828 mina,
986 3767 1025 3818 sic
1043 3766 1126 3818 verba
1138 3767 1331 3831 respondentia
1347 3769 1399 3817 iun·

312 3838 393 3889 etiam
410 3852 426 3888 a
442 3841 556 3903 posteris
578 3839 762 3904 celebrentur,
789 3857 837 3892 ae-
873 3843 972 3906 guntur
996 3840 1044 3892 Od.
1063 3841 1092 3902 t,
1111 3841 1135 3902 9,
1151 3841 1198 3891 tu:
1221 3842 1305 3904 spiret
1322 3842 1397 3892 neta

311 3913 446 3976 quiparari
469 3917 582 3976 possunt
605 3913 768 3966 carminibus
792 3917 836 3966 bb-
873 3916 1341 3978 amorttvonquecnnnasscatom
1349 3919 1395 3966 cet.

309 4000 414 4050 mrum,
434 3987 837 4050 lortiumacstrenuorum,im-
873 3991 944 4054 Virg.
966 3993 1032 4042 Aen.
1054 3990 1084 4051 6,
1106 3989 1168 4042 8l8:
1197 3991 1332 4042 Emeda-et
1356 3989 1397 4040 etii

310 4067 464 4128 paratarum
479 4061 572 4113 laudes
589 4062 834 4128 praedicantibus.»
871 4066 998 4126 wenilo
1021 4065 1121 4115 mollita
1137 4079 1215 4128 aere,
1233 4067 1315 4116 Crede
1331 4065 1397 4127 equi-

311 4137 365 4188 tiv.
386 4137 416 4199 6,
437 4137 487 4187 29:
523 4137 609 4186 tetulo
633 4137 722 4188 tuteris
745 4141 833 4190 incise
872 4140 937 4201 dem,
954 4140 1024 4190 nivet
1043 4140 1132 4190 ducent
1150 4142 1180 4191 de
1201 4137 1396 4192 emmwned-

311 4210 410 4264 Eadem
422 4211 582 4273 litterarum,
602 4224 654 4262 non
666 4214 837 4278 compendio-
872 4220 912 4264 tras
935 4215 987 4264 cet.

309 4299 370 4337 rum
380 4285 516 4338 scribendi
528 4285 680 4352 (aptarum),
702 4288 835 4352 signitica-
906 4289 936 4339 ⁴5
953 4303 1031 4354 seqq.
1041 4287 1128 4341 Multis
1144 4285 1344 4340 difficultatibus
1359 4285 1394 4338 la·

312 4363 381 4411 tione
404 4362 468 4412 dixit
484 4363 509 4411 h.
529 4361 546 4414 Ι.
565 4368 645 4414 notet.
677 4361 834 4426 Exemplum
872 4362 950 4414 barat
961 4363 1004 4414 bic
1016 4362 1108 4420 locus.
1132 4365 1160 4413 ut
1172 4365 1257 4414 exstat
1273 4363 1300 4413 in
1312 4361 1393 4414 omni
