2992 4978
703 450 830 500 ΗΟΒΑΤΙΙ
851 449 1022 501 caeditius

676 959 910 1022 cm
937 959 1051 1020 ΣΠ.

445 1129 604 1196 inclusam
625 1129 757 1194 Danaen
779 1129 875 1194 turris
899 1135 1002 1194 aenea

444 1251 672 1339 Robustaeque
694 1249 778 1315 tores
800 1259 833 1315 et
853 1248 984 1336 vigilum
1006 1267 1123 1316 canum

443 1373 561 1440 Tristes
583 1369 739 1439 excubiae
761 1371 944 1438 munierant
965 1372 1043 1438 setis

527 1494 696 1561 Nocturnis
718 1493 759 1560 eb
784 1491 954 1570 adulteris,

447 1654 480 1719 Si
502 1673 566 1718 non
587 1651 745 1718 Acrisium
759 1651 892 1750 virginis
913 1649 1043 1718 abditae
1373 1651 1388 1714 5

276 1831 279 1840 ’
383 1842 447 1892 xvl.
466 1842 548 1892 Inscr.
567 1838 635 1904 volg.
653 1840 932 1902 sacercerdotem,
952 1841 980 1890 et
996 1839 1035 1890 sic
1051 1837 1153 1890 BbSTc.
1170 1866 1198 1876 -
1219 1841 1242 1890 t.
1261 1840 1350 1892 danais
1363 1839 1385 1889 Τ.

348 2009 413 2059 XVI.
449 2009 516 2058 Cum
541 2007 702 2057 mirarentur
727 2005 838 2059 tortasse
908 2005 1387 2072 2.uooartae]«flrmissimae.»1³ost

316 2081 448 2144 nonnulii,
476 2095 524 2132 cur
544 2081 667 2132 Horatius
685 2081 719 2131 ad
742 2093 839 2132 conse-
875 2096 902 2132 v.
920 2085 1002 2132 sebee
1023 2083 1111 2133 minus
1129 2083 1258 2146 equidem
1268 2083 1387 2148 patticam

248 2219 252 2226 ¹
315 2157 436 2224 quendas
447 2170 513 2222 opes
524 2157 597 2208 haud
608 2155 703 2208 mebus
719 2157 839 2207 uteretur
877 2155 1038 2206 crediderim
1049 2157 1101 2207 boe
1110 2169 1173 2207 cum
1182 2157 1326 2208 Forceliino
1334 2155 1390 2206 diis·

315 2235 420 2296 revere,
439 2245 493 2296 quo
510 2231 643 2295 gaudebat
661 2230 733 2295 apud
748 2233 840 2295 Augu-
877 2243 930 2294 que
947 2230 1097 2296 explicare:
1118 2245 1173 2282 «ex
1189 2232 1290 2286 mbore
1306 2231 1387 2290 betae,

316 2314 387 2360 stum
411 2309 438 2357 et
454 2308 650 2368 Maecenatem,
676 2305 718 2357 his
738 2306 772 2355 ita
794 2319 840 2356 re·
876 2317 1023 2369 quernae.»

316 2382 446 2447 spondet,
474 2383 504 2430 nt
524 2394 573 2430 sua
594 2393 623 2431 ae
641 2382 712 2431 sorte
729 2389 839 2444 prorsus
909 2379 933 2429 3.
951 2379 976 2430 t.
998 2380 1094 2446 Tristes]
1111 2393 1235 2432 severae.
1248 2381 1386 2432 ovidtt

316 2457 472 2507 contentum
489 2467 549 2506 esse
562 2454 741 2515 demonstret,
760 2455 840 2504 adeo-
876 2453 907 2515 3,
934 2454 999 2504 60⁴:
1029 2455 1107 2504 tristia
1129 2456 1246 2506 modia
1269 2455 1339 2508 servi.
1365 2479 1386 2490 -

316 2543 369 2593 que
386 2542 402 2578 a
419 2527 565 2580 maiembus
582 2528 677 2578 divitiis
701 2531 838 2592 tamquam
875 2529 1032 2593 macerae]
1071 2541 1104 2579 ex
1142 2529 1269 2593 opinione
1304 2527 1389 2580 scilicet

316 2603 546 2658 onere,animum
571 2615 649 2653 suum
674 2601 837 2663 abborrere;
875 2603 976 2654 Acrisii.
1017 2603 1118 2654 Eadem
1135 2604 1333 2656 constructione
1348 2600 1387 2652 od.

314 2679 387 2744 quod
404 2678 427 2728 si
443 2680 533 2727 tamma
550 2689 669 2740 unquam
694 2677 837 2740 contingat,
875 2678 904 2739 t,
924 2679 969 2739 tt,
987 2677 1037 2729 28:
1064 2677 1225 2740 meam,
1249 2679 1298 2729 atri
1311 2703 1326 2716 -
1339 2676 1390 2724 -b

315 2755 345 2804 ut
365 2751 440 2817 ptura
465 2750 544 2812 vetit,
574 2763 604 2802 se
628 2752 655 2802 in
679 2753 838 2802 Maecenatis
874 2758 963 2802 casae.
993 2777 1021 2788 -
1047 2752 1182 2818 adstiterit]
1213 2753 1296 2804 etiam
1316 2749 1389 2802 detis

315 2829 376 2878 nota
390 2824 547 2876 liberalitate
565 2827 750 2890 acquieturum
767 2839 836 2878 esse.
876 2826 985 2888 dicitur,
1013 2828 1058 2890 qni
1075 2827 1206 2891 virginum
1234 2828 1344 2880 castitati
1359 2826 1389 2875 in·

317 2929 344 2938 -
364 2902 489 2952 aConstat
506 2902 567 2964 post
583 2913 608 2950 a.
626 2901 683 2952 722.
703 2902 838 2966 composi-
876 2901 1013 2952 ddiantnr.

313 2981 371 3026 tum
393 2988 467 3035 esse,
494 2974 567 3038 quod
582 2977 662 3039 poeta
678 2974 767 3025 villam
783 2975 838 3026 iam
907 2977 985 3026 6-8.
1022 2973 1157 3039 pavidare]
1186 2975 1291 3027 oraculi
1318 2976 1388 3026 metn.

313 3050 442 3115 possedit.
462 3049 495 3114 iv.
511 3050 551 3100 25.
571 3049 622 3113 39.)
640 3052 781 3102 Praeterea
802 3047 837 3100 nii
875 3048 996 3113 Apollod.
1009 3048 1027 3099 1.
1039 3049 1073 3100 t:
1092 3051 1361 3122 χρηστηριαζομένῳ
1376 3035 1391 3095 ὁ

315 3125 349 3176 de
367 3127 454 3175 aetate
471 3124 596 3176 scimus.»
614 3125 722 3184 Faenus.
874 3120 944 3186 θεὸς
955 3117 1013 3190 ἔφη
1022 3118 1200 3192 γενήσεσθαι
1210 3115 1391 3185 widemir

349 3201 371 3249 t.
384 3199 518 3263 induem]
530 3199 726 3250 Sententiarum
738 3211 836 3250 nexus:
875 3195 1034 3270 θυγατρός,
1048 3192 1082 3261 ὃς
1092 3192 1183 3249 αὐτὸν
1194 3191 1359 3270 ἀποκτείνῃ.
1368 3219 1389 3232 -

314 3275 439 3324 «Summa
448 3271 558 3336 quidem
568 3273 718 3324 divitiarum
729 3274 769 3324 vie
782 3276 836 3334 est;
874 3275 930 3338 sere
940 3273 1014 3344 etia]
1025 3285 1078 3323 «sc.
1085 3271 1233 3324 sciebant.»
1249 3273 1287 3324 ol.
1300 3271 1359 3324 Cod
1367 3267 1390 3317 T·

316 3349 344 3397 at
360 3347 474 3397 eaedem
492 3349 520 3396 et
539 3345 702 3399 calamitates
725 3347 839 3398 atterunt
877 3349 977 3412 «prebe
998 3349 1070 3399 enim
1088 3345 1210 3399 sciebant
1225 3347 1392 3408 deonandos

316 3424 344 3471 et
359 3433 452 3480 curas3
477 3421 602 3483 quocirca
617 3423 710 3486 paucis
727 3425 839 3473 conten·
876 3425 946 3474 inter
956 3436 986 3474 ee
999 3422 1103 3474 facilem
1118 3422 1174 3474 tore
1189 3421 1294 3473 aditum
1305 3420 1337 3472 ad
1348 3419 1393 3470 rir-

316 3498 358 3544 tus
381 3507 431 3558 ego
453 3507 516 3545 eum
533 3495 626 3546 Stoicis
647 3495 710 3546 nihil
727 3497 839 3561 cupien·
877 3499 966 3562 ginem
988 3498 1042 3547 lovi
1063 3497 1090 3549 in
1111 3509 1209 3550 aurum
1225 3498 1352 3548 mutato·
1369 3515 1391 3528 -

316 3567 387 3618 tibus
412 3569 505 3618 tecto.»
531 3595 557 3604 -
581 3571 704 3636 Danaae]
732 3570 839 3622 Fundus
876 3571 1029 3637 epraeter]
1049 3572 1091 3622 «in
1100 3583 1204 3634 aeuum,
1218 3575 1394 3636 quoconnm·

317 3641 421 3692 tabulae
439 3641 511 3692 liiad.
525 3639 559 3706 ξ,
572 3643 629 3696 349.
664 3647 731 3696 'rum
749 3645 840 3697 center
875 3648 1005 3712 parantur
1016 3645 1168 3697 custodes.»
1189 3640 1391 3710 aedepndesin

316 3716 457 3768 Simonidis
469 3719 561 3768 notum
572 3717 729 3784 λείψανον,
742 3721 840 3772 Pseud·
876 3721 954 3772 Anth.
962 3718 1015 3770 Pal.
1030 3722 1048 3770 1.
1061 3733 1089 3784 p.
1103 3720 1168 3770 ⁴02:
1186 3715 1257 3780 zeti,
1270 3712 1318 3770 διὰ
1331 3710 1392 3776 καὶ·

316 3791 442 3857 eurtpidia
458 3793 562 3844 Danaes
582 3793 737 3858 prologum,
757 3794 839 3860 Apol-
876 3797 961 3846 estes
973 3790 1083 3866 χρυσὸς
1095 3788 1160 3856 ider,-
1171 3791 1323 3860 θαλάμων.
1334 3791 1393 3843 Cum

316 3866 369 3918 lod.
387 3869 416 3929 t,
435 3866 464 3928 t,
484 3868 507 3918 t.
535 3871 562 3920 et
578 3867 667 3920 iocum
682 3869 838 3933 primarium
876 3869 928 3921 tevi
945 3870 1075 3940 εἰρωνείᾳ
1096 3870 1179 3920 totam
1200 3869 1271 3920 hane
1287 3862 1391 3918 neam

317 3945 428 3994 Pausan.
447 3944 475 4004 2,
494 3943 539 4006 23,
559 3945 583 3994 7.
618 3946 720 3996 Aurum
736 3944 763 3996 in
780 3946 838 3997 eius
876 3945 1034 3994 tractatiam
1046 3943 1288 4004 Horatius;minus
1300 3939 1391 3992 urbem
1479 3979 1480 3990 ,

317 4019 449 4082 meantum
467 4017 836 4071 descendensv.ddes.Borb.
874 4019 1037 4084 posteriores
1061 4019 1158 4082 poetae
1181 4017 1269 4083 ipsam
1292 4015 1390 4068 Danaen

262 4089 266 4106 ’
315 4094 347 4143 Π·
366 4093 394 4142 Τ·
413 4093 453 4144 ³⁶·
476 4093 560 4146 ⁰in-
588 4094 616 4143 T·
637 4093 678 4143 2⁴·
704 4119 732 4130 -
760 4095 840 4145 terris
876 4107 941 4146 auro
958 4095 1252 4158 comparauerant,
1276 4083 1388 4142 utoni.
1479 4089 1480 4124 t

316 4167 409 4231 aaa]
434 4166 556 4233 aphace
579 4167 662 4232 anag.
684 4167 741 4219 ata.
759 4171 838 4220 vocae
874 4169 1077 4233 ansam:
1102 4163 1391 4232 summani-⁸
1479 4175 1480 4230 ]

317 4235 632 4305 χαὶκοδέτουςαῦλάς,
661 4244 688 4292 et
709 4241 746 4295 Ei.
770 4243 835 4295 384:
874 4244 902 4294 te
922 4257 1030 4296 mouere
1049 4243 1117 4295 omit
1143 4244 1256 4304 Μαίον’,
1285 4234 1390 4292 W
1479 4293 1480 4304 ἶ

317 4315 467 4387 κατηρεφῆ
485 4317 597 4383 στέγην·
875 4319 1009 4381 insessa
1025 4319 1201 4372 esaeiae
1211 4317 1285 4370 edit.
1304 4307 1389 4366 muns
