3014 4978
688 444 817 502 llOllATll
836 453 1004 504 CARlllNUlrl

428 611 564 674 Dextras
586 607 748 684 obfirmet,
772 627 932 695 quaerere
955 607 1081 682 distuli,

428 733 494 796 Neo
517 729 600 796 seire
623 730 670 794 les
694 738 744 794 est
766 730 891 808 omnie3
914 767 956 777 -
979 728 1038 795 sed
1061 728 1116 794 diu

472 853 615 938 Leteque
638 851 788 917 victrices
811 860 960 918 catervae

514 971 662 1039 Consiliis
686 972 811 1038 iuvenis
838 971 977 1037 revictae

429 1132 588 1208 Sensere,
613 1129 692 1217 quid
714 1150 806 1196 mens
829 1129 906 1206 rite,
930 1128 1010 1216 quid
1032 1127 1158 1196 indoles
1345 1132 1381 1194 25
1490 1079 1491 1148 l

428 1252 550 1317 Nutrite
572 1251 683 1318 faustis
706 1250 768 1317 sub
790 1248 1009 1337 penetralibus

471 1373 601 1449 Posset,
625 1372 704 1459 quid
726 1371 860 1458 Augusti
883 1381 1037 1457 paternus

870 1469 889 1502 Ο

367 1556 408 1604 et.
433 1555 544 1604 obtereret
565 1565 699 1616 supersor.
721 1550 783 1601 «vel
804 1551 866 1600 sto»
885 1551 916 1610 d,
936 1550 1062 1600 ndonnet
1079 1565 1102 1600 e.
1124 1579 1151 1588 -
1170 1550 1212 1601 ei.
1229 1565 1357 1614 repressae

336 1643 404 1680 corr.
417 1627 452 1691 β,
471 1626 618 1687 Bentleius,
630 1627 736 1676 reiectae
747 1625 866 1676 Wedius.
882 1651 910 1661 -
922 1626 964 1675 26.
977 1624 1074 1688 [orestis]
1086 1627 1179 1675 sanetis
1189 1624 1275 1676 Bentl.
1288 1629 1355 1677 eoni.

335 1789 376 1837 il.
399 1789 440 1836 ii.
468 1787 592 1847 oborrnet]
616 1787 724 1834 Proeter
744 1785 830 1834 liore-
866 1785 1065 1847 proponentes:
1106 1784 1192 1834 Videre
1215 1785 1300 1835 lieetis
1326 1786 1385 1836 teilo

302 1863 368 1912 tium
397 1861 449 1910 hoe
476 1860 561 1909 verbo
589 1860 630 1908 usi
658 1861 721 1908 suut
749 1859 828 1907 etiem
866 1857 910 1906 sub
931 1857 1033 1919 limoso
1051 1859 1163 1908 Dmutm
1187 1866 1314 1922 perentem
1332 1861 1386 1910 Vsu.

302 1935 435 1986 Ausonius
463 1935 550 1998 Epigr.
577 1935 618 1983 eo.
649 1934 677 1982 et
702 1930 829 1995 Apuleius
867 1931 955 1990 delioi;
981 1936 1004 1981 et
1025 1931 1069 1980 diu
1091 1931 1140 1996 (vel
1163 1940 1186 1982 et
1204 1935 1322 1994 omisso,
1348 1935 1387 1984 diu

303 2012 410 2062 liietem.
436 2011 464 2069 Ξ,
491 2009 532 2059 it.
562 2008 592 2068 9,
620 2009 647 2056 t:
677 2012 767 2057 contra
790 2020 830 2056 me
867 2005 1015 2068 dumtaxat)
1043 2009 1112 2067 oet.;
1147 2019 1201 2071 quo
1232 2010 1386 2072 quideme!

302 2098 393 2136 monere
419 2085 511 2147 impios
542 2081 698 2132 oberorotat.
740 2082 829 2131 Lectio
865 2080 929 2130 nihil
946 2079 1096 2144 languidius
1114 2084 1259 2145 excogitari
1278 2087 1385 2149 poterat,

301 2160 428 2210 ortonnet
445 2160 505 2209 note
521 2157 628 2208 videtur
644 2170 677 2206 ex
694 2155 780 2207 littere
796 2157 829 2206 ti-
866 2167 928 2205 eum
946 2157 988 2205 red
1004 2157 1118 2220 optime,
1145 2160 1175 2207 ut
1192 2159 1265 2222 opud
1284 2161 1387 2210 Cicero-

303 2234 353 2285 nali
369 2234 719 2299 praecedentisviieetros.
733 2259 763 2268 -
777 2232 829 2281 dir-
865 2243 928 2280 nem
946 2229 1114 2294 frequenter,
1137 2231 1322 2296 subsequetur
1338 2249 1388 2282 xa·
1490 2247 1491 2272 ;

301 2310 355 2370 tuit]
389 2321 535 2371 «quaerere
562 2306 741 2370 supersedeo,
774 2319 827 2355 non
865 2303 1009 2375 pevddorrg
1025 2306 1187 2357 hoesensu:
1208 2307 1289 2368 «sed,
1308 2313 1386 2367 uteo.

302 2385 405 2434 vocet.»
428 2408 455 2417 -
479 2383 530 2430 Nec
546 2381 609 2430 seire
624 2381 666 2442 fos
682 2380 826 2442 solennia]
864 2378 936 2429 uude
962 2380 1098 2442 digressus
1127 2394 1204 2440 eum,
1243 2386 1386 2434 reverter.-

302 2459 358 2507 iioe
368 2454 476 2518 quidem
489 2453 571 2503 reie'rt
582 2455 827 2517 antiquissimorum
864 2453 977 2504 Omnino
994 2453 1092 2506 dehoc
1108 2453 1167 2505 loeo
1180 2455 1253 2506 idem
1271 2457 1328 2508 iere
1344 2471 1388 2506 re-

301 2535 454 2594 temporum
470 2539 594 2586 sensum,
622 2541 684 2577 oum
701 2527 828 2578 mortales
863 2528 913 2589 let,
940 2528 1013 2591 quod
1037 2529 1071 2579 de
1095 2529 1226 2582 similibus
1247 2531 1388 2596 digressio-

301 2605 415 2655 deorum
448 2599 582 2651 voluutote
615 2603 740 2662 negatam
776 2601 827 2652 eibi
864 2602 943 2653 nibus
966 2602 1014 2653 0d.
1033 2603 1062 2664 3,
1087 2604 1132 2664 tt,
1157 2605 1269 2654 ir-eo.
1292 2606 1342 2656 0d.
1361 2605 1386 2660 3,

301 2693 361 2732 esse
378 2688 470 2727 rerum
487 2675 618 2739 imprimis
635 2676 669 2726 od
687 2675 827 2738 religiones
864 2677 911 2738 tt,
935 2678 979 2727 i·
992 2678 1035 2739 n,
1054 2689 1139 2740 quoe,
1160 2679 1388 2741 quemadmodum

294 2753 490 2820 'pertinentium
523 2751 700 2813 cognitionem
734 2750 825 2800 timide
864 2752 944 2812 haee,
974 2752 1042 2800 miro
1068 2764 1132 2802 cusu
1158 2753 1216 2801 sine
1239 2755 1322 2804 metri
1344 2753 1388 2803 do-

301 2828 487 2893 agnoscerent.
514 2826 570 2875 Nee
587 2825 644 2875 sine
663 2837 744 2875 causa
762 2827 827 2875 See·
863 2839 926 2876 mno
938 2826 1054 2876 resecari
1071 2828 1191 2890 possunt.
1219 2827 1387 2892 Quemquam

298 2902 365 2966 liger
388 2901 538 2964 comparari
559 2899 636 2950 iussit
652 2898 727 2949 Piud.
746 2902 823 2950 Nem.
863 2900 888 2951 in
914 2900 966 2950 hoc
989 2900 1099 2950 artifieio
1124 2901 1228 2964 poetico
1254 2903 1387 2952 Horatium

300 2979 329 3037 t,
350 2977 396 3026 id:
424 2971 582 3038 στάσομαι·
607 2965 644 3023 oil'
660 2987 706 3022 τοι
723 2964 826 3023 ἅπασα
863 2975 951 3024 miuus
968 2972 1073 3024 felicem
1091 2974 1204 3024 Pindaro
1222 2973 1305 3027 luisse
1322 2974 1388 3026 houd

300 3047 419 3121 κερδίων
430 3049 572 3099 Φαίνοισα
583 3044 741 3118 πρόσωπον
757 3043 827 3097 ἀλά-
863 3061 940 3112 nego.

299 3125 353 3176 θεῖ
371 3117 504 3196 ἀτρεκής·
528 3123 584 3174 Kal
600 3117 636 3172 τὸ
652 3119 738 3190 σιγᾷν
754 3121 825 3173 reoi-
896 3123 937 3172 23.
956 3122 997 3174 il.
1021 3124 1145 3185 cateruae]
1163 3125 1256 3188 utpote
1273 3124 1309 3175 de
1328 3125 1388 3175 bur-

300 3196 383 3262 λάκις
408 3198 470 3249 ἐστὶ
486 3194 661 3260 σοφώτατον
681 3193 825 3268 ἀνθρώπῳ
862 3197 944 3248 beris.
966 3223 994 3233 -
1014 3198 1135 3260 Consiliis]
1155 3199 1308 3250 «commen
1326 3198 1389 3252 soili-

300 3272 416 3340 νοῆσαι.
436 3301 464 3310 -
486 3274 542 3322 lom
554 3272 725 3323 menifestum
742 3276 783 3324 est
798 3273 825 3322 id
864 3273 906 3321 eet
917 3271 1114 3333 irreperatonen,
1127 3273 1193 3332 quod
1202 3273 1297 3323 Graeci
1308 3289 1389 3344 orpu-

300 3349 437 3400 Horatium
456 3348 561 3410 egisse,
585 3349 615 3396 ut
632 3345 690 3398 loeo
709 3347 743 3397 de
760 3348 826 3398 Vin·
861 3341 980 3411 τήγημα
997 3345 1136 3408 appellent,
1154 3349 1184 3396 ut
1200 3348 1237 3396 uit
1249 3347 1387 3399 Cicerode

301 3423 392 3474 delicis
426 3420 591 3485 aliquantum
619 3422 823 3483 immoreretur;
862 3421 893 3469 N.
913 3420 944 3469 D.
963 3419 993 3480 3,
1008 3421 1037 3478 6,
1052 3421 1092 3470 ld.
1119 3421 1162 3469 Sic
1173 3419 1227 3469 Liv.
1243 3421 1273 3482 9,
1288 3423 1336 3484 47,
1352 3422 1386 3474 il.

300 3496 326 3546 id
346 3496 418 3560 quod
435 3497 535 3559 optime
552 3495 610 3546 fieri
628 3498 733 3559 poteret
749 3508 825 3547 more
862 3495 924 3544 Tuo.
935 3495 1003 3544 Anu.
1017 3493 1104 3554 2,8.»
1123 3493 1205 3544 iinuu.
1224 3523 1252 3530 -
1270 3496 1387 3560 revictae]

300 3568 504 3632 aliquoillorum
517 3570 612 3633 insigni
628 3569 824 3630 describendo;
863 3568 983 3618 Graviter
1017 3570 1045 3618 et
1078 3580 1141 3618 cum
1175 3568 1200 3616 u'
1224 3569 1388 3620 uictrioern

302 3642 381 3706 elegit
398 3644 475 3706 igitur
493 3655 587 3694 eorum
604 3657 729 3706 secures,
758 3657 827 3709 que·
861 3643 985 3704 revictae,
1012 3655 1138 3708 «prorsus
1154 3643 1254 3704 victae,
1279 3645 1388 3708 perditis
1490 3699 1491 3702 ,

299 3729 362 3768 rum
379 3717 465 3767 eciem
477 3718 588 3768 Romani
604 3721 668 3770 setis
686 3722 762 3769 erunt
778 3731 826 3769 ex·
863 3716 988 3767 omuibus
1013 3729 1082 3781 quse
1106 3718 1224 3768 victoriis
1246 3719 1305 3769 suis
1330 3721 1388 3770 ente

302 3793 389 3857 perti;
416 3793 496 3854 utque
519 3790 554 3840 od
577 3804 640 3842 eum
662 3792 744 3843 finem
761 3807 826 3845 usus
861 3792 944 3856 portis
972 3790 1024 3841 sihi
1057 3790 1294 3842 conciliaverunt·
1336 3795 1387 3844 cic.

302 3869 344 3919 est
360 3865 539 3930 digressione,
558 3878 627 3928 quoe
639 3867 766 3928 gravitate
778 3869 827 3918 mi·
862 3879 911 3930 pro
929 3863 998 3915 Sullo
1017 3866 1041 3915 i.
1060 3879 1114 3916 nou
1136 3866 1224 3916 miuus
1249 3866 1389 3930 sugend-

302 3941 374 3992 nime
394 3942 475 3990 earet.
511 3941 584 3990 Haeo
606 3951 669 3990 euru
690 3953 745 3991 nou
761 3943 826 3993 sotis
862 3943 920 3991 ter:
949 3940 1045 4002 perditi
1071 3941 1151 4002 oioes,
1179 3941 1296 3991 redomiti
1315 3948 1389 4006 atque
1490 3945 1491 3996 l

301 4017 486 4082 perspicerent
519 4015 677 4077 interpretes
716 4015 826 4079 qrridom
862 4015 929 4066 vieti.
948 4013 1025 4079 Apul.
1045 4015 1106 4066 Met.
1125 4015 1155 4075 8,
1174 4015 1224 4064 to:
1241 4017 1388 4066 metamor

302 4101 465 4153 omnemque
496 4087 568 4137 hone
601 4084 690 4138 locum
715 4101 826 4152 prorsus
862 4089 958 4139 reoieto
969 4088 1077 4139 mortu.
1098 4089 1280 4152 (Horatiorum
1298 4093 1387 4142 ouem
1490 4101 1491 4114 l

302 4164 417 4215 otiosum
434 4174 494 4214 esee
513 4159 655 4224 ducerent,
674 4160 827 4214 iudendo·
862 4161 978 4213 verbum
995 4163 1190 4214 restituendum
1207 4161 1315 4214 ridetur
1328 4164 1388 4214 on'-
1490 4207 1491 4226 ,

302 4239 365 4298 yeto
386 4251 436 4302 pro
460 4235 572 4287 insititiis
593 4235 643 4287 hos
664 4248 759 4288 versus
777 4237 827 4288 iro-
864 4236 908 4286 dio
930 4237 992 4288 liet.
1012 4237 1042 4298 9,
1061 4235 1109 4288 rt:
1141 4235 1279 4300 (Hydram)
1305 4235 1387 4287 donni
1490 4293 1491 4312 χ

302 4309 433 4372 buerunt,
452 4312 483 4361 iis
496 4309 590 4361 deletis
602 4310 641 4362 sie
652 4309 826 4362 scribendum
864 4308 1385 4388 domtmnqreperemi,ubieliireoinoi,
1490 4317 1491 4368 t
