3080 4980
311 451 351 514 54
698 449 825 499 HORATH
844 447 1011 498 clnnnnuu

484 605 652 671 iristitiam
674 606 824 692 vitaeque
847 603 976 670 labores

396 727 495 802 Molli,
519 727 652 802 Plance,
676 747 782 800 mero,
807 745 865 790 seu
889 734 920 789 tc
942 721 1094 810 fulgentia
1116 724 1214 810 signis

485 849 597 916 Castra
620 856 729 913 tenent
752 867 809 912 seu
833 845 936 912 densa
958 844 1078 911 tenebit
1238 904 1244 917 ,
1355 847 1396 910 20

395 1007 521 1072 Tiburis
544 1005 657 1071 umbra
680 1005 734 1070 tui.
779 1007 902 1069 Teucer
925 1001 1086 1069 Salamina
1106 1012 1297 1090 patremque

481 1127 561 1194 Cum
582 1126 724 1212 lugeret,
749 1134 855 1192 tamen
876 1123 941 1190 uda
962 1125 1072 1212 Lyaeo

398 1250 555 1334 Tempora
576 1245 716 1333 populea
737 1246 836 1312 fertur
857 1246 997 1312 vinxisse
1019 1266 1157 1321 corona,

482 1368 535 1434 Sic
556 1367 663 1432 tristes
689 1365 803 1432 allatus
826 1368 964 1433 amicos:

377 1550 417 1598 m.
437 1548 527 1611 rm]
546 1553 584 1598 er
601 1547 628 1596 r.
651 1575 678 1582 -
697 1544 737 1596 aa.
756 1546 834 1594 outo
851 1547 876 1594 s.

314 1699 422 1761 propter
439 1697 555 1745 rationes
573 1694 718 1744 aBentleio
734 1691 835 1754 allatas,
874 1693 952 1744 tinae.
966 1721 993 1728 -
1006 1695 1103 1758 remor]
1121 1695 1191 1758 virg.
1210 1698 1276 1746 Aen.
1297 1697 1320 1756 4,
1335 1697 1398 1747 649;

312 1773 382 1822 hano
409 1769 468 1820 lect.
498 1782 569 1819 nuno
594 1768 720 1833 praetuli:
748 1779 836 1829 neque
873 1769 952 1830 Atque
968 1770 1217 1830 waldem-immuto
1232 1773 1335 1822 memini
1357 1773 1402 1822 Si-

313 1858 475 1908 magnopere
492 1842 580 1907 placet
591 1844 771 1906 signratismus
788 1842 838 1890 irn-
874 1843 942 1892 dono
960 1845 1054 1906 entire,
1076 1845 1177 1894 Finibus
1198 1846 1330 1908 maruhan
1347 1860 1401 1908 pm

313 1921 556 1980 aresceremus:
574 1917 623 1975 κὶα
642 1930 674 1967 ac
691 1913 837 1977 iacileper·
874 1917 942 1978 triis,
969 1931 1036 1966 novo
1056 1933 1136 1982 roano
1154 1925 1276 1981 petentem
1296 1921 1402 1970 Auxilio

309 1989 629 2055 petuoscriripoteratvel
642 2004 674 2040 ex
686 2002 838 2040 accommo·
874 1992 935 2041 Beli.
970 1992 1061 2043 Vellei.
1081 1995 1137 2044 Pet.
1157 1996 1181 2055 4,
1201 1995 1229 2044 4;
1250 1995 1402 2045 Termerucn

314 2068 419 2118 datione
446 2065 481 2115 ad
506 2078 581 2129 prox.
608 2078 634 2113 v.
661 2064 765 2124 inrbrcs,
793 2061 836 2112 vet
872 2072 985 2128 receptus
1001 2073 1107 2129 epatre
1125 2069 1252 2119 Telamone
1269 2069 1299 2119 ob
1315 2073 1402 2133 reyni-

316 2156 349 2192 ex
361 2140 499 2204 sequentis
516 2152 576 2188 roc.
595 2137 680 2188 littera
698 2137 796 2188 initiali.
809 2165 836 2174 -·
874 2142 932 2191 tiam
952 2156 1002 2191 non
1022 2143 1165 2193 vindicatae
1184 2144 1274 2207 fratris
1296 2145 1400 2206 (Aiacis)

314 2217 411 2268 Herod.
431 2217 460 2276 2,
479 2217 524 2265 25:
555 2205 625 2263 ὅτε
645 2212 730 2276 νότος
752 2207 837 2263 καὶὸ
873 2218 983 2266 iniuriae
1001 2218 1111 2279 cuprum
1132 2219 1251 2280 appulsus
1270 2221 1402 2284 commni-

313 2293 378 2356 λίψ,
391 2285 506 2356 ἀνέμων
524 2284 633 2339 πολλὸν
649 2287 705 2338 τῶν
722 2285 837 2338 πάντων
874 2305 930 2341 nern
947 2293 1051 2354 patrico
1072 2305 1132 2342 moe
1153 2293 1285 2342 Salamina
1306 2295 1402 2342 consti-

313 2363 478 2418 ὑετώτατοι.
505 2392 532 2400 -
555 2364 621 2413 Nota
644 2365 669 2413 in
691 2365 743 2413 hcc
763 2377 789 2412 v.
810 2366 837 2412 et
873 2367 928 2415 tuit.
964 2365 1112 2417 Telamonis
1134 2365 1203 2416 iilius
1225 2368 1283 2416 erat
1302 2368 1402 2418 nothus

313 2457 337 2492 r.
360 2442 400 2491 39.
420 2451 560 2490 caesuram
583 2438 716 2489 diversum
736 2438 770 2488 ab
789 2451 835 2499 ee,
875 2453 907 2490 ex
925 2441 1048 2500 Hesiona,
1067 2441 1178 2490 Troiana
1197 2441 1308 2505 captiva.
1329 2441 1403 2490 Con-

313 2529 366 2580 qua
385 2517 410 2564 in
428 2514 524 2564 ceteris
541 2515 672 2562 usus-est.
875 2513 1008 2563 dicionem
1025 2517 1115 2564 autem
1128 2513 1253 2564 lintribus
1264 2517 1341 2578 pater
1353 2515 1404 2563 im·

347 2589 484 2652 43410444]
504 2587 585 2646 «mitt,
599 2585 677 2646 leni»
695 2586 744 2637 sed
757 2599 838 2652 ποιη-
874 2590 1017 2651 posuerat,
1044 2589 1074 2637 ut
1094 2601 1128 2638 ne
1151 2589 1217 2640 alter
1238 2589 1295 2639 sine
1316 2587 1403 2639 altero

313 2659 465 2732 τικώτερον
490 2660 623 2711 ἐπίθετον
648 2674 672 2709 v.
699 2674 781 2721 mero,
809 2663 838 2709 ut
875 2662 986 2712 domum
1002 2662 1110 2712 rediret.

314 2739 406 2788 Graeci
440 2731 520 2785 οἶνον
553 2730 688 2800 μαλακὸν
721 2731 837 2806 σκληρῷ
907 2737 948 2786 22.
976 2737 1038 2787 Gran
1058 2737 1164 2803 suqcrct]
1191 2735 1268 2787 Clare
1286 2737 1403 2787 demon-

313 2811 492 2877 opponebant.
528 2811 560 2860 Et
584 2811 623 2861 cic
644 2811 713 2874 virg.
737 2811 783 2860 Ge.
812 2811 836 2868 4,
875 2813 960 2862 strant
981 2813 1048 2862 haec
1069 2827 1111 2862 vv.
1131 2813 1262 2862 Teucrum
1282 2813 1316 2860 ite
1335 2809 1404 2860 allo-

313 2888 374 2937 ott:
393 2886 539 2935 mollissima
554 2886 623 2934 vino.
648 2886 738 2934 iuven.
753 2886 777 2944 4,
791 2884 835 2933 ott:
875 2887 919 2949 qui
938 2887 1049 2936 comites
1067 2900 1099 2936 eo
1117 2889 1174 2951 ipso
1191 2887 1319 2950 temporis
1331 2899 1404 2949 pun—

312 2961 384 3010 moro
401 2961 528 3010 Calenum.
564 2960 628 3010 Mire
649 2956 768 3009 nonnulli
788 2971 838 3020 pro
875 2963 927 3021 cto,
946 2973 1008 3010 cum
1026 2973 1152 3011 ancoram
1170 2975 1185 3010 n
1203 2959 1278 3010 litore
1294 2958 1405 3010 Salami-

314 3037 470 3100 imperativo
498 3048 523 3083 v.
550 3035 648 3084 muttire
675 3033 836 3083 habuerunt.
875 3034 1055 3085 nioeolveret.
1090 3035 1245 3085 Aliilrustro
1264 3033 1404 3098 appellan-

316 3137 342 3145 -
362 3110 445 3173 signis]
464 3111 493 3159 tn
515 3109 595 3172 signis
616 3106 773 3158 militaribus
791 3119 839 3155 eo-
875 3110 916 3159 tes
933 3122 958 3157 r.
973 3110 1017 3159 32:
1036 3109 1405 3174 Crcclnqemiterabimusoo·

314 3185 429 3233 hortium
451 3185 528 3233 erant
553 3197 613 3242 sex,
641 3184 701 3231 octo
724 3180 838 3230 laminae
877 3195 954 3245 quor:
974 3197 1052 3235 ocum
1069 3183 1102 3234 ad
1123 3183 1183 3234 litus
1202 3182 1298 3234 alicubi
1316 3195 1403 3248 appu-

314 3261 456 3320 urgenteae
480 3256 552 3318 (Plin.
577 3257 617 3316 33,
641 3257 664 3316 3,
684 3255 724 3316 49)
742 3256 839 3318 partim
877 3255 962 3317 iisset,
989 3258 1026 3307 ibi
1042 3260 1073 3308 ut
1089 3261 1285 3322 pernoctaretu

314 3333 477 3396 quadratae,
501 3333 598 3394 partim
619 3329 760 3380 rotundae:
779 3330 840 3393 qui-
910 3332 998 3382 22³3.
1013 3333 1164 3396 udadyoec]
1180 3331 1289 3392 «calida,
1301 3331 1404 3383 exhila-

315 3406 366 3456 bus
375 3405 456 3467 signis
466 3403 613 3467 aquilisque
623 3402 757 3464 legionum
768 3404 839 3468 apud
877 3409 933 3456 rata
946 3409 1033 3468 vino»,
1051 3410 1081 3456 ut
1093 3407 1165 3455 Ovid.
1180 3409 1268 3456 Amor.
1283 3408 1307 3466 4,
1321 3407 1345 3467 6,
1359 3407 1401 3456 37:

316 3479 477 3544 praetorium
488 3477 570 3527 humo
582 3477 667 3526 infixis
679 3480 764 3526 eastre
779 3477 842 3539 usui·
876 3483 1001 3532 modicum
1017 3483 1112 3529 circum
1122 3493 1178 3530 ntea
1189 3485 1302 3543 ternpore
1316 3482 1405 3530 vinum

315 3553 431 3617 uetant.»
450 3552 510 3602 Tuo.
530 3552 593 3602 illst.
614 3551 637 3611 3,
657 3551 701 3601 82:
719 3551 841 3614 seligenda
877 3559 974 3606 Momm
996 3560 1038 3604 est.
1075 3555 1127 3604 Gir.
1152 3557 1255 3604 nissen.
1284 3553 1317 3604 ad
1344 3555 1401 3604 rib.

314 3641 361 3691 per
377 3627 450 3676 colles
464 3627 566 3676 omitia.
879 3634 902 3690 4,
925 3632 949 3690 2,
978 3629 1005 3678 3:
1035 3629 1114 3678 multo
1134 3629 1266 3692 perfectum
1290 3634 1404 3690 ternpore

347 3703 387 3751 20.
425 3701 516 3751 Castra
538 3702 626 3764 tonent]
658 3714 770 3752 urursus
796 3699 842 3750 eli-
877 3705 984 3766 Baccho,
999 3705 1121 3753 «iamiam
1139 3703 1270 3754 ebriumn
1283 3717 1405 3766 -popu-

316 3775 440 3840 quando,
467 3778 497 3825 ut
522 3779 600 3825 antea
622 3788 730 3840 saepe.»
764 3773 838 3824 Ouid.
877 3780 925 3844 tea]
943 3780 1054 3829 Thener.
1068 3779 1093 3839 2,
1108 3779 1168 3827 tat:
1188 3778 1271 3850 κρατὶ
1286 3776 1311 3827 δ’
1328 3771 1405 3837 ἔχων

318 3852 393 3901 Trist.
414 3851 438 3911 3,
457 3850 482 3910 l,
505 3850 550 3901 l‘i:
579 3852 701 3900 &oxima
722 3851 843 3901 sideribus
879 3850 997 3912 λεύκαν,
1024 3847 1178 3923 Ἡρακλέος
1207 3847 1285 3922 ἱερὸν
1309 3845 1402 3922 ἔρνος.

318 3926 387 3976 tellus
403 3927 597 3987 Erummulidut
615 3937 691 3976 orcae
711 3926 840 3976 dictaret.
880 3929 949 3991 Virg.
969 3930 1034 3977 rien.
1054 3928 1078 3987 8,
1097 3927 1158 3976 276:
1178 3927 1301 3977 normam
1311 3925 1406 3976 bicolor

317 4001 446 4051 Heluinam
470 4001 605 4051 militarem
630 3999 687 4062 [Sel.
714 4001 770 4048 Cat.
791 3998 841 4060 lu.)
881 4003 1015 4065 -pcputur
1046 4001 1145 4051 untbru.
1181 4000 1255 4050 Ouid.
1286 4001 1348 4050 Her.
1378 4001 1403 4060 il,

319 4075 444 4126 Plancum
463 4089 523 4126 esse
541 4074 679 4138 significat,
698 4074 747 4124 sed
759 4075 787 4122 et
798 4072 844 4121 ho-
881 4076 926 4128 64:
949 4077 1037 4138 Aptior
1059 4077 1148 4140 (quum
1167 4075 1253 4138 mitra)
1269 4075 1407 4124 Herculeae

319 4152 394 4200 nesto
413 4153 440 4199 et
456 4150 604 4214 prudenter
625 4159 733 4198 omnem
751 4144 844 4196 adulu—
876 4151 985 4215 populus
1001 4151 1061 4201 atta
1075 4163 1168 4200 coum,
1197 4147 1302 4198 Herculi
1314 4151 1404 4198 autem

319 4225 397 4274 tionis
415 4224 534 4288 speciem
552 4222 660 4272 devitat.
880 4240 946 4292 ⁰⁰9⁰
969 4227 1023 4288 (οᾱ,
1044 4227 1068 4286 3,
1087 4227 1111 4285 3,
1130 4225 1165 4287 9,)
1188 4225 1355 4288 potissimum
1373 4221 1405 4271 li-

351 4307 391 4355 et.
413 4305 516 4368 lituro]
534 4317 574 4368 pr.
587 4301 664 4354 villae
677 4305 737 4354 tuae
750 4302 845 4354 Tibur·
882 4301 941 4362 bat,
961 4303 1021 4365 quia
1039 4299 1081 4351 ille
1100 4311 1221 4364 quoque,
1238 4296 1405 4348 aerumnosis
