3012 4978
525 474 583 524 Llll.
602 474 644 523 lV.
681 476 709 524 C.
731 477 759 524 V.

260 630 372 695 Curvo
395 649 455 695 nee
478 628 592 696 faeiem
614 629 707 696 litore
730 629 887 698 dimovet:

257 750 316 818 Sie
339 750 510 817 desideriis
533 752 596 818 ieta
617 751 767 818 fidelibus

300 872 436 951 Quaerit
457 872 560 958 patria
582 873 765 940 Caesarem.

256 1039 361 1104 Tutus
383 1039 444 1106 bos
466 1041 585 1106 etenim
608 1060 684 1106 rura
705 1040 922 1128 perambulat,

256 1161 367 1228 Nutrit
388 1181 464 1227 rura
486 1162 585 1229 Ceres
607 1162 757 1250 almaque
779 1163 948 1240 Faustitas

257 1285 415 1350 Pacatum
436 1283 568 1350 volitant
590 1303 651 1371 per
671 1303 761 1350 mare
783 1284 925 1360 navitae,

349 1404 478 1492 Culpari
501 1405 611 1472 metuit
635 1405 747 1480 Fides,
1183 1411 1224 1474 tu

192 1611 235 1663 it.
255 1613 371 1662 &mouet
388 1612 420 1670 Τ,
445 1611 510 1661 item
527 1612 557 1672 S,
582 1612 631 1662 sed
648 1624 782 1676 superscr.
801 1629 825 1674 ι,
850 1614 916 1663 Polt.
930 1615 1068 1676 quattuor,
1095 1616 1147 1666 LCt
1165 1619 1191 1666 et

158 1685 244 1737 Beati.
276 1687 324 1750 (Ut
341 1697 402 1746 nos,
421 1685 496 1736 abed
513 1687 541 1736 et
557 1687 624 1736 Pott.
643 1688 745 1749 ceteri.)
765 1714 793 1724 -
808 1687 847 1736 Η.
860 1689 950 1738 omnim
966 1688 1008 1739 bos
1023 1691 1051 1739 F.
1073 1695 1191 1752 -proto

155 1759 324 1822 osrmibutot
348 1759 474 1824 Tanaquil
500 1759 593 1810 Faber.
622 1787 650 1797 —
675 1762 714 1811 ⁴8.
733 1761 871 1810 Nutritura
893 1762 913 1811 Τ
934 1763 962 1811 et
985 1776 1025 1827 pr.
1044 1762 1077 1824 β,
1105 1765 1190 1814 Nutrit

157 1835 236 1897 forro
253 1835 392 1887 Bentleius
411 1837 496 1896 coni,
515 1836 601 1886 Nutrit
619 1837 688 1886 caua
704 1836 920 1899 cuningnamius.

128 2017 235 2071 πόντον
256 2016 392 2084 ὀπωπάς.
423 2022 549 2073 Ceterum
574 2023 659 2072 Bern-
730 2022 818 2072 ta-ao.
836 2023 1012 2088 Numerare]
1031 2023 1140 2075 «fertilia
1158 2025 1222 2075 red-

128 2094 214 2158 hardy
243 2099 272 2147 et
292 2094 481 2159 Dillenburger
505 2096 660 2161 praeierunt
697 2096 761 2146 uit.»
787 2095 864 2148 Silius
887 2099 932 2160 ta,
957 2099 1019 2148 375:
1048 2100 1223 2150 awo--Ce-

128 2170 252 2228 deuncem
273 2168 356 2233 aega]
374 2184 418 2220 me
430 2183 560 2235 meosque
573 2169 657 2221 Codd.
695 2173 760 2221 reris
776 2173 874 2222 omniu
895 2173 991 2236 [wora.
1021 2174 1094 2223 inter
1112 2175 1222 2236 Augusti

127 2243 182 2294 Bbe
199 2247 316 2296 secutus
332 2246 446 2295 dimove.
697 2258 822 2296 nummos
852 2244 896 2296 hie
923 2259 1031 2310 quoque
1060 2249 1118 2297 est:
1154 2248 1220 2298 IMP.

696 2320 827 2370 CAESAR.
856 2321 1029 2371 AFGVSFVS.
1060 2321 1152 2385 (Caput
1172 2336 1223 2372 nu-

696 2394 777 2456 dum.)
794 2394 862 2445 uui.
881 2396 942 2444 Νι.
971 2393 1096 2459 (Berytus.
1115 2396 1221 2447 Calenus

696 2468 796 2532 mona.)
814 2467 912 2520 Eclrhel
924 2470 954 2520 D.
968 2471 999 2522 N.
1013 2471 1054 2520 vi.
1068 2483 1094 2534 p.
1110 2471 1166 2520 taz.
1188 2495 1216 2506 -

696 2543 831 2608 Faustitas]
854 2543 938 2594 Nobis
955 2557 1026 2594 nunc
1042 2537 1122 2608 ἅπαξ
1138 2541 1221 2611 λεγό-

160 2354 200 2403 ra.
236 2356 307 2420 tcta]
338 2367 503 2420 «percussa,
531 2355 657 2406 allecta.»

128 2427 307 2492 Frequentius
331 2429 365 2479 da
388 2429 524 2481 doloribus
534 2469 541 2492 ,,
565 2433 657 2492 metu,

128 2499 212 2563 luotu3
233 2507 329 2556 tamen
347 2506 427 2554 etiam
440 2507 544 2555 Lucret.
558 2507 582 2566 2,
597 2506 657 2555 360:

129 2575 248 2629 desim
265 2581 382 2644 perftsa.
416 2577 541 2643 Aeschyl.
565 2581 657 2643 ligem.
694 2631 793 2682 μενον.
828 2619 912 2668 Deam
934 2631 1047 2682 gregum
1068 2619 1222 2682 praesidem

130 2649 190 2702 ωε
211 2655 305 2726 indeq)
323 2651 529 2720 mlll'l‘lwf'
695 2691 1064 2755 iuterpretaturForcellinus.
1083 2693 1136 2742 Sed
1148 2696 1221 2744 reete

161 2765 201 2814 li.
231 2781 301 2816 ntra
325 2765 499 2828 permntulot]
529 2767 658 2817 Consulto
695 2764 800 2815 schol:
837 2767 931 2816 «Nove
964 2765 1083 2816 Felicitas
1111 2766 1220 2826 dictam

131 2835 288 2891 immoratur
312 2842 338 2890 in
361 2841 431 2890 ntra
453 2844 480 2890 et
500 2841 613 2902 imagine
632 2842 659 2890 ct
695 2839 815 2889 omnium
832 2851 923 2888 rerum
939 2838 1111 2890 abundantia.
1131 2840 1219 2890 carm.

130 2914 253 2976 uomine3
282 2927 347 2966 nam
364 2928 416 2979 ope
434 2917 473 2965 rei
489 2915 605 2966 rusticae
632 2915 659 2964 et
695 2915 754 2962 Sec.
772 2913 819 2962 59:
847 2911 921 2962 teoto
937 2912 1013 2974 ptem
1035 2913 1113 2974 Copto
1131 2927 1219 2963 corno.

131 2986 254 3040 strenuae
284 2988 476 3054 agriculturae.
510 3003 560 3053 per
586 2987 657 3038 bella
697 3016 724 3023 -
751 2987 858 3037 Novitas
883 2989 973 3037 autem
998 2987 1117 3050 videtur,
1148 2987 1221 3051 quod

132 3059 214 3111 civilia
232 3066 260 3114 et
277 3065 445 3115 intermissae
464 3066 491 3114 et
507 3065 580 3113 varie
598 3077 659 3128 pan
694 3062 858 3112 Fututitutun
874 3062 939 3111 dixit
953 3075 1003 3126 pro
1020 3063 1116 3112 Forata
1131 3063 1221 3112 Felici-

131 3133 267 3199 turbatue‚
297 3151 331 3188 ex
354 3141 444 3189 mente
466 3139 576 3201 Augusti
596 3139 656 3187 ante
693 3140 756 3198 tata,
776 3136 851 3186 cuius
868 3132 997 3186 sollemne
1015 3137 1182 3187 memoratur
1195 3137 1221 3186 in

132 3211 218 3261 omnia
242 3211 376 3264 mutanda
399 3215 457 3263 erat
472 3213 511 3263 rei
533 3211 655 3277 publicae
694 3209 803 3262 Kalend.
823 3211 988 3260 Amiternino
999 3212 1082 3262 inser.
1104 3223 1139 3262 m.
1164 3213 1218 3261 Lat.

132 3281 210 3335 salus.
246 3287 314 3338 ilinc
342 3288 416 3350 grate
444 3284 486 3336 illu
514 3287 656 3351 repetitio,
695 3287 725 3334 li.
749 3297 776 3348 ρ.
796 3285 852 3336 ili.
880 3311 907 3320 —
931 3284 1066 3348 Pacatum]
1084 3299 1100 3335 a
1117 3287 1219 3348 piratis.

132 3367 211 3418 Qum
229 3362 311 3411 variis
322 3361 423 3422 modis,
443 3361 492 3411 sed
510 3361 656 3422 infeliciter,
696 3359 768 3410 Suet.
788 3360 844 3409 Oet.
859 3359 905 3409 98:
924 3359 1052 3410 Vectores
1070 3361 1220 3424 nautaeque

133 3431 233 3484 amoliri
252 3436 342 3486 conati
364 3439 427 3487 sunt
448 3437 549 3498 Critiei¹
576 3435 659 3487 veluti
696 3436 730 3485 de
743 3433 991 3484 navinlexandriua
1003 3437 1122 3498 Augusto
1136 3433 1221 3484 accla-

133 3506 176 3565 qui
188 3511 303 3561 coniecit
312 3524 378 3560 rura
385 3511 555 3573 noandum,
567 3512 599 3561 N.
608 3511 660 3560 oul-
697 3511 812 3571 murrmt,
821 3523 869 3571 per
877 3510 981 3560 diurnae
991 3511 1084 3571 oiocra,
1092 3523 1141 3572 per
1149 3509 1220 3560 illum

133 3581 394 3648 toCuuiughamius5
414 3585 658 3648 Faberpratopro—
694 3584 831 3647 novioma,
850 3583 962 3634 libertato
974 3584 1220 3648 atquefortunispar

131 3663 235 3714 ponens
257 3672 364 3710 memor
388 3659 470 3710 luisse
486 3659 593 3711 videtur
609 3660 657 3710 Od.
694 3657 766 3707 worn
775 3657 836 3720 frui.
849 3685 877 3693 -·
890 3658 1004 3722 volitant]
1017 3658 1110 3708 utiam
1121 3657 1220 3708 Ennius

134 3725 162 3787 3,
188 3730 233 3792 ⁴8,
262 3734 308 3783 il:
343 3734 429 3784 Festus
453 3736 480 3784 in
500 3735 586 3797 protis
613 3749 660 3785 oa·
696 3731 892 3781 dixitueliuotas
907 3745 991 3782 noves
1024 3733 1095 3795 Virg.
1115 3731 1219 3791 liant,

134 3807 174 3851 cut
189 3807 266 3858 otioso
283 3808 345 3860 curn
361 3808 421 3860 boue
433 3821 524 3874 pocus.
554 3811 658 3860 Pastio-
696 3806 755 3858 tat:
765 3806 1036 3870 pommeranicum,
1051 3805 1177 3857 decolari
1189 3818 1221 3854 ao

135 3887 195 3929 nem
212 3885 303 3934 autem
320 3883 347 3932 h.
361 3880 378 3932 l.
394 3883 524 3946 significat
542 3885 613 3948 (narn
630 3885 656 3936 iu
695 3882 751 3930 luto
761 3893 856 3942 cursu,
869 3894 923 3932 non
937 3879 970 3930 de
982 3879 1088 3931 lascivia
1102 3883 1130 3931 et
1140 3879 1222 3930 auda-

134 3948 183 4000 hac
207 3955 345 4008 dummxat
372 3957 423 4009 bos
448 3957 532 4010 libere
557 3972 657 4023 pascua
695 3957 735 4006 cia
748 3957 901 4018 naumrum,
914 3958 944 4007 ut
957 3955 999 4006 alii
1012 3955 1112 4008 volunt.
1126 3983 1154 3992 -
1165 3954 1221 4006 cut

135 4030 326 4096 serendarum
346 4033 520 4094 lucratione,
542 4046 612 4096 quae
629 4047 654 4082 v.
690 4031 752 4093 pur-t
773 4030 872 4094 autad]
893 4032 969 4082 «Non
991 4029 1112 4095 culpatur
1129 4029 1220 4080 cuius·

136 4108 191 4162 seq.
222 4108 385 4168 continetur,
415 4107 529 4160 stimulis
558 4107 655 4159 durum
694 4118 776 4169 quam
795 4104 877 4165 fides.
904 4106 966 4169 quia
989 4117 1069 4154 nemo
1092 4106 1145 4164 est,
1172 4103 1218 4165 qui

137 4171 169 4221 ad
185 4173 304 4232 lahorem
320 4183 451 4234 incitatur.
470 4184 575 4244 Notavi,
594 4183 656 4246 quia
694 4193 755 4230 eum
780 4177 874 4240 violet,
905 4178 954 4230 sed
979 4179 1071 4229 sancte
1096 4177 1219 4228 servatur

137 4251 250 4303 nonnulli
262 4268 287 4305 v.
296 4257 476 4319 per-amititure
489 4257 523 4308 de
537 4257 656 4306 aratione
693 4253 727 4304 ab
751 4253 903 4304 omuibus.»
933 4252 985 4302 Cir.
1006 4252 1053 4302 0d.
1073 4253 1103 4310 t,
1129 4249 1159 4310 ἓ,
1187 4249 1217 4298 7:

138 4318 296 4389 interpretati
314 4333 383 4382 sunt.
690 4343 775 4392 panno
790 4333 912 4379 malumno
927 4326 1000 4376 solut.
