2986 4974
526 438 584 488 nin.
604 439 634 488 it.
670 439 699 488 C.
718 439 783 488 viii.

465 911 847 974 cmm

283 1079 352 1149 Uita
373 1081 402 1148 si
425 1081 503 1147 iuris
526 1079 584 1148 tihi
606 1080 742 1168 peierati

283 1205 407 1279 Poena,
431 1203 563 1278 Barino,
586 1202 752 1270 nocuisset
774 1223 935 1291 unquam,

281 1327 384 1392 Dente
407 1324 433 1390 si
456 1323 548 1412 nigro
571 1323 668 1390 fieres
691 1323 742 1391 vei
767 1344 831 1390 uno

410 1444 547 1532 Tur-pior
568 1446 684 1534 ungui,

180 1617 241 1666 vill.
260 1617 344 1668 lusor.
358 1613 427 1678 volg.
443 1615 481 1665 Ari
497 1615 621 1676 Βαιιιιοιι,
641 1619 669 1665 et
685 1616 724 1666 sio
735 1617 785 1667 BT.
806 1643 834 1653 -·
851 1617 890 1667 Ari
905 1617 1024 1668 sanson
1042 1618 1097 1684 (sio)
1115 1631 1166 1670 mo·

150 1693 258 1742 roricus
275 1693 301 1741 s.
322 1718 351 1728 -
374 1691 454 1740 iulius
475 1691 593 1740 Bortooe.
628 1691 659 1740 In
677 1693 832 1742 meretriceo
848 1705 969 1754 rapacem
989 1707 1020 1744 oo
1032 1696 1167 1757 periurum

149 1763 174 1815 b.
189 1793 215 1802 —
232 1766 312 1816 Iustius
326 1766 446 1816 Bariana.
465 1765 495 1814 In
508 1765 663 1815 meretricem
675 1767 809 1828 poriwmn
820 1780 844 1816 o.
863 1794 890 1802 -
902 1767 940 1817 An
952 1767 1044 1818 Iuliam
1054 1769 1167 1818 Borinsn

150 1840 266 1892 eBland.
286 1843 332 1893 Cr.
358 1867 386 1878 -
407 1843 433 1892 2.
451 1842 546 1891 Barim
567 1839 671 1902 bSTod,
696 1855 738 1905 pr.
763 1843 792 1902 Β,
811 1854 880 1890 corr.
898 1838 934 1900 β;
957 1842 1022 1892 item
1045 1843 1118 1894 neta
1139 1845 1166 1894 et

149 1915 244 1966 Bruti:
264 1917 357 1967 Curios
373 1916 407 1966 ii.
435 1917 532 1982 (aeona
549 1927 612 1980 pars
630 1915 760 1968 Codicum
777 1916 860 1966 hebet
884 1917 1001 1967 Varios.»
1018 1918 1111 1968 Bnnrr..
1137 1920 1166 1968 in

149 1990 167 2039 B
182 1989 228 2040 litt.
247 1991 262 2040 ὁ
280 2003 416 2055 supersor.
433 1991 473 2040 vei
487 1991 524 2053 ιι.)

148 2138 207 2188 viil.
241 2139 348 2190 Festive
365 2151 428 2190 oum
444 2141 553 2200 Barine,
572 2153 637 2204 per-
672 2139 720 2190 tim
738 2152 799 2190 oum
817 2139 896 2190 huius
913 2143 987 2190 corte
1005 2153 1088 2190 sonus
1106 2143 1199 2204 gratis·

120 2209 167 2262 fida
181 2211 279 2276 puelia,
307 2212 496 2277 expostulatio,
522 2227 636 2277 quomo
671 2215 755 2265 simus
773 2215 825 2264 siti
852 2214 944 2264 irritam
966 2215 1077 2264 Barium
1099 2219 1198 2266 vocant

122 2287 216 2338 Graeoo
232 2287 380 2351 exemplari
401 2286 510 2340 ductam
527 2289 637 2351 quidam
672 2288 756 2340 Codd.
766 2288 885 2340 Biandin.
898 2287 1005 2353 aliique,
1018 2302 1072 2352 qua
1082 2291 1199 2340 auotori-

121 2361 171 2410 sine
186 2360 236 2412 ulla
253 2374 335 2412 causa
352 2363 402 2412 rati
419 2365 489 2412 sunt,
524 2365 638 2428 Tempo·
671 2365 725 2414 tate
737 2365 899 2426 ignoramus.
912 2363 990 2413 Varia
999 2367 1198 2428 proposuerunt

122 2436 153 2486 ris
168 2435 234 2486 naula
251 2437 324 2488 inest
340 2436 504 2500 significatio.
672 2439 774 2500 Critioi,
804 2437 877 2488 volut
898 2436 984 2488 Faber
1010 2439 1106 2489 iturine
1129 2439 1196 2502 (Cir.

559 2546 637 2599 „n
671 2511 1197 2652 sustentationis

671 2661 774 2712 xandro
802 2664 915 2712 amatae.
950 2663 1041 2713 lustin.
1067 2663 1112 2724 ti,
1139 2665 1196 2727 2⁴);

672 2736 773 2788 Withof
790 2736 887 2786 linior
904 2749 938 2786 oa
953 2735 1076 2786 Iuvenale
1094 2737 1147 2787 Sat.
1166 2737 1195 2798 6,

672 2812 718 2862 53:
748 2813 814 2862 Unus
835 2811 949 2860 nessae
970 2812 1013 2860 uir
1034 2811 1145 2875 romeu?
1169 2839 1197 2848 -

671 2887 800 2950 nocuisset]
826 2884 981 2936 Credebant
1001 2887 1123 2946 veteres,
1150 2899 1198 2936 eos
1256 2943 1260 2950 ¹

673 2961 718 3024 qui
741 2959 807 3010 deos
830 2958 977 3024 peiorando
996 2958 1103 3010 laedere
1120 2960 1197 3009 veriti

672 3048 726 3085 non
744 3036 849 3094 essent,
876 3033 964 3097 aliqua
985 3035 1104 3098 eorporis
1121 3036 1198 3098 parto

672 3107 788 3160 mutilari
813 3106 1007 3171 debilitarique.
1037 3109 1113 3158 Tonn.
1142 3107 1196 3157 Cir.

673 3182 747 3233 ovid.
766 3185 856 3233 Amor.
876 3182 904 3242 3,
924 3181 952 3242 3,
972 3183 1000 3232 t:
1017 3183 1077 3231 Esse
1093 3183 1158 3244 deos,
1176 3184 1195 3243 ι’,

667 3258 752 3307 vatio.
771 3257 856 3306 Fidem
866 3257 954 3306 twata
963 3256 1060 3320 sassiiit:
1079 3257 1198 3321 Btsuoies

672 3331 722 3393 itii,
742 3345 807 3394 quur
821 3331 871 3395 tirit
887 3335 959 3393 mtto,
977 3335 1070 3380 mast.

706 3407 729 3456 3.
749 3406 773 3457 i.
793 3408 871 3456 Dente
887 3407 909 3456 ιι·
924 3406 1006 3470 nipro]
1025 3407 1067 3455 sio
1084 3405 1198 3456 mendu-

673 3480 749 3531 cibus
775 3480 895 3545 pustulas
917 3481 944 3530 in
967 3483 1085 3530 extrema
1110 3478 1197 3543 lingua

149 3554 172 3604 Ξ.
189 3555 289 3621 Bovius]
309 3554 391 3606 Valde
415 3557 561 3612 haeserunt
583 3555 635 3606 VV.
672 3554 825 3605 velinnaso
838 3567 996 3605 excrescere
1009 3552 1195 3618 opinabantur.

123 3627 172 3679 oo.
183 3631 209 3680 in
226 3631 278 3682 hoo
297 3631 413 3692 nomine,
432 3629 505 3694 quod
516 3631 581 3695 ipsis
593 3643 639 3680 ne-
672 3630 784 3680 Theoor.
799 3629 827 3690 9,
841 3629 882 3679 30.
897 3629 942 3690 ⁴2,
955 3629 996 3680 ai.
1014 3655 1041 3666 -·
1053 3628 1112 3692 ιιιιο]
1128 3628 1199 3679 roier

122 3713 169 3765 quo
191 3707 322 3757 Graecum
345 3719 395 3757 neo
418 3707 541 3756 Latinum
561 3704 638 3755 vide-
673 3704 754 3753 etiam
775 3702 809 3753 ad
830 3717 856 3754 v.
875 3705 953 3754 donta
975 3731 1002 3739 -
1020 3703 1108 3768 morti]
1133 3717 1198 3753 «re-

121 3773 207 3838 batur3
231 3778 353 3851 βαρῖνος
370 3780 480 3843 quidem
499 3781 541 3830 est
555 3781 637 3844 piscis
673 3777 751 3828 duvia
767 3777 810 3828 vel
828 3776 939 3828 maculis
955 3777 1129 3828 deformato.»
1146 3776 1199 3827 Ad·

121 3863 210 3914 genus;
227 3851 354 3926 βάρννος
370 3867 435 3905 vero
448 3851 637 3925 sivepoptvog
672 3853 783 3904 modum
808 3851 919 3903 ridicule
950 3865 1084 3903 nonnemo
1112 3865 1198 3916 nuper

121 3927 185 3988 apud
201 3929 286 3980 Sohoi.
299 3931 348 3994 Ap.
362 3929 446 3981 ahod.
459 3931 488 3992 2,
507 3931 564 3980 780.
583 3930 637 3980 buo
672 3929 796 3990 cogitavit
813 3927 847 3977 de
863 3927 958 3977 morbo
970 3925 1026 3988 illo,
1045 3939 1128 3989 quom
1140 3925 1198 3976 Cei-

122 3999 182 4050 trahi
197 4005 298 4068 nequit.
333 4004 433 4054 Verum
450 4017 513 4055 oum
530 4017 564 4054 ex
579 4002 636 4054 aliis
672 4015 718 4052 sus
736 4003 766 4062 7,
785 4003 814 4062 i,
834 4001 858 4052 i.
877 4003 1087 4064 vocatonpoom,
1107 4001 1197 4050 Gruooi

122 4083 220 4138 quoquo
231 4077 382 4129 nationibus
394 4077 543 4143 permultae
554 4077 637 4128 liber-
672 4073 832 4148 πτερύγων,
850 4075 1050 4126 moruorum
1065 4087 1198 4124 nervosam

123 4148 315 4214 aequaeuam
333 4154 452 4218 corporis
470 4154 569 4203 itomae
589 4165 636 4202 ex·
672 4151 829 4216 (Napoisoti),
856 4164 921 4213 puna
945 4151 1028 4200 oriem
1048 4149 1081 4198 ot
1103 4148 1197 4211 onpuio

124 4229 248 4288 eruerent,
275 4228 366 4291 quidni
389 4225 456 4278 tales
479 4227 635 4291 peregrinae
671 4239 851 4289 monunpoam
879 4227 914 4275 od
944 4223 1068 4287 propitium
1101 4233 1197 4284 quotus

124 4307 167 4346 sua
186 4301 289 4351 nomina
312 4303 483 4362 retinuerint,
510 4313 636 4365 praeser-
668 4301 782 4363 pauori!
799 4301 870 4363 optio
886 4299 970 4362 officit.

150 2547 170 2595 i.
191 2548 349 2599 ascenioum
365 2548 539 2612 principium

122 2617 246 2684 iigendum
268 2621 342 2672 enim
370 2621 473 2685 aliquos
496 2635 636 2673 sermones

120 2699 305 2758 praecessisse,
330 2695 428 2760 quihus
450 2697 545 2748 Barino
567 2698 637 2748 haee

121 2774 219 2822 noctem
230 2773 270 2824 sui
283 2774 343 2824 iure
356 2771 468 2822 iurando
480 2772 636 2836 interposito

121 2849 275 2908 promiserit:
290 2846 399 2908 deindo,
413 2848 556 2910 postquam
566 2846 638 2898 ieie}-

121 2915 185 2978 ierit,
209 2925 271 2972 tuno
292 2923 321 2972 in
343 2921 411 2971 huso
427 2919 511 2971 verba
528 2925 637 2986 poetam

121 2995 258 3059 erupisse„
271 2999 398 3048 Poarnrn.
411 3023 438 3031 -
451 2995 515 3044 iuris
521 2996 637 3060 peierati]

121 3066 154 3116 Ex
168 3069 285 3134 analogio
303 3083 328 3120 v.
344 3071 384 3119 iot
400 3070 537 3119 iurandum
558 3083 636 3131 nove,

121 3143 271 3208 utvidetur,
298 3143 363 3194 dixit
379 3145 418 3193 ius
434 3145 577 3207 prioratum
588 3158 638 3209 pro

117 3218 230 3277 morio.
248 3222 338 3271 Acron
350 3220 460 3283 quidem
469 3219 547 3270 affert
558 3221 638 3270 etiam

120 3289 176 3341 iuro
196 3295 289 3357 iurati,
316 3307 412 3344 verum
435 3295 493 3344 siue
517 3295 636 3344 auctore.

121 3363 272 3492 Eutaianum,
295 3371 327 3419 ut
342 3368 426 3420 voluit
442 3368 565 3434 quidam,
584 3383 637 3419 uon

121 3453 147 3490 ss
161 3481 165 3492 .
