3014 4978
512 449 571 500 tin.
590 449 631 498 iti.
668 447 696 496 C.
716 447 802 496 XXIX.

270 609 334 672 lum
357 604 463 672 clarus
486 602 646 672 occultunt
669 600 893 668 Andromedae
916 609 1007 687 pater

269 726 416 794 Ostendit
437 727 557 814 ignem,
582 726 644 790 iarn
665 727 815 814 Procyon
837 721 910 787 furit

311 849 348 914 Et
370 847 461 914 stella
483 847 592 914 vesani
615 847 746 920 Leonis,

352 968 426 1036 Sole
449 968 520 1034 (stes
542 967 699 1034 referente
722 967 842 1032 siccos:

268 1130 332 1193 ium
354 1137 465 1215 pastor
486 1125 617 1193 umbras
641 1145 715 1192 curn
741 1145 839 1213 grege
863 1125 1015 1214 languido

268 1249 446 1336 Rivumque
468 1248 574 1315 sessus
601 1248 729 1336 quaerit
751 1257 782 1313 et
804 1246 926 1314 horridi

309 1373 446 1437 Dumete
469 1369 603 1447 Silvani,
627 1379 780 1457 caretque

206 1553 245 1601 nt.
266 1551 388 1614 tooputda
404 1565 421 1614 y
438 1561 480 1613 ep.
501 1549 605 1598 Kirchn.
625 1563 651 1612 p.
671 1549 710 1598 36.

143 1710 262 1772 teppt'cite,
282 1709 385 1759 ostmm
402 1707 664 1758 naucratiticum
703 1703 771 1769 Διὸς
788 1703 927 1772 ἐτιμήθη,
954 1705 1026 1760 διότι
1050 1706 1105 1759 τῶν
1128 1723 1227 1782 τετρα-

142 1783 365 1847 itopwiibernitpc
380 1784 425 1832 rior
442 1783 595 1832 Ttreiteiten.»
613 1782 666 1834 td·
704 1777 800 1832 τόδων
817 1775 837 1866 ρ’
856 1785 942 1844 εῖναι,
961 1783 993 1834 οἱ
1006 1779 1038 1834 δὲ
1055 1775 1100 1835 ὅτι
1114 1783 1227 1856 πρῶτος

143 1861 263 1924 τονιαῖον
279 1856 446 1921 atiquatenus
463 1857 534 1920 Virg.
554 1857 619 1907 Aen.
638 1857 663 1918 i,
701 1845 792 1918 ἆθλος
855 1855 993 1926 ρανλέονς
1030 1856 1117 1909 ἐστίν.
1161 1861 1227 1910 iiinc

143 1933 202 1983 697:
225 1931 666 1996 mueutnnrereptnaoperou
702 1931 1224 1985 uouemunomvocntovidnn.

143 2033 156 2044 -
173 2009 318 2072 ιονιροιαίι.
350 2035 377 2043 -
403 2007 554 2072 epitumo]
581 2000 664 2078 ἄορι·
702 2006 730 2066 t,
749 2006 790 2056 68.
815 2005 858 2056 Sol
875 2008 993 2058 Leonem
1010 2009 1157 2072 ingreditur
1172 2023 1225 2060 xrn.

143 2097 225 2146 στος,
253 2081 401 2146 «explicere
419 2081 531 2134 soient.»
558 2083 611 2132 Sat.
632 2083 663 2140 i,
704 2079 757 2130 Καὶ.
777 2083 843 2143 nug.
866 2079 969 2132 Colum.
985 2083 1029 2144 tt,
1047 2085 1076 2143 Ξ,
1094 2085 1135 2133 52.

142 2157 169 2217 2,
188 2159 248 2208 teo:
271 2156 370 2221 (Ceres)
388 2157 517 2219 Enpiieuit
532 2158 591 2206 uino
603 2169 665 2206 con-
735 2155 776 2205 20.
798 2155 931 2218 referente]
950 2168 1057 2206 «annuo
1080 2170 1129 2207 suo
1147 2169 1226 2208 cursu

142 2235 235 2282 ιναοιαι
252 2231 321 2281 xiia
335 2230 434 2294 frontis.
703 2242 798 2280 rursus
815 2230 972 2280 efferente.»
992 2258 1019 2268 -
1038 2232 1122 2296 siccus]
1140 2232 1187 2282 Od.
1201 2232 1225 2291 i,

173 2305 665 2370 tr-te.1amctanu]ctatos‚utpa-
703 2305 744 2364 tt,
772 2304 818 2354 ⁴3:
848 2304 982 2354 Auum
1005 2305 1072 2356 sitim
1095 2311 1225 2369 ιαιιρονα,

142 2383 176 2430 tet
191 2393 224 2430 ex
239 2373 382 2446 ἀντιθέτῳ
399 2379 536 2440 eentum,
560 2391 613 2428 non
630 2379 665 2428 ud
707 2380 801 2443 Virpiii.

142 2455 238 2518 regiam
259 2455 359 2520 Cephei
372 2454 541 2516 dignitatern.
561 2456 590 2502 nt
601 2467 666 2504 non·
736 2455 777 2504 ut.
788 2455 829 2504 ii.
842 2455 898 2503 iam
906 2454 1004 2518 pastor]
1017 2453 1070 2506 Cir.
1083 2457 1161 2506 Anth.
1172 2455 1224 2508 rot.

142 2543 217 2580 nemo
235 2541 324 2593 nuper
344 2527 439 2588 voluit,
465 2527 514 2578 sed
534 2529 612 2578 unice
630 2529 665 2579 ed
704 2531 734 2578 il.
754 2542 780 2593 p.
800 2527 863 2580 oet:
882 2525 934 2579 Χώ
952 2525 1063 2594 ποιμὴν
1079 2529 1111 2581 ἐν
1127 2525 1228 2602 ὄρεσσι

142 2603 233 2656 sideris
245 2602 419 2667 splendorem
430 2603 554 2654 retertur.
574 2604 666 2654 ‹riem-
702 2600 905 2674 μεσαμβρινὸν
925 2598 1034 2672 ἀγχόθι
1055 2603 1149 2674 ταγᾶς
1171 2608 1228 2657 >Jo-

141 2691 188 2741 pus
210 2679 285 2730 venit
307 2678 430 2736 aestutis;
458 2678 536 2740 igitur
559 2679 584 2728 tc
602 2691 664 2728 rure
703 2677 821 2751 ρισδων,
840 2678 943 2742 λασίας
958 2677 1063 2748 θάμνῳ
1081 2677 1138 2732 ὕπο
1155 2681 1228 2732 ,τλα-

141 2765 246 2805 mecum
272 2766 407 2804 recrees.»
441 2753 572 2816 Theognis
589 2753 663 2804 ⁴039.
704 2751 793 2806 τοίνυν
811 2751 941 2819 Καύματ’
958 2748 1116 2826 ὀπωρινοῖο
1128 2754 1228 2822 φυγών

142 2827 234 2878 Belin:
266 2820 405 2898 ’Ἀφρονες
438 2820 591 2896 ἅνθρωποι
616 2829 665 2878 καὶ
703 2827 1229 2894 novcg.-utoonque]1npascutsttn-

141 2899 249 2966 νήτιοι,
269 2900 372 2964 οἵτινες
389 2897 471 2953 οἶνον
487 2900 535 2967 Μὴ
553 2901 665 2954 τινουσ·
703 2904 759 2955 licis
776 2915 872 2967 greges
890 2916 939 2967 per
955 2907 1086 2954 aestatem
1104 2906 1176 2956 rivos
1191 2909 1229 2957 in·

142 2971 252 3049 ἄστρον
265 2977 315 3026 καὶ
332 2973 418 3040 κυνὸς
436 2976 605 3048 ἐρχομένω.
624 2977 666 3028 ΑΙ·
703 2980 787 3038 trent,
814 2981 844 3027 ut
868 2975 964 3028 melius
987 2991 1017 3028 ee
1040 2978 1185 3029 detendunt
1201 2984 1229 3030 ot

142 3065 221 3104 cneus
255 3053 341 3114 Bergk
373 3066 399 3117 p.
430 3053 491 3103 580:
527 3053 665 3122 (θέρους)
703 3051 827 3105 nceiore
845 3054 873 3102 et
893 3051 927 3102 ab
943 3051 1024 3102 esitio.
1056 3053 1133 3104 itivos
1151 3054 1229 3116 igitur

142 3127 225 3193 Τέγγε
250 3123 400 3192 πνεύμονα
423 3128 526 3194 Fotvp·
555 3124 666 3198 τὸγὰρ
704 3128 808 3194 quaerit
835 3127 927 3190 pastor
955 3129 981 3176 et
1008 3128 1121 3188 demuto,
1158 3141 1227 3192 quae

141 3195 249 3273 ἄστρον
278 3199 429 3264 (Cuniculo)
460 3200 663 3270 περιτέλλεται·
702 3199 1120 3268 petentempetentem,
1139 3203 1228 3252 hirsu-

139 3271 203 3326 ‘Ao'
222 3269 285 3364 ὥρα
306 3274 431 3336 χαλέτα,
458 3274 553 3326 πάντα
573 3275 604 3328 δὲ
622 3277 665 3329 δι·
703 3281 763 3338 tus,
791 3274 922 3334 incultus,
949 3277 978 3324 ut
1003 3275 1070 3326 deus
1093 3278 1226 3336 rusticus,

142 3354 225 3412 ψαια
240 3347 664 3418 υπὸκαύματος.-ι(]ορὴευε,
704 3347 899 3424 φριξοκόμης,
925 3349 1054 3402 Silvanus.
1089 3352 1146 3402 Hoc
1167 3351 1228 3402 ἐπι-

141 3427 301 3492 Aethiopum
318 3439 379 3486 rex,
403 3426 575 3478 Andromedae
591 3433 667 3490 pater
704 3429 779 3494 θέτῳ
796 3426 878 3476 utitur
894 3427 1006 3489 propter
1022 3425 1106 3489 ipsius
1123 3427 1166 3476 dei
1182 3425 1228 3476 sii-

142 3513 172 3550 ex
185 3501 330 3564 Cassiopea
342 3503 420 3551 antee
430 3500 565 3552 occultum
576 3501 666 3552 lumen
703 3501 799 3552 vestris
816 3499 954 3550 horridam
965 3499 1092 3560 sormam,
1111 3503 1140 3550 ut
1152 3503 1226 3554 Muri.

142 3576 269 3637 ostendit,
300 3578 352 3626 iem
375 3577 450 3626 ortus
473 3579 522 3626 eet.
548 3579 603 3638 (vn.
626 3577 663 3626 id.
706 3577 748 3636 to,
767 3575 813 3636 92,
838 3575 867 3624 6:
898 3574 1014 3624 immittis
1036 3589 1098 3624 orae
1117 3576 1229 3626 innitit-

142 3649 379 3713 trip-Procyon
398 3651 488 3714 (quem
506 3653 588 3702 Latini
605 3652 668 3702 Anto
704 3665 751 3714 quo
772 3649 881 3708 Silvani,
911 3663 964 3698 non
989 3651 1099 3714 proptor
1119 3651 1228 3702 dumeto

142 3725 233 3776 eonem
258 3727 382 3788 vocent),
410 3739 479 3776 unus
505 3740 538 3776 ex
563 3727 666 3778 Orionis
705 3725 822 3776 horrido.
846 3727 874 3774 in
893 3717 1062 3788 inscriptione
1081 3739 1167 3790 nuper
1184 3740 1229 3777 re-

142 3799 254 3850 cenibus
265 3801 409 3859 venaticis,
428 3801 512 3850 oritur
524 3801 614 3852 idibus
627 3803 667 3851 iu·
704 3803 779 3866 perta
797 3800 900 3862 (Annoi
919 3800 973 3850 dett’
992 3801 1049 3850 ittet.
1066 3803 1136 3851 orci.
1156 3803 1185 3852 V.
1200 3815 1225 3866 p.

142 3873 195 3936 iiie,
219 3887 302 3938 quem
319 3875 360 3924 xi.
380 3874 476 3925 diebus
497 3877 558 3939 post
574 3877 666 3940 sequi·
705 3874 771 3936 450.)
791 3876 821 3935 is,
841 3876 885 3938 qui
903 3887 963 3924 eunt
975 3876 1076 3938 posuit,
1096 3875 1229 3926 sicSiivu·

142 3951 185 3998 tur
210 3949 335 4000 Cenictrio
362 3963 384 4000 e.
404 3951 499 4010 Sirius,
529 3953 665 4016 oriturque
705 3963 769 4000 num
786 3949 940 4013 alloquitur:
960 3951 1052 4014 Μαρια
1069 3953 1155 4011 neuim
1178 3951 1229 4000 stt-

142 4023 223 4073 ettam
240 4025 327 4074 Leonis
342 4025 425 4084 steila,
452 4025 526 4076 eidus
547 4039 667 4075 occanum
703 4038 769 4074 conc
782 4029 881 4087 potens,
908 4027 1061 4075 concitem
1077 4031 1174 4088 partor.
1200 4053 1226 4060 -

143 4098 270 4160 {rubium
287 4101 392 4150 Lucano
404 4100 431 4158 6,
450 4099 526 4162 iit),
546 4113 666 4151 summos
705 4100 776 4150 Cere
789 4101 892 4159 autem,
913 4113 945 4148 ne
958 4111 1020 4149 curn
1029 4099 1171 4150 Snnedono
1185 4113 1227 4147 vv.

145 4171 247 4224 colores
272 4173 395 4224 offerens.
426 4173 511 4224 Schoi.
540 4176 610 4225 Areti
639 4187 664 4223 v.
703 4174 800 4224 hornut
824 4175 921 4223 stivam
944 4173 1044 4224 hebens
1067 4186 1116 4237 pro
1143 4175 1228 4223 norni-

144 4245 200 4298 tie.
228 4247 275 4298 Ed.
303 4249 406 4298 Beirirer
431 4261 457 4312 p.
484 4249 531 4298 tit:
560 4244 611 4297 τὸν
636 4245 666 4298 δὲ
705 4249 799 4298 nativi
810 4246 877 4312 plur.
893 4251 1018 4299 Ceterum
1033 4261 1084 4297 non
1100 4248 1133 4298 de
1146 4249 1228 4298 rneri-

144 4319 253 4372 Λέοντα
271 4323 301 4371 οἱ
316 4322 371 4386 μέν
385 4335 477 4384 φασιν
489 4313 534 4372 ὅτι
546 4317 602 4373 ὑπὸ
614 4319 666 4372 τοῦ
705 4323 748 4374 die
766 4323 894 4386 loquitur,
915 4323 964 4373 sod
982 4322 1015 4372 de
1028 4322 1088 4372 euni
1108 4325 1227 4386 temporo
