3078 4978
583 387 684 438 LIBER.
721 385 818 436 CABM.
840 383 916 435 XVII.

326 548 449 614 Cruore
472 544 589 610 rubros
614 542 770 610 obstetrix
793 561 918 629 pannos
939 539 1030 618 iavit,

324 669 493 754 Utcunque
515 665 604 732 sortis
628 662 737 731 exsilis
759 681 932 751 puerpera.

368 786 452 868 Quid
475 785 634 854 obseratis
658 783 792 852 auribus
814 782 922 849 tundis
947 782 1094 870 preces?

325 911 395 976 Non
418 929 496 974 saxa
517 907 612 974 nudis
637 905 788 973 surdiora
809 905 925 971 navitis

327 1033 494 1118 Neptunus
516 1028 580 1095 aito
605 1026 709 1094 tundit
730 1025 886 1094 hibernus
914 1023 993 1092 saio.

329 1150 451 1218 inultus
471 1160 507 1216 ut
531 1161 566 1216 tu
589 1148 701 1216 riseris
726 1147 866 1236 Cotyttia

328 1273 472 1361 Vulgata,
497 1291 625 1339 suerum
645 1269 738 1336 liberi
761 1259 943 1356 Cupidinisss

265 1512 305 1562 56.
332 1509 426 1560 iuuttru
442 1513 465 1558 et
481 1508 538 1557 tuT
557 1507 618 1570 (non
630 1503 704 1568 ube).
719 1531 747 1541 —
766 1505 863 1566 cocytia
873 1502 934 1555 itur
952 1503 1014 1568 (non
1026 1504 1059 1568 c).
1075 1532 1102 1541 -
1121 1505 1161 1556 57.
1181 1517 1257 1555 saera

233 1587 349 1640 Pottierii
366 1584 439 1668 iibri,
458 1585 584 1646 quattuor
602 1581 639 1644 (3,
658 1581 687 1641 7,
707 1580 734 1642 t,
756 1579 806 1643 tt.)
825 1581 952 1644 exceptis.
973 1579 1083 1644 (romum
1099 1579 1137 1642 Τ.)

200 1803 301 1854 Becker
328 1801 416 1852 Galim
442 1798 492 1862 (ed.
521 1797 574 1861 att.)
604 1799 646 1848 ΙΙΙ.
666 1811 725 1864 pag.
763 1808 844 1860 pera,
869 1807 966 1860 reapse
984 1794 1110 1860 peperisti
1128 1808 1179 1846 nec
1196 1794 1290 1846 obste-

201 1879 250 1928 295
267 1891 308 1940 sq,
763 1870 813 1920 trix
830 1869 895 1920 iuvit
911 1871 937 1920 te
955 1870 990 1920 ed
1006 1870 1180 1935 decipiendos
1203 1871 1290 1922 bomi-

232 1951 342 2003 itt-52.
374 1947 506 2013 hospitate]
533 1944 668 1999 «clemens
695 1961 727 1998 ec
764 1958 812 1996 nes
833 1943 926 1996 lenens
948 1958 1051 2010 pennos
1076 1945 1126 1996 ulio
1144 1959 1226 2010 quam
1243 1949 1289 1997 tuo

202 2028 292 2078 mite.»
307 2053 335 2062 -
344 2038 429 2086 purae
437 2023 537 2088 mnus]
558 2024 724 2086 asunguine.
763 2033 859 2070 cruere
876 2021 1014 2071 iniectos.»
1033 2020 1089 2070 Hoc
1106 2033 1199 2071 rursus
1211 2020 1291 2083 sigui-

204 2127 231 2136 -
252 2101 364 2160 turoam
378 2098 479 2162 uerum]
498 2101 575 2148 «tuus
591 2100 683 2162 partus
701 2101 728 2148 et
763 2093 826 2144 ticet
841 2093 980 2144 simulatos
998 2093 1055 2144 eius
1073 2107 1133 2145 esse
1150 2096 1243 2158 partus
1255 2092 1290 2143 ad

200 2172 296 2223 fliius.»
327 2174 409 2222 «Nam
432 2173 483 2222 hoc
506 2185 605 2223 nomeu
632 2173 727 2222 Pectu-
763 2169 833 2218 dona
857 2171 937 2232 atque
959 2166 1110 2219 herediates
1131 2178 1146 2218 a
1169 2167 1289 2218 moechis

200 2248 288 2298 metus
298 2249 339 2297 cst
349 2259 448 2296 nomen
458 2247 630 2311 suppositieii,
644 2259 726 2311 quem
763 2241 917 2308 capiendus,
931 2240 1029 2305 quibus
1037 2243 1217 2305 persuasisset
1223 2241 1290 2292 sub-

201 2322 254 2374 sibi
282 2320 366 2372 fliium
396 2333 457 2372 esso
485 2321 609 2382 dicebaut
645 2335 726 2387 supra
762 2317 858 2368 diiii-os
880 2317 930 2367 bos
953 2313 1052 2366 liberos
1075 2314 1110 2365 ab
1128 2316 1193 2381 ipsis
1213 2317 1289 2380 geni·

201 2397 273 2446 euim
287 2395 378 2460 (Epod.
392 2397 420 2456 5,
434 2397 468 2458 5.)
487 2397 649 2462 suppositieii
667 2409 728 2462 par·
762 2395 804 2443 tes
822 2403 892 2442 esse.

202 2475 245 2522 tus
256 2473 342 2535 ipsum
355 2483 430 2520 ream
442 2470 511 2521 iecit.
537 2473 725 2523 ructuantem
795 2465 899 2518 st-m.
918 2465 975 2514 Neu
985 2464 1063 2530 sucu]
1081 2465 1288 2528 «Neutragorum

201 2545 246 2595 bic
281 2557 330 2608 pro
363 2547 442 2609 partu
469 2546 601 2610 ponitur.»
639 2548 723 2598 Coun.
762 2540 897 2606 etopibus
914 2537 1088 2604 spoliatorum
1104 2538 1219 2590 lementa
1236 2553 1289 2592 non

201 2619 280 2676 Caco.
294 2619 726 2683 Quemquemeoncedendumest
763 2619 858 2670 curant
882 2615 963 2666 surda
981 2627 1071 2666 saxu.»
1097 2641 1124 2651 -
1152 2615 1289 2679 Neptunia]

199 2691 331 2755 Bentleio,
361 2707 387 2744 v,
409 2699 497 2744 uterus
519 2696 570 2746 huc
591 2697 726 2758 signitica-
764 2695 851 2745 «Mare
868 2688 1047 2756 procellosum
1063 2687 1191 2739 verberet
1205 2690 1291 2740 ssucti-

199 2768 270 2818 tione
287 2769 408 2817 usitatius
426 2781 495 2818 esse.
523 2770 598 2818 Ouid.
619 2771 680 2819 Met.
700 2771 725 2830 6,
763 2767 814 2817 bus
838 2769 956 2817 cautes·
985 2762 1077 2815 Tibult.
1102 2762 1182 2825 Μ,
1206 2764 1231 2815 9.
1260 2791 1287 2801 -

201 2841 270 2890 titt:
306 2840 372 2887 uteri
391 2851 456 2899 porr
480 2845 515 2888 est
538 2841 600 2890 tuuc
622 2843 727 2904 septim
763 2841 859 2889 iuratus
878 2845 906 2890 ut
929 2840 971 2905 tu]
993 2835 1124 2902 supplicis
1142 2851 1223 2902 prece
1241 2851 1290 2890 su·

199 2912 288 2964 nostri.
323 2913 410 2976 Atque
431 2913 589 2964 Pactumeius
611 2929 640 2966 re
661 2931 726 2966 vere
763 2912 847 2977 perbe
865 2916 977 2976 reiecta,
1002 2925 1065 2976 suga
1083 2911 1150 2962 illico
1167 2913 1194 2963 in
1212 2926 1289 2964 ecer-

199 3000 299 3038 nomen
316 2989 527 3039 estiiomuuum.
546 2990 589 3041 Sic
599 2991 626 3041 P.
639 2993 728 3042 Paetu-
762 2987 902 3040 bissimam
925 2988 1133 3052 indignationem
1159 2988 1288 3052 erumpit,

198 3062 278 3112 mdiu
294 3064 337 3112 est
353 3062 379 3112 iu
392 3062 565 3128 inscriptione
578 3065 649 3130 apud
662 3067 727 3117 Fur·
763 3063 840 3114 cuius
862 3062 974 3114 termula
997 3064 1079 3114 utitur
1095 3062 1168 3112 haud
1184 3075 1245 3112 rare
1261 3067 1290 3114 ut

199 3135 328 3186 ianettum
352 3137 437 3188 leeris.
457 3139 481 3188 d'
501 3139 559 3190 Este
576 3153 603 3205 p.
624 3142 663 3191 ta.
695 3143 728 3194 Et
764 3151 826 3189 cunr
850 3138 990 3201 interrog,
1018 3138 1117 3188 uisat.
1136 3138 1166 3199 Ξ,
1187 3138 1219 3199 ii,
1239 3137 1287 3188 ta:

199 3223 265 3274 gens
282 3212 434 3262 Pactumeiu
452 3212 502 3264 sub
520 3215 727 3279 imperatoribus
765 3213 826 3264 Utor
850 3218 934 3277 tedam
957 3225 1048 3274 spurco
1073 3213 1173 3262 Damae
1199 3211 1290 3262 latus?

200 3285 314 3336 fecunde
326 3286 374 3337 tuit
385 3286 527 3340 consulum
539 3291 725 3342 suffectorum:
764 3289 818 3338 biv.
838 3287 867 3348 t,
886 3289 915 3349 2,
933 3289 978 3337 tt:
1007 3289 1078 3338 titire
1093 3293 1122 3338 ut
1137 3289 1238 3351 impune
1249 3315 1264 3326 -
1275 3315 1289 3325 -

200 3362 229 3422 Q.
244 3361 400 3412 Pactumeitu
422 3362 515 3412 nmio
538 3377 562 3414 e.
581 3369 642 3429 post
662 3366 725 3417 Chr.
764 3363 884 3412 condunt
891 3363 1001 3428 finitima
1009 3363 1073 3413 betta
1081 3362 1104 3426 P,
1117 3363 1163 3413 nbi
1173 3365 1287 3414 Gronov.

199 3433 240 3484 80.
277 3436 434 3485 Puctmuetru
466 3437 575 3488 Clemens
608 3451 632 3488 a.
668 3440 725 3491 438.
764 3441 791 3488 et
807 3437 888 3487 Druk.
908 3435 956 3486 ulie
976 3437 1099 3502 exempla
1116 3437 1287 3501 collegerunt.

200 3509 226 3558 Τ.
244 3511 401 3560 Pactumeius
417 3511 527 3574 Magnus
543 3525 567 3561 e.
591 3513 646 3565 483.
672 3513 725 3564 Cir.
763 3511 885 3562 Refertur
902 3513 992 3562 autem
1009 3511 1044 3561 ad
1061 3525 1119 3562 rem
1136 3525 1217 3576 quem
1229 3525 1290 3576 pru·

199 3584 268 3633 Festi
293 3584 430 3637 consular.
452 3585 519 3638 Bait.
539 3601 563 3636 e.
585 3587 643 3637 832.
668 3588 724 3639 935.
763 3587 824 3649 pter
844 3585 1028 3649 indignitatem
1054 3585 1112 3636 fieri
1134 3599 1187 3636 non
1209 3599 1289 3650 posse

201 3657 274 3705 Grut.
285 3658 343 3718 8t6,
355 3661 379 3710 8.
398 3660 530 3712 Cardiuaii
543 3663 654 3725 Diptomi
664 3675 725 3727 pag.
762 3659 805 3710 vet
823 3661 955 3724 potuisse,
981 3659 1038 3710 fleri
1057 3672 1110 3711 non
1127 3659 1229 3710 debere
1247 3659 1289 3710 vel

201 3731 258 3780 tuo.
287 3759 315 3768 -
343 3733 517 3796 Cogituudunr
543 3739 634 3788 autem
655 3737 682 3789 h.
708 3739 724 3789 t.
764 3734 905 3795 debuisse,
925 3737 954 3784 ut
970 3733 1047 3796 h.i.,
1067 3734 1290 3786 stomachabuudt

200 3805 235 3856 de
252 3806 361 3856 homine
378 3809 488 3861 ridiculo
505 3810 548 3862 vel
565 3812 683 3864 sordido.
696 3843 724 3852 -
763 3809 976 3875 pronuntiamus.
996 3837 1034 3874 :-
1064 3809 1186 3874 Cutyttia]
1215 3810 1287 3872 virg.

200 3880 283 3930 Nimis
306 3883 397 3931 contra
421 3883 533 3946 insulsa,
563 3890 637 3938 certe
655 3889 725 3954 apud
764 3883 846 3937 catal.
866 3886 896 3944 5,
917 3884 960 3934 ts:
986 3885 1043 3936 Nun
1058 3899 1099 3936 me
1114 3883 1215 3935 curubis
1227 3883 1289 3946 put-

200 3954 350 4014 Horatium.
377 3955 459 4007 attera
479 3961 520 4010 esi
539 3959 618 4011 tectio
632 3969 726 4025 partu-
762 3961 825 4010 rimu
842 3973 890 4022 per
907 3960 1017 4022 Ootuttic
1032 3960 1071 4010 Ad
1086 3961 1190 4023 semotos
1208 3958 1289 4021 susm·

198 4029 289 4091 auius,
313 4033 437 4093 «uterus,
461 4033 506 4096 qui
524 4038 631 4098 perium
649 4038 724 4100 quasi
762 4049 814 4086 aar.
850 4033 945 4085 Strabo
963 4035 1003 4086 to.
1023 4049 1050 4099 p.
1070 4036 1127 4084 iri.
1146 4035 1174 4083 B.
1194 4035 1285 4082 iuven.

199 4103 288 4165 metit,
308 4104 401 4168 idest,
426 4109 470 4172 qui
491 4107 612 4160 iaeiitime
629 4112 724 4176 parit.»
762 4112 790 4172 2,
805 4109 832 4159 st
848 4123 890 4174 sq.
918 4111 1044 4173 «impune
1064 4109 1092 4158 iu
1111 4111 1140 4158 ut
1158 4106 1288 4170 evoigaris

201 4203 229 4217 -
245 4180 444 4248 damnauerit]
464 4186 724 4250 «Quotiescunquee
761 4187 841 4248 atque
859 4185 973 4234 irriseris
990 4183 1062 4246 orgia
1079 4181 1138 4243 itia,
1158 4195 1227 4246 quae
1245 4194 1289 4231 ee-

200 4253 267 4305 tecto
289 4258 376 4320 surgis
397 4257 508 4309 robusta
525 4257 626 4310 scilicet
642 4272 724 4324 puer·
761 4257 898 4310 tebrantur
914 4273 930 4309 e
947 4257 1053 4309 feminis
1070 4256 1146 4316 sotis,
1166 4269 1220 4306 uno
1231 4257 1288 4306 tau·
