3014 4978
665 484 793 536 Hoaaru
809 483 978 535 canumet!

490 642 594 727 Saepe
617 659 707 705 mero
729 637 868 704 caluisse
890 636 1000 700 virtus.

405 803 451 866 Tu
473 798 544 865 lene
567 805 760 864 tormentum
781 795 910 882 ingenio
933 792 1087 858 admoves

405 920 600 1006 Plerumque
622 917 722 995 duro;
746 927 779 982 tu
802 913 994 1002 sapientium

447 1041 549 1107 Cures
571 1047 603 1104 et
624 1057 777 1104 areanum
801 1036 912 1101 iocoso

491 1158 665 1226 Consilium
688 1157 807 1243 retegis
827 1157 957 1244 Lyae03

346 1350 385 1399 ta.
404 1347 535 1398 inoptatae
552 1359 566 1395 e
585 1345 665 1396 llario
682 1343 817 1392 Victorino
833 1355 859 1405 p.
879 1339 952 1391 2606.
972 1341 999 1389 P.
1019 1339 1161 1390 Bentleius.

280 1515 369 1580 quali.)
390 1539 416 1552 -·
439 1514 522 1564 Virtus
537 1514 627 1562 autem
644 1511 752 1569 camno,
772 1511 802 1558 ut
837 1519 898 1569 que,
926 1517 995 1555 «uon
1018 1507 1108 1554 temen
1125 1517 1265 1569 semper»;
1297 1520 1370 1570 quae

281 1593 333 1642 sat.
351 1593 381 1652 2,
401 1591 429 1650 t,
447 1590 492 1639 ia:
525 1589 608 1637 Virtus
623 1585 757 1648 sciptum
779 1587 802 1632 et
837 1579 967 1631 sententia
985 1578 1132 1629 admodum
1149 1578 1267 1642 trigeret.
1293 1583 1368 1644 (Mira

279 1667 347 1715 mita
372 1665 496 1726 sapientia
521 1661 598 1712 Laeli.
630 1685 657 1696 -
687 1657 800 1721 calueto]
837 1655 864 1704 h.
875 1653 945 1708 last
956 1653 1021 1703 Cod.
1031 1653 1141 1716 Fraueq.
1155 1656 1295 1718 ceteroqui
1307 1669 1372 1720 per-

279 1740 419 1799 incaluisse,
438 1737 511 1801 quod
521 1749 571 1800 per
587 1730 711 1798 σφάλμα
727 1749 802 1797 μνη-
837 1727 901 1778 boui
918 1727 1078 1790 perversitas
1095 1726 1250 1790 praebentis
1266 1741 1369 1779 autores

279 1811 402 1878 μονικὸν
419 1811 531 1876 praebet
545 1810 641 1860 Marius
652 1807 802 1857 Victorinus
839 1813 901 1852 cum
918 1800 997 1864 gloss.
1016 1800 1147 1864 removes.)
1170 1829 1197 1837 -
1222 1801 1264 1852 Ad
1283 1806 1369 1854 totum

280 1902 307 1952 p.
325 1888 382 1937 tto.
402 1885 494 1944 Galat,
517 1883 628 1932 nimium
645 1883 699 1941 ost,
727 1879 803 1942 quasi
839 1875 928 1926 locum
947 1874 994 1925 cir.
1009 1873 1199 1925 Callimachum
1212 1876 1260 1940 Ep.
1274 1877 1306 1926 9:
1334 1879 1369 1940 (in

280 1975 345 2012 vero
367 1963 428 2010 ante
450 1957 673 2020 compotationem
693 1965 802 2017 prorsus
840 1947 944 2000 anthol.
963 1947 1017 1998 Pal.
1032 1949 1062 1998 ll.
1074 1961 1102 2012 p.
1114 1949 1183 2013 20⁴.)
1201 1947 1298 2020 Μικρή
1316 1965 1369 2015 τις,

281 2035 384 2100 torpida
401 2033 493 2083 luisset
509 2031 592 2080 virtus
609 2027 660 2078 illa.
840 2020 977 2084 Διόνυσε,
1005 2017 1080 2072 καλὰ
1104 2019 1267 2095 πρήσσοντι
1285 2039 1371 2092 ποιη-

315 2107 355 2160 43.
384 2104 545 2169 tomwntam]
565 2105 596 2154 il.
614 2102 631 2152 l.
652 2099 805 2153 nonhabet
840 2093 999 2170 τῇῬῆσις·
1027 2092 1045 2148 ὁ
1061 2096 1116 2162 μὲν
1137 2093 1219 2148 νικῶ
1236 2101 1316 2164 φησὶ
1333 2097 1367 2149 τὸ

281 2183 500 2247 significationem
518 2177 684 2243 explorandi,
697 2177 764 2226 uta.
774 2177 802 2225 P.
840 2169 1040 2244 μακρότατον·
1055 2163 1102 2223 Ὧι
1118 2170 1149 2223 δὲ
1166 2169 1203 2224 σὺ
1220 2170 1264 2239 μὴ
1282 2171 1369 2225 πνεύ-

281 2257 345 2308 tal:
374 2257 450 2319 lteqea
471 2255 590 2304 ditaretur
609 2253 694 2301 mattis
714 2261 806 2314 atraere
841 2263 896 2319 σῃς
907 2244 1046 2312 ἑνδέξιος,
1064 2241 1100 2312 ἦν
1111 2262 1153 2310 τις
1170 2241 1284 2318 ἔρηται,
1305 2247 1371 2311 Πῶς

281 2331 645 2388 mammaemammal),
666 2337 806 2386 qaemper-
841 2317 961 2386 ἔβαλες
986 2324 1081 2389 φησι,
1105 2321 1244 2394 σκληρὰ
1261 2319 1305 2373 τὰ
1322 2341 1370 2390 γι-

281 2407 389 2467 speztsae
400 2403 525 2463 laborant,
540 2403 591 2450 oet.
605 2402 632 2450 et
643 2401 710 2463 Epp.
724 2400 748 2458 l,
762 2398 803 2458 48,
841 2394 995 2465 propera
1012 2396 1072 2447 κτλ.

282 2479 329 2530 38;
348 2478 556 2538 Cornmtssumque
572 2479 637 2538 tepea
653 2475 743 2524 ataine
754 2475 806 2522 tor·
875 2472 979 2523 ti-to.
1005 2471 1162 2535 septenam]
1182 2471 1298 2522 «unum
1310 2471 1367 2522 elli-

282 2557 322 2602 tus
337 2557 360 2601 el
376 2552 426 2599 tra.
462 2550 515 2599 Sed
532 2550 582 2598 hoe
596 2545 664 2598 volt:
685 2547 804 2595 «utvera
842 2549 890 2608 cit,
909 2549 939 2596 ut
950 2547 1030 2596 etiam
1043 2547 1074 2606 ii,
1093 2545 1138 2609 qui
1150 2544 1247 2607 alioqui
1261 2547 1369 2610 sapien·

282 2626 414 2676 tormenta
430 2636 491 2673 reos
507 2623 626 2673 confiteri
647 2622 744 2683 coguut
755 2619 806 2669 de·
843 2623 924 2672 tesso
937 2624 1033 2684 gerunt
1044 2624 1072 2671 et
1082 2621 1252 2683 nescioquas
1263 2623 1368 2671 secreta

283 2700 359 2759 licta,
379 2699 417 2748 sie
434 2697 541 2756 vinum,
560 2696 636 2758 quasi
653 2695 720 2757 tene,
744 2705 806 2756 gra-
842 2694 952 2745 oousilia
974 2709 1083 2760 semper
1103 2696 1201 2758 agitare
1225 2697 1368 2758 putantur,

282 2777 355 2834 tum,
383 2776 533 2822 torreantur
561 2770 656 2819 excitat
679 2769 807 2832 inuentum
841 2769 920 2833 longe
938 2772 1085 2834 apertiores
1102 2769 1167 2820 liant
1183 2772 1265 2832 atque
1283 2769 1319 2819 ad
1336 2770 1371 2818 io·

280 2848 427 2910 plenaeque
453 2843 600 2909 (persaepe)
628 2843 719 2892 domm
747 2841 807 2891 elii·
843 2845 959 2895 eandum
972 2845 1022 2908 ipsi
1037 2857 1146 2908 quoque
1158 2845 1294 2908 progressi
1307 2841 1373 2894 mul-

284 2923 387 2984 eitque,
417 2921 446 2969 ut
467 2917 544 2981 louge
571 2915 670 2967 lucilius
688 2916 806 2966 carmina
843 2921 869 2968 ta
889 2917 1062 2982 patefaciant,
1092 2931 1162 2982 quae
1184 2919 1260 2966 extra
1281 2917 1372 2968 conti-

285 2995 445 3056 iestivosque
458 2991 728 3042 sermonesmndat.»
749 2989 807 3038 aln—
842 2994 916 3043 vium
938 2993 983 3040 vir
1006 3003 1069 3042 oum
1093 3003 1230 3055 quoquam
1248 3005 1372 3042 comma-

282 3069 355 3132 penio
377 3067 441 3116 duro
463 3079 523 3117 esse
543 3065 640 3115 dicitur
661 3077 710 3115 seu
727 3067 806 3128 poeta
843 3066 989 3116 uiuerent.»
1024 3065 1080 3114 Non
1092 3067 1146 3115 tam
1158 3064 1192 3114 de
1204 3063 1370 3129 philosophis

284 3142 339 3192 sive
357 3143 459 3200 orator,
490 3140 535 3202 qui
559 3137 632 3188 arida
657 3139 684 3187 et
708 3135 807 3187 difficili
844 3139 1031 3203 cogitandum,
1064 3140 1109 3202 qui
1138 3135 1298 3209 ἐσωτερικὰ
1324 3135 1372 3188 δό-

283 3227 352 3264 veua
364 3218 419 3276 est,
439 3215 483 3278 qui
500 3226 552 3263 uon
572 3207 733 3283 εὑρετικὸς,
752 3224 806 3261 nou
844 3227 941 3281 γματα
952 3213 987 3263 ad
999 3225 1136 3272 mensam,
1155 3211 1201 3262 uhi
1212 3225 1279 3263 sane
1293 3225 1371 3264 nemo

283 3287 386 3352 pollens
396 3289 548 3339 inventione
565 3289 592 3336 et
607 3287 708 3350 copia·
728 3287 808 3335 Basr-
843 3289 875 3338 iis
892 3301 972 3337 aures
983 3286 1141 3350 praeberet,
1161 3285 1281 3337 lacuude
1294 3301 1373 3350 expo-

285 3376 340 3412 tsr.
359 3361 436 3412 Silius
448 3363 475 3411 ti
488 3400 494 3421 ,
511 3361 572 3411 285:
592 3362 675 3410 Donec
683 3361 758 3423 palm
768 3360 808 3422 su·
845 3362 921 3422 nant,
940 3360 990 3410 sed
1002 3360 1036 3410 de
1048 3361 1078 3410 iis
1097 3361 1202 3424 potius,
1222 3361 1269 3424 qui
1282 3361 1372 3411 iuvita

283 3449 335 3486 mes
353 3441 377 3486 et
387 3435 478 3486 Bacchi
493 3448 601 3484 manera
616 3435 708 3483 duram
719 3435 808 3483 tuea-
845 3435 998 3500 quotidiana
1010 3434 1086 3484 seriis
1097 3432 1256 3498 plerumque
1270 3449 1303 3484 ac
1317 3447 1373 3498 gra·

283 3515 345 3560 rami
354 3516 467 3560 mentem.
484 3537 510 3546 -
524 3511 581 3560 Non
593 3509 660 3559 haee
672 3511 714 3559 est
724 3521 808 3572 oppo-
844 3508 924 3559 vibus
935 3507 1137 3571 cogitationibus
1148 3509 1273 3572 oooupati
1282 3509 1373 3560 videu-

285 3584 362 3634 sitio:
383 3584 465 3634 «duro
482 3585 600 3648 iugenio,
618 3587 649 3634 ut
662 3584 709 3633 liat
719 3583 808 3632 mitius
845 3586 896 3633 tur.
920 3582 962 3631 Sic
973 3581 1093 3646 Diphilus
1105 3582 1179 3646 apud
1189 3583 1286 3632 Athen.
1301 3585 1331 3644 2,
1343 3583 1370 3632 a:

286 3659 314 3707 et
330 3655 434 3706 mollius
445 3672 468 3716 μ
491 3657 554 3720 (vel,
582 3660 613 3707 ut
628 3657 806 3721 Porphyrion:
845 3652 1002 3721 (Acoreus)
1020 3652 1078 3706 Τὸν
1094 3651 1147 3718 τὰς
1163 3649 1258 3727 ὀφρῦς
1275 3655 1372 3727 αἴρον-

287 3731 807 3794 «vinumextorquetauimigravitatem»
844 3745 882 3780 τα
898 3729 1067 3795 συμπείθεις
1083 3727 1177 3797 γελᾶν.
1198 3731 1245 3793 (De
1264 3729 1372 3794 genitivi

286 3804 348 3856 sed:
363 3807 408 3853 «ut
417 3802 541 3854 liberiore
554 3805 655 3868 impetu
665 3805 720 3854 vim
732 3817 809 3854 suam
846 3805 931 3856 torma
944 3806 977 3855 cl.
991 3805 1040 3855 Od.
1053 3806 1082 3866 3,
1100 3803 1141 3866 al,
1160 3805 1211 3866 tl.)
1227 3832 1254 3842 -
1267 3807 1372 3856 iocose·

287 3879 453 3942 expromat.»
479 3877 591 3927 Omnino
609 3879 651 3927 est
668 3877 809 3941 Bacchyli-
845 3879 941 3944 Lyaeo]
956 3878 1180 3929 Videturdativus
1191 3879 1371 3942 potiusquam

286 3953 328 4004 dis
349 3949 454 4018 γλυκεῖ·
479 3943 593 4016 ἀνάγκα
612 3951 638 4000 in
663 3949 722 4000 loco
747 3965 809 4001 mox
846 3951 927 4003 ablat.
953 3952 996 4003 vel
1022 3951 1106 4004 absol.
1135 3953 1212 4014 (iuter
1234 3953 1305 4016 vina)
1331 3947 1370 4000 vel

288 4023 812 4091 (adv.ta-20.)arterendo;nohisuez-
846 4027 969 4077 instrum.
998 4027 1056 4091 [per
1080 4025 1189 4087 vinum).
1211 4051 1239 4061 -
1276 4027 1372 4076 Iocasta

285 4101 372 4151 mittet
390 4129 417 4137 -
439 4103 477 4151 De
495 4100 617 4149 machina
632 4097 737 4148 militari
756 4097 810 4149 noli
846 4103 938 4150 autem
955 4103 1079 4160 vocatur,
1097 4099 1160 4163 quia
1171 4097 1207 4148 ad
1224 4099 1298 4151 iocos
1310 4113 1371 4166 pro·

287 4187 350 4224 eum
366 4173 423 4225 aliis
440 4173 588 4238 explicare,
608 4184 676 4236 quae
693 4186 747 4222 nou
765 4187 810 4223 ex·
845 4176 925 4224 vocat
946 4175 1002 4225 tum
1023 4174 1150 4234 maxime,
1178 4185 1241 4226 cum
1266 4177 1371 4240 praeter

287 4249 363 4308 citat.
382 4247 431 4299 sed
442 4247 576 4308 uoluerat,
590 4245 688 4310 affligit,
702 4247 806 4299 occidit.
845 4249 1072 4314 exspectationem
1081 4249 1369 4312 compotantiumarca-

287 4323 358 4372 Cave
378 4323 442 4372 item
458 4323 552 4384 iungas
569 4321 684 4371 aenove
694 4321 808 4384 pteaun-
845 4337 879 4372 na
893 4321 934 4373 illa
947 4321 1055 4373 consilia
1075 4324 1101 4372 in
1114 4321 1202 4373 lucem
1214 4323 1368 4387 protrahun-
