2998 4980
709 450 838 501 HOlirl‘l'll
856 449 1023 500 caeninam

540 609 652 674 Crines
674 605 807 693 pulvere
830 604 974 672 collines.

495 731 564 796 Non
587 728 793 803 Laertiaden,
816 725 948 793 exitium
969 736 1043 792 tuae

494 853 603 926 Genti,
627 872 692 917 non
712 847 840 937 Pylium
860 849 996 914 Nestora
1018 847 1178 934 respicis?

495 973 614 1062 Urgent
635 973 786 1060 impavidi
809 983 840 1039 te
864 970 1057 1038 Salaminius

536 1098 660 1162 Teucer
681 1104 714 1160 et
735 1092 906 1160 Sthenelus
928 1093 1034 1160 sciens

388 1269 428 1318 io.
448 1266 540 1329 Crines]
554 1266 639 1316 Cultus
649 1279 674 1325 c,
693 1277 745 1326 mg.
759 1266 784 1314 S.
799 1264 915 1313 Pottierii
926 1264 951 1324 T,
965 1263 989 1323 6,
1003 1264 1027 1322 7,
1041 1263 1065 1324 8,
1080 1263 1120 1324 43,
1133 1265 1198 1314 item
1210 1264 1250 1314 TJ.
1288 1265 1383 1315 Crines

356 1355 417 1392 cum
434 1341 567 1405 plerisque
586 1341 673 1390 firmat
688 1338 779 1389 Bland.
798 1338 935 1400 antiquiss.
972 1336 1140 1400 (Exciderunt
1159 1351 1174 1387 e
1193 1337 1259 1388 Cod.
1279 1339 1311 1388 B.
1334 1353 1378 1387 w.

355 1417 472 1479 io-ta.)
492 1443 519 1452 -
537 1417 578 1466 it.
596 1416 665 1464 Num
679 1440 694 1450 -
710 1441 726 1451 -
741 1426 803 1463 naen
822 1427 837 1463 e
858 1413 984 1462 Vaticano
1007 1413 1121 1475 Reginae
1145 1414 1171 1463 T.
1198 1441 1225 1450 -
1251 1414 1387 1464 lurnaden

357 1492 410 1554 (sic)
429 1494 457 1542 T.
479 1520 506 1528 -
525 1492 650 1540 escidium
666 1487 713 1550 βκ.
734 1515 761 1525 -
780 1490 821 1539 ai.
841 1489 926 1538 Gentis
947 1487 1028 1546 hSTc,
1048 1490 1114 1538 Pott.
1129 1501 1190 1549 sax,
1210 1489 1271 1549 LCt,
1292 1489 1383 1540 Beati.

356 1567 396 1617 TJ.
433 1566 515 1629 (Genti
540 1569 594 1616 tres
618 1563 740 1624 Blanda,
766 1561 818 1625 βκ,
846 1565 928 1615 ceteri
952 1563 1086 1626 Pettierii.)
1113 1589 1140 1600 -
1164 1564 1203 1615 23.
1225 1566 1278 1627 inp.
1300 1566 1331 1615 T.
1355 1593 1384 1602 -

355 1641 395 1692 ai.
417 1643 506 1691 Teucer
522 1647 545 1690 ei
562 1641 631 1690 bST:
654 1640 743 1689 Teucer
768 1645 791 1688 te
812 1639 929 1699 caesii,
953 1639 1090 1700 Teucerque
1111 1644 1134 1688 et
1152 1651 1230 1690 scum
1247 1640 1315 1691 Cld.
1338 1653 1387 1690 ra-

355 1717 523 1766 centissimo»
549 1715 641 1778 (codd.
660 1713 815 1774 Torrentii‘i)
851 1712 916 1763 Aldo
938 1714 965 1763 et
981 1713 1109 1764 Glareauo
1126 1712 1211 1765 Beati.

321 1857 395 1916 Sere,
412 1861 495 1904 tamen
503 1855 585 1916 pietas
597 1852 706 1917 (rediit);
725 1852 847 1915 quamns
886 1852 993 1914 (Paridis
1009 1855 1141 1903 venenata
1165 1855 1259 1916 sagitta
1281 1868 1298 1904 a
1325 1852 1417 1904 Philo-

322 1943 392 1981 sero.
427 1928 475 1978 Alii
490 1927 568 1978 aliam
580 1928 710 1978 rationem
722 1927 845 1986 inierunt,
884 1928 953 1976 cteta
970 1929 1091 1992 percussi
1107 1927 1249 1990 lugubrem
1273 1929 1416 1980 interitum

322 2018 403 2068 quam
431 2004 508 2067 sequi
536 2015 585 2053 uos
613 2003 685 2052 vetat
712 2003 791 2050 etiam
819 2015 844 2050 v.
883 2001 943 2054 vide
970 2002 1041 2066 apud
1056 2003 1227 2052 Parthenium
1244 2004 1323 2053 Nara.
1344 2003 1370 2054 4.
1389 2003 1416 2051 et

322 2091 448 2139 caesura,
485 2079 636 2139 iungentes:
671 2081 767 2136 tamen,
800 2076 848 2124 lieu
884 2077 1009 2137 Quintum
1047 2078 1225 2138 Smyrnaeum
1259 2079 1302 2136 40,
1346 2076 1414 2137 223.)

320 2166 399 2213 aaran,
428 2151 590 2216 utaliquando
610 2153 700 2200 tamen
720 2151 844 2209 moriere,
915 2151 956 2199 at.
983 2151 1096 2216 muium]
1122 2152 1164 2201 Sic
1184 2153 1237 2202 mei
1257 2153 1360 2215 codd„
1379 2151 1412 2201 al.

321 2229 379 2290 sed,
405 2227 478 2291 quod
502 2224 648 2277 dolendum
674 2228 722 2286 est¹
746 2238 845 2282 serem
883 2225 1021 2282 andium.
1040 2226 1114 2288 quod
1133 2228 1160 2276 et
1175 2227 1310 2278 minorem
1332 2227 1416 2278 hahet

320 2317 389 2368 quae
407 2303 517 2366 quidem
534 2302 614 2352 nimia
626 2300 758 2351 acerbitas
766 2303 846 2363 atque
883 2299 965 2349 fidem
980 2313 994 2348 a
1011 2299 1085 2352 libris
1098 2304 1125 2352 et
1147 2302 1234 2352 miuus
1257 2305 1355 2365 aptum
1374 2301 1414 2350 vi-

321 2377 458 2428 iracundia
474 2376 525 2425 deo
542 2387 674 2438 perquam
686 2373 791 2437 indigna
809 2373 848 2423 vi·
883 2374 970 2434 denir,
989 2389 1052 2427 curn
1070 2375 1104 2426 de
1115 2375 1223 2427 urbium
1234 2377 1326 2439 patius
1339 2389 1415 2427 everi-

321 2449 845 2513 detur;necvereestmiseratia‚quam
883 2450 957 2499 sione
981 2463 1062 2513 mam
1088 2450 1123 2500 de
1143 2449 1304 2514 populorum
1329 2453 1413 2502 inter·

322 2527 395 2576 Paris
417 2539 470 2575 non
490 2523 661 2584 merebatur,
687 2525 735 2574 sed
758 2525 846 2589 potius
884 2525 994 2574 nacione
1017 2525 1140 2590 usurpari
1162 2523 1254 2574 soleat.
1278 2553 1307 2562 -
1330 2522 1412 2585 annu

320 2599 441 2650 luctuosa
459 2597 631 2656 exclamatio,
649 2597 784 2649 funestum
800 2601 847 2649 Pa·
884 2600 1038 2662 exquisitius
1050 2613 1131 2663 quam
1142 2600 1229 2663 enan.
1259 2600 1302 2649 Sic
1319 2599 1411 2661 Eurip.

320 2675 370 2724 ridi
387 2673 523 2724 interitum
548 2673 689 2731 minitans3
716 2673 742 2724 in
767 2685 846 2736 prosa
883 2674 977 2725 Troad.
988 2676 1051 2725 Sit:
1071 2672 1198 2725 Hercules
1209 2669 1295 2744 χερὸς
1307 2670 1412 2726 εὐστο-

320 2763 359 2800 or,
381 2762 451 2798 «vae
467 2747 552 2797 tibin
883 2750 950 2809 χίαι
982 2745 1070 2813 ἐξεῖλε
1102 2746 1196 2810 ναῶν,
1229 2748 1412 2815 Λαομέδοντι

352 2826 393 2874 20.
413 2823 505 2886 Canes]
524 2824 596 2873 lianc
608 2820 750 2872 lectionem
767 2835 847 2885 prae·
882 2821 986 2887 φόνον.
1021 2827 1146 2889 'tragicus
1161 2825 1233 2888 apud
1247 2825 1301 2875 Cic.
1319 2827 1355 2877 de
1370 2824 1412 2874 Di-

320 2900 376 2950 iero
394 2898 468 2948 alteri
484 2898 573 2958 cuiun,
592 2899 619 2947 et
635 2900 747 2960 propter
757 2895 847 2946 locum
883 2901 935 2949 vin.
949 2900 973 2960 4,
987 2902 1033 2950 si:
1050 2902 1116 2951 Eum
1134 2901 1271 2963 (Paridem)
1290 2915 1344 2952 esse
1359 2898 1412 2950 eai-

310 2975 491 3026 'Homericum
512 2971 547 3022 ad
564 2985 589 3022 v.
609 2972 648 3021 43.
668 2972 845 3034 exscriptum,
882 2976 945 3024 dien
963 2976 1059 3036 Troiae,
1070 2981 1165 3037 pestem
1175 2976 1305 3040 quanao.
1326 2975 1409 3027 Plaut.

320 3053 348 3101 et
364 3051 474 3114 propter
492 3047 575 3098 Codd.
596 3048 733 3110 antiquiss.
753 3047 847 3096 aucto-
882 3049 979 3100 Bacch.
995 3049 1020 3110 4,
1039 3051 1064 3108 8,
1083 3049 1145 3100 iti:
1169 3050 1223 3113 fore
1242 3063 1282 3100 nae
1304 3050 1410 3101 mun

319 3126 433 3174 ritatem.
461 3122 585 3174 Similiter
614 3121 686 3172 iliad.
719 3137 752 3184 ιι,
781 3123 843 3172 795:
881 3126 1002 3188 anemo
1021 3127 1067 3188 (sie
1084 3137 1179 3176 omnes
1196 3123 1273 3186 libri.)
1289 3125 1368 3176 Silius
1384 3123 1408 3181 a,

318 3195 488 3265 μιάνθησαν
504 3195 535 3248 δὲ
551 3192 661 3270 {deceat
678 3197 780 3264 αἵματι
796 3197 846 3246 καὶ
882 3199 945 3250 ito:
971 3201 1087 3250 Exitium
1110 3200 1213 3261 umidis
1231 3225 1272 3236 ·-
1291 3201 1411 3250 smitam

319 3277 443 3344 κονίῃσι.
462 3272 537 3324 Pind.
556 3276 676 3332 Nema,
695 3273 755 3324 iili:
775 3289 846 3335 φαι-
883 3280 946 3324 erat.
978 3277 1083 3326 Tacitus
1104 3276 1172 3325 Ann.
1198 3276 1221 3334 4,
1245 3273 1275 3324 3:
1299 3271 1409 3324 mundio

320 3347 407 3414 ‹linus›
433 3349 502 3414 γαίᾳ
519 3345 721 3417 πεφύρσεσθαι
739 3343 844 3412 κόμαν.
883 3351 1054 3400 dominationi.
1088 3351 1116 3410 4,
1143 3349 1190 3400 ai:
1216 3354 1299 3398 rector
1315 3346 1407 3398 neari-

322 3427 359 3475 De
392 3425 471 3474 Nirea
505 3425 616 3483 Quintus
645 3425 699 3474 Sm.
728 3423 753 3483 6,
782 3423 844 3472 376:
883 3425 973 3481 2‚60:
996 3425 1183 3486 danatenpiis.
1205 3422 1296 3484 zoi:
1319 3429 1409 3472 camut

321 3494 427 3548 Δεύετσ
446 3494 469 3545 δ’
490 3491 600 3563 ἀγλαὸν
626 3493 702 3560 εἶδος
723 3489 773 3562 ἅμ’
798 3491 846 3548 sii-
884 3499 952 3548 teile
973 3498 1011 3548 ei.
1025 3500 1092 3549 lieth
1109 3499 1215 3548 adTae.
1235 3501 1297 3561 Agr.
1310 3511 1338 3560 p.
1352 3494 1406 3546 ini.

320 3571 458 3623 θαλέεσσι
480 3570 599 3644 κάμῃσι.
634 3573 704 3636 Virg.
730 3576 795 3622 Aen.
820 3573 845 3634 2,
885 3572 1001 3623 Alteram
1018 3571 1159 3624 lectionem
1177 3572 1326 3623 detendunt
1343 3567 1408 3622 iocis

322 3650 379 3699 ari.
398 3648 432 3697 de
446 3649 574 3698 Hectore:
592 3650 849 3714 concretossonqnine
885 3647 958 3698 Ovid.
973 3649 1033 3698 Met.
1049 3649 1089 3708 43,
1107 3649 1170 3698 50οι
1194 3649 1309 3698 linitium
1322 3645 1408 3696 Ttoiw

322 3724 410 3774 ednas.
436 3723 476 3778 ti.
496 3723 541 3771 99:
563 3725 606 3772 Do
621 3729 732 3775 sternere
747 3737 847 3787 empus,
884 3723 1011 3784 nostrique
1034 3723 1137 3773 monier
1160 3723 1271 3773 Actdks.
1312 3724 1405 3772 Senec-

323 3798 439 3848 Serniuiri
459 3797 564 3862 Pttuqis
587 3803 609 3848 et
627 3799 730 3860 foedere
747 3801 775 3848 in
787 3799 849 3861 pett-
886 3800 963 3849 Herc.
983 3798 1032 3848 lur.
1054 3797 1110 3848 358.
1147 3798 1251 3860 Megara
1268 3796 1303 3846 de
1320 3798 1404 3858 Lyco:

322 3886 381 3922 uere
396 3872 484 3921 onnes.
509 3875 649 3924 Praeterea
668 3887 799 3938 perquam
811 3874 850 3922 in·
886 3875 1011 3936 Quidnam
1027 3874 1081 3934 iste,
1096 3873 1177 3922 nostri
1192 3873 1290 3935 ymnis
1304 3871 1407 3921 entius

324 3949 414 4010 gratus
429 3948 598 4000 teretioribus
622 3949 732 4000 auribus
754 3948 850 3998 accidit
885 3945 1157 4009 coinesnoeiparnt?
1173 3946 1226 3996 Sed
1238 3946 1323 3997 Codd.
1334 3945 1407 3996 Blan-

324 4020 419 4085 triplex
444 4020 567 4074 ululantis
592 4021 694 4074 litterae
718 4037 737 4072 u
755 4035 846 4073 sonus.
885 4024 950 4074 dinii
966 4025 993 4072 et
1006 4020 1053 4082 βκ,
1072 4023 1118 4086 qui
1132 4020 1264 4085 praebent
1279 4021 1404 4072 dativum.

325 4099 450 4147 Ceterum
460 4099 544 4148 θιιὶιιιι
552 4099 697 4148 referretur
706 4097 741 4147 ad
749 4096 790 4147 illa
800 4098 850 4146 Eu·
885 4098 1117 4164 praestantissimis
1133 4095 1326 4146 adnumerandi
1337 4091 1404 4144 sunt.

325 4172 511 4236 rip.1phig.in
530 4172 588 4222 Aul.
607 4171 653 4222 73:
673 4168 784 4241 (Πάρις)
796 4165 849 4220 ἀν·
884 4172 1018 4224 Bentleius
1043 4172 1152 4235 quidem
1175 4171 1298 4236 praetulit
1316 4169 1404 4235 emilii

326 4241 623 4315 θηρὸςμὲνεὶμάιωι
636 4243 735 4316 στολῇ,
749 4244 847 4318 χρυσῷ
887 4249 1087 4312 «praecesserat
1113 4248 1185 4297 enim
1206 4251 1274 4309 nenti
1297 4259 1322 4294 v.
1350 4243 1403 4292 44.»

326 4335 356 4370 τε
372 4318 516 4390 λαμπρός,
529 4317 669 4392 βαρβάρῳ
681 4319 845 4386 χλιδήματι.
887 4350 914 4360 -
934 4323 1030 4372 Contra
1050 4323 1215 4372 Latinitatem
1241 4322 1291 4370 Tea
1310 4321 1376 4370 Num
1391 4341 1405 4352 ·
