3002 4974
515 428 573 477 tiu.
592 427 622 476 ll.
658 427 686 474 C.
707 425 793 474 llVlll.

303 586 463 672 llarisque
486 582 570 648 Baiis
594 580 810 668 obstrepentis
832 601 930 667 urges

260 727 471 790 Summovera
494 721 602 795 litora,

301 849 419 913 Parum
442 841 587 932 locuples
610 843 793 908 continente
816 842 895 929 ripa.

262 968 361 1048 Quid,
386 965 477 1055 quod
498 983 603 1052 usque
631 963 795 1052 proximos

302 1088 441 1156 Revollis
464 1087 532 1176 agri
554 1086 707 1153 terminos
730 1095 762 1150 et
783 1083 865 1150 ultra

262 1232 392 1299 Limites
415 1228 577 1296 clientium

304 1352 386 1422 Salis
408 1348 550 1418 avarus?
572 1346 704 1414 Pellitur
732 1355 882 1433 paternos

201 1541 242 1591 ιθ.
261 1539 315 1588 baia
331 1537 359 1586 T.
381 1560 407 1570 -
427 1534 468 1584 25.
481 1531 595 1582 timitem
610 1527 725 1578 Pottierii
741 1527 868 1589 quattuor
878 1527 905 1574 et
916 1523 959 1574 alii
969 1522 1046 1588 prob.
1061 1525 1186 1574 Gesnero.

169 1619 207 1680 (itt
225 1625 288 1676 nos,
307 1610 409 1671 nostri.)

136 1771 195 1818 niae
211 1761 326 1822 litorale‚
353 1757 460 1810 celebre
477 1767 590 1806 amoeno
607 1752 659 1802 situ
697 1746 849 1810 Quintiliani
874 1747 992 1799 Decium.
1017 1748 1062 1808 ι3,
1089 1749 1122 1797 2:
1152 1749 1222 1798 Past-

136 1847 163 1894 et
173 1841 251 1905 aquis
263 1836 363 1888 calidis.
378 1832 453 1884 Coni.
462 1831 564 1882 Becker
573 1827 660 1878 Gallus
696 1838 773 1886 quarn
795 1825 926 1886 prasinus
946 1824 1084 1874 renouando
1106 1825 1223 1874 terminos

135 1917 206 1968 Led.
219 1913 264 1965 alt.
276 1926 302 1976 p.
314 1903 557 1971 misum-orpes]
569 1913 660 1953 nsum·
697 1913 760 1962 aner
785 1900 911 1962 locupletis
935 1899 1011 1948 tatius
1031 1900 1171 1948 inundavit.
1194 1926 1219 1934 -

135 2005 181 2042 mo
191 1988 280 2040 studio
289 1987 315 2035 in
325 1984 349 2033 id
359 1981 503 2040 incumbis,
517 1981 548 2027 ui
557 1976 661 2039 longius
698 1975 812 2038 decada]
842 1973 957 2024 Termini
974 1975 1081 2037 proprie
1099 1973 1223 2024 dicuntur

134 2075 297 2131 promoveas
312 2058 373 2109 litus
384 2053 499 2106 molibus
511 2053 660 2110 exstructis,
698 2049 804 2110 moveri,
822 2049 938 2098 aaroni.
973 2050 1066 2098 Festus
1082 2048 1107 2097 in
1123 2062 1148 2097 v.
1164 2049 1223 2098 Tar-

134 2155 190 2192 non
216 2137 280 2188 satis
297 2133 400 2184 liabens
418 2129 468 2179 loci
486 2129 512 2178 iu
528 2126 613 2177 litore.
632 2151 659 2160 -
698 2125 766 2174 mino
778 2138 803 2188 p.
819 2125 874 2173 457.
888 2123 1008 2172 Lindem.
1019 2137 1041 2169 :a
1059 2124 1224 2172 nnnarnn

135 2217 229 2278 ttiparn
252 2223 302 2274 pro
324 2209 396 2258 litore
419 2209 446 2255 et
463 2205 520 2253 tuas
537 2215 586 2266 pro
604 2201 663 2262 ripa
695 2200 773 2262 pilitus
789 2198 875 2247 statuit
892 2211 963 2256 ann,
982 2197 1225 2258 nnitnnninrnnaa·

135 2288 268 2352 usurpant
278 2285 392 2348 poetae;
410 2279 483 2344 quid,
496 2277 569 2342 quod
582 2277 662 2325 etiarn
699 2278 808 2335 orasset,
827 2277 850 2321 et
863 2273 944 2334 ipsum
952 2277 976 2320 et
986 2271 1057 2320 boues
1068 2285 1153 2334 samos
1163 2286 1221 2322 essa.

136 2367 192 2418 Cic.
212 2361 247 2411 de
269 2362 324 2410 inv.
348 2359 379 2418 2,
398 2357 438 2405 34.
466 2354 499 2402 de
521 2353 593 2400 litore
609 2351 663 2400 Eu·
700 2350 732 2398 Et
754 2345 878 2397 terribilis
903 2347 1058 2409 imprecatio
1081 2345 1176 2410 legitur
1197 2348 1223 2397 in

136 2444 211 2491 rotae
221 2434 354 2498 loquitur?
366 2430 448 2494 Volgo
460 2441 510 2493 per
520 2422 663 2492 σύγχυσιν
701 2425 779 2488 cippo
800 2420 871 2485 apud
893 2421 1022 2484 Sponium
1038 2422 1112 2472 Misc.
1131 2435 1158 2486 p.
1178 2423 1222 2471 tl.

136 2513 231 2566 nescio
256 2520 339 2572 quarn
364 2504 508 2570 explicant,
543 2501 663 2550 dicentes
702 2499 818 2561 Οιιιειιιιιι
838 2499 884 2547 troc
906 2497 1033 2547 natuiarn't
1053 2503 1098 2548 aut
1116 2499 1223 2558 iusserit,

136 2588 245 2656 proprio
257 2581 407 2634 unmaoaari
417 2592 503 2640 mare,
522 2578 551 2626 ut
561 2579 664 2626 Seneca
701 2575 804 2624 atilianus
820 2586 924 2622 suorum
939 2573 1083 2622 moriatur!

137 2665 265 2716 Controu.
295 2661 328 2708 a:
366 2657 453 2706 naaria
479 2656 665 2703 summwnatur
734 2652 775 2700 25.
794 2649 834 2698 26.
853 2647 990 2711 clientium]
1010 2647 1222 2699 LexXll.Tabb.

135 2737 255 2803 proiectis
270 2733 391 2790 nwiibru3
414 2730 464 2781 aad
481 2731 508 2779 n.
526 2728 543 2779 i.
563 2728 665 2777 dictum
704 2725 739 2786 (8,
758 2725 819 2786 itt:
846 2725 974 2774 Parianus
991 2734 1016 2773 sr
1032 2735 1133 2773 crrsnrr
1148 2734 1226 2772 raru-

138 2828 199 2866 esse
212 2825 262 2876 pro
271 2819 419 2872 prarnoaera
429 2807 513 2865 liora,
532 2805 562 2852 ut
575 2814 666 2851 amen-
701 2812 756 2850 asa
771 2811 893 2860 rrcsnrr,
911 2809 989 2848 stoan
1005 2809 1077 2848 asro.
1098 2824 1126 2832 -
1145 2795 1225 2860 Salis]

138 2888 259 2939 dandum
277 2884 359 2936 suasit
375 2882 423 2932 Ed.
442 2879 588 2930 Leidensia.
613 2877 666 2927 Sed
703 2869 774 2924 inest
794 2875 819 2924 in
838 2875 889 2924 hoc
906 2886 931 2921 v.
950 2871 1077 2921 audaciae
1095 2871 1227 2933 significa-

139 2963 201 3014 niinl
211 2960 302 3011 obstat
311 2959 376 3021 quin
387 2956 601 3018 interpretemur,
611 2951 669 3002 nul·
703 2950 748 2999 tio.
784 2946 886 2998 Solonis
902 2945 945 2996 lex
962 2946 1034 3009 apud
1050 2946 1226 2996 Dirlrsenlili.

139 3039 193 3090 lam
219 3035 337 3088 sermoni
362 3033 415 3082 rim
445 3029 603 3088 intercutes,
634 3041 666 3076 err
704 3022 787 3074 Tabb.
806 3037 832 3087 p.
858 3023 922 3072 itt:
948 3016 1015 3071 Ἐάν
1037 3036 1080 3082 τις
1103 3015 1227 3084 αἱμασιά

140 3112 249 3179 propria
267 3107 457 3172 significatione
475 3105 553 3154 huius
575 3102 665 3153 verbi:
704 3097 768 3170 παρ’
784 3090 925 3168 ἀλλοτρίῳ
943 3097 1038 3164 χωρίῳ
1056 3089 1156 3165 apuys),
1176 3090 1228 3144 τὸν
1286 3155 1288 3160 Ι

141 3195 329 3240 «summovere
359 3180 448 3242 litora,
484 3192 554 3242 quae
587 3181 666 3240 antea
705 3167 775 3246 ὅρον
791 3167 834 3238 μὴ
852 3169 1048 3242 παραβαίνειν.
1064 3197 1092 3206 -
1110 3171 1226 3234 Pelium]

140 3265 227 3321 erant,
248 3261 277 3309 et
294 3258 334 3307 his
351 3268 420 3306 nova
438 3267 537 3318 eaque,
555 3255 585 3302 ut
602 3267 668 3303 oon-
705 3249 781 3301 Haud
798 3247 952 3311 infrequens
971 3244 1012 3296 illa
1030 3248 1150 3310 ternpore
1163 3244 1228 3295 laci-

140 3332 368 3390 sentaneurnest‚
384 3328 668 3393 longiusiumaraax-
705 3339 769 3386 nus,
800 3324 861 3387 quia
884 3324 978 3386 inopes
1002 3320 1112 3372 clientes
1136 3323 1228 3384 patro-

141 3409 277 3463 currentia
296 3405 486 3457 substituere.»
513 3405 615 3454 Seneca
633 3404 667 3453 de
705 3414 770 3452 num
796 3400 937 3458 iniustum,
974 3396 1023 3447 sed
1056 3396 1170 3460 pecunia
1196 3407 1229 3446 ac

141 3489 240 3548 traam
268 3483 317 3532 An.
336 3481 369 3530 3:
398 3480 426 3530 Si
449 3479 535 3542 panai
558 3479 668 3528 turnaraa
705 3475 822 3541 potentia
834 3473 975 3534 vallatum,
995 3472 1021 3522 in
1038 3471 1078 3522 ius
1090 3483 1227 3521 arcessere

139 3559 328 3618 renuntiamus,
341 3554 538 3619 --inaipiamns
553 3553 670 3617 αειιίιιοια
706 3564 759 3602 ιιοιι
781 3548 926 3600 audebant.
962 3545 1013 3597 Sal.
1032 3548 1087 3609 lug.
1111 3545 1159 3598 tt:
1187 3547 1229 3596 ln-

141 3636 196 3686 atta
209 3645 318 3696 ponae,
336 3631 390 3680 aiia
405 3629 545 3679 anboartara
560 3633 584 3678 at
598 3641 670 3678 mara
706 3631 776 3676 term
788 3628 907 3687 paranetas
923 3627 968 3671 ant
982 3623 1059 3684 parui
1075 3621 1146 3671 iiten·
1161 3621 1229 3670 rnili-

140 3720 297 3761 umnnooara
318 3711 341 3756 at
357 3717 439 3767 aquae
455 3708 546 3753 aarum
561 3703 670 3766 ιιιῃιοιιι-
706 3707 776 3761 taen,
802 3704 830 3748 at
855 3700 958 3760 qunque
977 3697 1111 3759 patentiori
1127 3697 1230 3760 confinis

141 3790 204 3836 tates
215 3781 437 3833 ioamumduccra.
468 3779 594 3829 Ceterum
609 3791 670 3827 aon-
707 3780 775 3836 erat‚
794 3774 889 3824 mditru
901 3773 1065 3835 patiebantur.
1108 3771 1162 3822 Cic.
1182 3783 1229 3833 pro

142 3862 235 3910 tinente
258 3859 319 3919 ripa
339 3853 611 3915 monasteriolus»,
641 3855 671 3902 ui
707 3849 834 3902 Sullaiti:
853 3851 881 3899 P.
896 3849 1038 3899 Autronius
1056 3843 1230 3910 (Catilinarius
1289 3841 1295 3852 '

143 3933 292 3999 explicatur
313 3932 339 3981 in
357 3929 472 3988 Lericis,
499 3928 548 3978 sed
566 3931 669 3978 «terrae
707 3925 758 3988 ille)
784 3924 921 3974 antuniana
945 3923 1054 3972 tornines
1070 3934 1083 3970 a
1095 3921 1231 3982 posscssio-

144 4007 304 4059 continentis
321 4004 416 4064 litus»,
440 4001 600 4062 attinii,
619 4002 668 4052 28:
706 4000 794 4062 ndns,
819 3997 1231 4060 amdamfucareoian'nonanso·
1301 3988 1307 3996 '

142 4081 280 4134 continenti
295 4081 375 4130 litore.
707 4073 789 4125 lebat.
830 4071 941 4136 Philipp.
969 4070 1015 4130 tt,
1042 4070 1073 4120 3:
1093 4069 1231 4120 Antoniani

177 4157 219 4208 23.
239 4155 280 4207 il.
301 4155 378 4217 Ouid,
392 4153 465 4216 meod]
485 4154 593 4216 meque
607 4163 670 4202 vero
707 4151 776 4200 inter
801 4147 849 4198 alia
876 4146 977 4198 scelera
1003 4147 1103 4195 nioinnt
1127 4145 1229 4193 vicinos.

144 4236 197 4284 hoc
213 4231 260 4282 tibi
276 4231 389 4290 sufficit,
408 4228 457 4280 sad
474 4240 584 4292 semper
601 4229 669 4276 eet.»
708 4224 772 4276 Ptin.
792 4229 822 4278 Η.
843 4225 872 4272 N.
891 4223 921 4282 t,
943 4221 988 4271 68:
1015 4220 1075 4269 inea
1097 4221 1180 4276 terra,
1205 4219 1232 4266 in

147 4335 173 4344 —
189 4307 332 4370 proatavos]
350 4305 416 4356 ilinc
433 4300 670 4354 ductumestillud
708 4315 760 4362 qna
783 4297 949 4350 contaminas
974 4295 1090 4358 patienia
1116 4293 1232 4356 furtunae
