3080 4980
704 429 832 479 lionam
850 427 1018 478 caeninam

530 588 698 672 Nunquam
721 563 902 660 dimoveas
925 593 960 649 ut
981 584 1072 650 trabe
1095 583 1213 672 Cypria

486 709 645 797 Myrtoum
665 706 802 794 pavidus
824 716 920 772 nauta
943 715 1031 772 secet
1051 725 1149 771 mare.

485 831 671 895 Luctantem
693 827 802 893 Icariis
824 826 973 894 lluetibus
996 825 1134 892 Africum

489 951 646 1016 Mercator
668 957 814 1015 metuens
835 949 934 1015 otium
957 955 989 1014 et
1010 945 1119 1034 oppidi

382 1177 422 1226 43.
442 1177 605 1228 denoomalt
631 1175 720 1238 (ceteri
741 1175 882 1238 4444404444).
902 1175 928 1225 F.
958 1175 990 1225 Et
1005 1175 1134 1224 moveas
1153 1172 1270 1224 malebat
1289 1175 1370 1225 Lam-

351 1249 437 1301 binus.
460 1278 486 1285 -
506 1250 545 1300 44.
564 1255 704 1312 amrinum
720 1251 748 1300 Β.
770 1277 796 1286 -
816 1251 855 1300 itt.
874 1249 964 1300 mareis
980 1249 1026 1299 Td.

352 1456 392 1506 43.
423 1455 554 1522 dimoveas]
578 1457 634 1508 Hoc
650 1459 723 1506 certe
741 1456 841 1520 siguifi-
878 1459 915 1516 ul,
939 1453 1166 1518 quemadmodum
1187 1454 1236 1506 Od.
1260 1456 1286 1517 4,
1311 1457 1353 1516 27,
1378 1456 1401 1505 3.

319 1533 373 1580 cat:
388 1529 511 1591 «efficias,
525 1533 555 1581 ut
564 1531 652 1594 priore
664 1531 733 1581 vitae
742 1543 840 1594 genere
876 1531 1042 1580 oermmtdam
1058 1531 1086 1579 et
1101 1530 1305 1593 innormen,
1325 1531 1365 1581 sio
1376 1531 1402 1580 b.

317 1604 418 1655 omisso
439 1603 509 1654 aliud
530 1603 606 1668 longe
632 1605 768 1657 diversum
793 1605 841 1656 eli·
877 1605 893 1655 l.
907 1603 1403 1669 metrumadmittatetiamimpaoidos,

318 1683 395 1744 gatru
415 1693 467 1731 non
485 1680 536 1730 hoe
552 1680 701 1732 dumtaxat:
730 1682 839 1740 «iacias,
877 1693 930 1743 quo
958 1679 1070 1729 lioiman
1098 1677 1254 1746 Peerlkamp
1288 1680 1405 1731 eorrarit

318 1757 348 1804 ut
369 1752 473 1804 desinat
493 1755 603 1818 pristino
624 1755 711 1805 studio
733 1768 839 1814 vacare,
878 1755 1022 1813 Horatium,
1036 1767 1088 1803 non
1100 1752 1229 1805 librarios.
1255 1755 1351 1820 ltpro
1363 1754 1404 1804 di-

319 1825 389 1878 nullo
407 1827 457 1877 alio
469 1831 619 1891 suscepto.»
645 1831 700 1878 lam
711 1830 840 1892 perpetua
876 1841 956 1878 verso
976 1829 1072 1891 poetae
1094 1827 1202 1878 oonsilio
1223 1831 1321 1879 nautae
1343 1831 1404 1879 sunt

318 1903 387 1952 inter
408 1903 599 1953 Grammaticos
621 1905 662 1954 est
687 1905 842 1952 controver-
878 1914 940 1951 mox
953 1903 1055 1964 pavidi,
1077 1915 1140 1952 mox
1157 1903 1266 1952 audaces
1295 1905 1358 1966 (Sat.
1378 1901 1402 1960 4,

319 1977 370 2036 sia,
392 1978 450 2026 utra
473 1975 557 2026 lorme
579 1977 714 2038 demovere,
741 1989 775 2026 en
797 1979 841 2027 de-
878 1977 901 2034 4,
925 1977 975 2041 30.)
998 1979 1025 2027 et
1045 1981 1118 2028 recte
1135 1977 1316 2028 Eiehstadius:
1346 1977 1403 2027 ulie

318 2063 417 2100 mosem
433 2049 468 2099 illl
490 2051 671 2114 significationi
691 2054 777 2116 aptior
797 2054 839 2114 sit,
878 2052 1057 2103 mercatorum
1078 2064 1138 2103 sors
1159 2052 1237 2102 nimis
1259 2051 1403 2102 invidenda

319 2137 369 2174 nee
386 2123 461 2175 lae-ile
479 2138 510 2174 ea
522 2124 553 2176 ils
565 2126 652 2176 dirimi
662 2131 758 2192 potest,
778 2141 839 2178 eum
877 2126 1055 2187 existimetur,
1074 2127 1196 2177 Horatius
1213 2139 1308 2178 rursus
1326 2140 1405 2190 egre·

318 2199 361 2248 bic
378 2201 458 2262 atque
476 2200 524 2250 Od.
537 2199 562 2262 4,
575 2203 600 2264 5,
615 2201 654 2264 44,
673 2203 737 2253 item
756 2202 838 2253 Plaut.
877 2201 919 2263 gio
940 2201 1144 2261 suidhelmum,
1171 2200 1269 2264 quibus
1296 2213 1403 2254 summa

317 2277 390 2325 Pers.
410 2275 434 2334 3,
453 2277 476 2334 4,
496 2275 535 2326 m.
564 2277 617 2330 Cio.
635 2291 685 2342 pro
702 2277 838 2329 Sestioll.
876 2273 994 2338 pericula
1011 2275 1160 2326 indicantur
1179 2277 1206 2325 et
1223 2276 1280 2340 ipsa
1299 2275 1404 2326 audeu-

319 2351 354 2411 (et
371 2348 415 2398 ubi
434 2349 512 2411 noni)
529 2352 633 2403 varient
649 2351 716 2404 libri.
746 2356 797 2403 Pro
813 2365 838 2402 v.
877 2350 950 2400 tioris
967 2349 1081 2400 bominis
1099 2349 1205 2401 stultitia
1217 2353 1335 2412 notatur,
1355 2349 1404 2400 de-

317 2424 445 2472 demooers
469 2423 495 2473 b.
522 2423 539 2476 l.
566 2429 662 2478 acriter
689 2428 841 2492 depugnant
876 2424 946 2474 lectu
964 2425 1040 2474 cavit.
1067 2425 1116 2484 Qui
1127 2425 1250 2476 substitui
1261 2425 1404 2476 voluerunt

318 2497 383 2546 labn
400 2498 431 2546 N.
441 2499 527 2548 laert.
538 2501 568 2550 V.
579 2501 619 2552 44.
629 2515 656 2566 p.
670 2502 738 2565 434,
757 2505 841 2555 Bem·
876 2501 1027 2563 numium,
1039 2501 1228 2550 antithetorum
1236 2502 1290 2551 um
1300 2505 1329 2552 et
1336 2505 1404 2565 poe-

317 2572 403 2633 hardy
419 2573 486 2622 Anu.
500 2572 556 2624 llal.
570 2577 643 2627 4834.
657 2579 686 2627 N.
699 2579 768 2640 404,
786 2578 841 2630 Dll-
878 2577 921 2626 tae
938 2589 1048 2626 sensum
1069 2588 1121 2626 non
1143 2579 1354 2640 perceperunt.»
1375 2601 1400 2610 *

318 2645 478 2709 lenburgo,
505 2650 591 2712 Unger
616 2652 645 2700 V.
669 2653 698 2703 n.
720 2667 746 2717 p.
766 2653 839 2714 397.;
876 2650 947 2715 aeret]
964 2651 1060 2712 Odyss.
1079 2666 1109 2716 γ,
1129 2649 1188 2701 tlt:
1208 2648 1332 2716 πέλαγος
1350 2649 1404 2714 με’-

317 2735 367 2785 pro
384 2718 467 2771 altem
484 2723 596 2774 Lilbker.
632 2727 686 2789 Ego
707 2730 749 2777 cui
771 2729 797 2778 b.
821 2729 838 2780 l.
878 2739 933 2775 σον
949 2725 1070 2790 τέμνειν.

318 2796 465 2859 scripturae
483 2797 600 2859 faveam,
623 2801 707 2852 vides.
743 2803 839 2853 Contra
911 2833 1402 2888 45¹1cmmnmareinter53mumet

317 2871 565 2994 ffigzrffifflm
580 2876 682 2998 ἔδῃ
708 2880 841 3001 ἱιὲξᾙ
877 2911 987 2961 icariam
997 2911 1117 2961 insiliam.
1136 2909 1184 2960 lilii
1193 2909 1227 2960 ab
1236 2912 1321 2970 Icaro,
1332 2913 1403 2962 Dae-

545 2985 554 3007 ’
677 2989 685 3010 ³
877 2984 930 3035 dali
946 2985 1007 3035 filio.
1038 2988 1199 3039 Memoratur
1215 2985 1352 3036 iamlliad.
1371 2983 1400 3046 β,

317 3019 428 3078 referet,
442 3032 495 3104 quo
507 3020 630 3108 demotus
641 3024 683 3074 sit.
697 3026 839 3110 joppe-iu]
879 3060 935 3112 m·
968 3088 995 3097 -

318 3095 368 3142 Pro
386 3092 504 3156 qualibet
520 3109 580 3146 navt
597 3101 768 3160 merestona3
792 3114 840 3150 ve-

317 3171 841 3308 {titiliiipiiiiiiill‘ili
878 3209 1403 3350 mmmmm&

318 3315 395 3366 nobas
412 3321 472 3367 ante
490 3318 580 3370 oculos
600 3325 730 3372 versetur.
765 3324 840 3376 idem
1171 3326 1175 3335 '
1391 3323 1400 3346 '

318 3389 388 3439 valet
421 3391 455 3441 de
490 3405 531 3442 w·
566 3395 708 3458 mom,
741 3399 840 3461 Icarus,
878 3361 955 3411 nobis
974 3359 1189 3423 West-Sitdwest.)

317 3465 438 3529 Asnaum.
913 3474 952 3524 44.
971 3471 1156 3535 oppidi-nara]
1175 3473 1255 3535 lunge
1267 3473 1351 3534 oppidi
1363 3473 1402 3521 sai

352 3541 392 3592 44.
428 3544 562 3608 Myrtoion]
589 3547 730 3598 Pausanias
752 3548 776 3608 8,
799 3546 839 3607 44,
879 3549 957 3598 otimn
973 3551 997 3596 et
1011 3561 1085 3608 maa,
1103 3547 1192 3606 idest,
1213 3549 1343 3598 «tractum
1355 3561 1401 3596 ru-

319 3618 363 3667 42:
390 3611 555 3688 ἀρχόμενον
571 3614 630 3669 ἀπὸ
647 3616 776 3684 Εὐβοίας
792 3622 841 3671 καὶ
879 3623 915 3672 ris
932 3623 1001 3672 cirea
1019 3620 1145 3685 oppidum
1163 3622 1230 3671 siti.»
1245 3648 1273 3657 -
1286 3621 1339 3671 Cir.
1353 3609 1402 3671 Sel

319 3695 383 3764 παρ’
398 3687 518 3760 Ἑλένην
538 3691 648 3766 ἐρήμην
672 3693 764 3762 νῆσον
788 3713 841 3747 κα·
880 3709 946 3748 nece
964 3695 997 3745 de
1014 3694 1103 3745 Benei.
1124 3697 1147 3756 4,
1162 3698 1185 3757 4,
1199 3697 1244 3746 til:
1263 3697 1402 3746 4444444444

318 3765 413 3834 θῆκον
430 3771 471 3832 εἰς
481 3765 516 3819 τὸ
527 3767 656 3838 Αἰγαῖον,
675 3773 788 3834 ablyrto
800 3773 842 3823 ln·
879 3777 902 3822 at
933 3771 1055 3834 naufropi
1086 3772 1173 3820 naama
1203 3772 1344 3833 repetitura.
1372 3797 1398 3806 -

318 3843 376 3896 sula
393 3844 443 3895 sub
462 3845 578 3896 Euboea.
604 3873 630 3884 ·-
650 3847 766 3911 perimo]
794 3848 843 3895 «ut
880 3845 987 3898 «Mediis
1004 3845 1029 3895 in
1047 3843 1171 3909 periculis
1188 3843 1272 3896 stubi
1284 3845 1399 3909 denique

318 3919 365 3970 liat
380 3910 509 3990 ἔμπορος
525 3919 648 3984 periculis
669 3933 778 3985 semper
795 3933 843 3970 ex·
878 3920 1017 3972 incolumis
1028 3921 1053 3970 in
1064 3922 1177 3985 patriam
1193 3922 1309 3981 revertit,
1328 3921 1401 3985 optat

319 3997 455 4060 positus»,
491 3996 562 4045 unde
587 3996 708 4057 pavidae,
742 3995 843 4044 timiam
879 3995 1025 4055 interdum,
1051 3998 1081 4047 ut
1106 3992 1244 4059 tranquille
1266 3995 1315 4046 slbi
1337 4007 1400 4059 pro·

320 4069 376 4132 (Od.
398 4073 421 4130 4,
436 4070 475 4130 44,
490 4070 539 4131 lt.)
558 4070 683 4133 irequens
701 4071 841 4120 nautarum
879 4072 1067 4136 priamagrum
1077 4069 1165 4120 colere
1177 4068 1267 4128 lineae
1280 4070 1328 4121 sed
1337 4081 1400 4134 per-

320 4145 461 4194 &uiderem
500 4143 573 4194 Orid.
597 4143 672 4194 l'rist.
697 4146 720 4204 4,
743 4143 767 4206 4,
792 4144 839 4193 il:
879 4149 958 4211 petua
987 4147 1148 4210 impatientia
1175 4149 1251 4195 actus
1279 4144 1400 4196 celeriter

319 4221 415 4269 Navita
430 4220 554 4283 censemus
568 4219 677 4282 peliden
694 4219 793 4281 pallore
808 4219 842 4268 44-
879 4221 1044 4284 propositum
1061 4222 1146 4270 mutat
1166 4233 1198 4269 aa
1216 4233 1283 4270 nave
1301 4220 1398 4269 reiecta

320 4307 422 4344 morem
458 4295 522 4344 liiro
540 4293 648 4358 quidem
661 4293 839 4356 casuaceldli‚
879 4307 971 4348 mrsus
998 4307 1124 4346 ancoram
1152 4293 1253 4344 solvit·
1293 4293 1398 4346 ttinime

1024 3059 1145 3126 ninom]
1168 3061 1269 3111 Seneca
1292 3061 1400 3121 Quaesl.

878 3137 932 3186 nat.
961 3137 986 3198 li,
1014 3137 1057 3186 ld:
1088 3136 1124 3186 44
1150 3136 1273 3186 occidam
1300 3137 1402 3187 numo
