2992 4978
527 409 586 459 Lib.
605 410 646 459 lii.
682 411 711 460 C.
730 409 805 460 xvtt.

292 566 457 651 Compone
480 565 614 653 iignum:
638 585 711 632 oras
734 565 870 632 Genium
893 587 982 632 mero

331 687 467 755 Curabis
490 699 522 754 et
543 708 643 774 porco
665 686 810 753 bimestri

374 811 454 876 Cum
476 807 601 874 famulis
624 829 760 896 operum
783 808 905 876 sotutis.

225 972 265 1021 tt.
281 985 362 1033 porca
379 971 411 1030 d,
429 973 459 1020 ut
476 968 558 1020 edidit
575 969 791 1032 Cuningbamius.
812 994 840 1005 —
860 939 986 1020 ommis
1002 969 1124 1028 BbSTod.

161 1113 241 1174 tapam
251 1111 459 1171 ouriotuconsut,
474 1108 520 1160 ubi
530 1123 579 1173 ago
589 1111 616 1160 ot
624 1107 684 1160 ital-
720 1110 836 1161 Bossoba
853 1123 879 1173 p.
899 1111 967 1169 tta,
985 1123 1080 1160 vortam
1095 1109 1129 1160 de
1147 1108 1241 1161 talibus

162 1187 229 1236 mius
249 1185 322 1250 lopo.)
340 1186 496 1248 -Propter
514 1185 566 1234 hoo
584 1185 680 1249 ipsum,
720 1196 752 1234 ex
770 1195 831 1234 meo
851 1183 960 1246 quidem
979 1197 1062 1233 seusu
1076 1183 1242 1249 putidissimo

161 1261 233 1324 quod
259 1260 348 1312 tomuli
371 1260 499 1325 operibus
521 1261 599 1310 vacui
621 1273 682 1310 essa
719 1257 812 1309 ruisset
835 1259 909 1322 porci
931 1257 1066 1309 bimestris
1092 1261 1242 1324 opponendi

161 1335 290 1395 debeant,
319 1337 427 1400 postam
455 1348 508 1385 uon
537 1334 570 1384 do
597 1333 683 1398 epulis
719 1333 837 1396 mentio.)
870 1332 993 1385 «Urbane
1019 1346 1049 1384 se
1074 1333 1152 1383 simut
1177 1348 1243 1384 cou-

159 1411 310 1470 dumtaxat‚
330 1409 378 1459 sod
395 1408 429 1459 de
447 1421 525 1460 sacro
537 1407 624 1471 aliquo
636 1407 683 1458 do-
719 1407 807 1457 vivam
815 1407 922 1456 Lamiae
934 1407 1031 1457 odorra
1041 1407 1186 1470 Horatium,
1200 1422 1243 1458 ur-

160 1485 272 1534 mestioo
299 1486 407 1547 praeter
434 1481 586 1533 natalicium
611 1481 681 1546 ioqui
717 1482 966 1545 bonumquomquo
980 1494 1044 1531 suus
1060 1479 1242 1534 iaciloseusus

159 1558 328 1610 manifestum
343 1560 392 1608 est.
411 1558 480 1608 Dicit
490 1556 600 1620 quidem
612 1558 680 1607 tani:
719 1555 852 1606 docebit.»
878 1557 983 1606 burseri.
1010 1555 1110 1604 Verum
1129 1557 1240 1607 huiusce

160 1631 268 1684 «solutis
290 1634 400 1696 propter
421 1631 591 1696 procellam.»
625 1630 682 1681 Noti
719 1630 883 1690 urbanitatis,
902 1629 925 1681 si
942 1631 1032 1680 tamen
1048 1629 1184 1682 urbanitas
1200 1634 1242 1681 est

160 1707 285 1778 credere:
305 1709 367 1756 tuno
385 1706 538 1756 ontmsorvi
555 1705 682 1770 oporibus
719 1705 781 1769 (qua
805 1704 840 1755 do
866 1718 894 1754 re
919 1704 1095 1755 vehomenter
1119 1703 1241 1756 dubitare

159 1781 313 1832 domesticis
330 1779 538 1845 occupabantur.
558 1781 606 1844 (Do
619 1793 683 1845 opu-
718 1779 801 1844 iicot)‚
820 1781 847 1830 iu
858 1781 914 1830 toto
923 1781 1040 1830 carmina
1052 1778 1153 1831 uultum
1165 1795 1243 1846 pror-

160 1855 190 1906 iis
215 1853 258 1905 dio
284 1855 400 1919 profesto
421 1855 580 1919 apparandis
602 1866 682 1905 acoe—
717 1868 763 1906 sus
780 1856 850 1906 inest
865 1855 1012 1918 vestigium.
1044 1855 1082 1905 Ci.
1102 1868 1171 1918 quae
1196 1855 1243 1906 ad·

159 1943 224 1994 pero
240 1929 414 1982 casaubonus
431 1931 466 1981 ad
484 1931 556 1982 Pers.
569 1931 598 1992 2,
618 1929 641 1980 3.
655 1931 683 1980 et
719 1930 868 1980 notavimus
886 1930 963 1980 adv.
983 1929 1007 1978 7.
