2992 4978
541 471 599 522 LlB.
619 473 660 522 lll.
697 473 725 522 C.
746 474 809 522 xlv.

386 627 509 692 Parcite
532 627 650 694 verbis.

301 786 358 853 Hie
381 785 451 852 dies
472 807 549 852 vere
573 785 648 852 mihi
671 786 770 853 festus
793 797 878 853 atras

300 907 422 974 Eximet
444 928 555 986 euras3
579 929 639 996 ego
663 928 722 976 nec
745 909 913 974 tumultum

301 1031 365 1095 Neo
388 1029 469 1094 mori
493 1030 638 1117 pervim
660 1040 801 1100 metuam
824 1041 950 1097 tenente
1073 1025 1076 1030 ’
1176 1032 1216 1096 lu

384 1151 523 1217 Caesare
547 1161 660 1216 terras.

301 1311 327 1384 1,
352 1319 425 1396 pete
448 1321 661 1396 unguentum,
686 1330 784 1397 puer,
810 1321 841 1376 et
863 1330 999 1377 corones

301 1432 338 1495 Et
359 1430 476 1498 cadum
498 1432 592 1497 Marsi
616 1435 794 1498 memorem
817 1429 927 1507 duelli,

195 1629 233 1680 tl.
251 1630 345 1693 Esipet
362 1631 381 1679 B
399 1629 471 1680 solue
489 1631 557 1680 inter
574 1643 659 1680 meos.

131 1807 174 1856 Per
184 1806 285 1866 erberni,
303 1812 331 1856 ut
343 1807 480 1868 omnesqui
490 1819 575 1856 urcem
586 1812 656 1856 urtu-
693 1807 783 1868 detur;
803 1820 855 1858 non
873 1809 943 1858 enim
956 1813 1106 1859 memorant
1117 1810 1213 1870 lanius,

132 1895 175 1942 pte
194 1881 315 1930 udeolunl
336 1881 405 1930 Cinea
425 1881 547 1931 ominibus
566 1882 656 1944 faustis
692 1881 845 1942 Oberlinus,
865 1883 928 1942 Fen,
949 1883 1116 1946 Pettieriusl,
1138 1883 1214 1934 valde

130 1961 264 2019 nupturam
284 1956 416 2006 adhibeant
435 1956 586 2018 faventiam,
612 1971 656 2007 ore
693 1955 865 2007 memorabile
883 1971 914 2007 ac
933 1957 1149 2008 tortasseverum
1165 1962 1213 2010 est.

130 2030 246 2080 nomena
265 2031 332 2079 dieto
343 2035 478 2094 europem.
495 2059 521 2066 -
539 2032 567 2080 ln
581 2031 654 2080 hiatu
692 2031 734 2080 Sic
751 2029 799 2080 Od.
813 2031 842 2088 l,
862 2033 905 2089 45,
927 2033 965 2081 48.
984 2044 1034 2095 pro
1045 2033 1216 2096 eripetolirun

130 2106 259 2154 eominus
269 2103 442 2164 offendimus,
460 2104 532 2168 quod
546 2105 599 2154 duo
612 2103 654 2154 illa
692 2105 754 2156 olim
783 2104 921 2167 legebatur
947 2107 1038 2155 enimet
1069 2108 1155 2156 elium.
1187 2135 1213 2143 -

129 2179 259 2230 vocabula
271 2191 352 2228 unam
362 2181 498 2230 continent
509 2181 653 2240 notionem,
692 2179 832 2243 tumultun]
851 2179 1079 2242 quemadmodum
1098 2181 1217 2230 nomina-

129 2255 236 2303 utmoIe
259 2255 351 2312 deero,
385 2253 444 2302 bere
466 2255 560 2314 dicere,
584 2267 654 2316 quae
691 2254 757 2303 bant
780 2253 849 2303 bella
877 2252 963 2303 Italica
987 2258 1014 2303 et
1035 2253 1139 2304 Gallica.
1159 2256 1213 2306 Cic.

130 2329 190 2378 item
200 2329 288 2378 divise
297 2327 458 2378 scribuntur.
471 2328 590 2390 (4ουίᾱηὶ
599 2331 654 2378 sta-
691 2327 801 2391 Philipp.
821 2327 848 2388 8,
875 2329 902 2377 4;
931 2329 995 2390 Quid
1012 2333 1072 2377 est·
1087 2328 1158 2378 oiiud
1174 2335 1215 2378 lu-

129 2405 232 2454 tuamus
251 2415 312 2453 esse
325 2415 409 2452 unum
426 2401 586 2452 vocabulum
601 2417 655 2452 mu·
690 2402 783 2451 multus
809 2401 857 2451 nisi
882 2402 1039 2464 perturbatio
1067 2407 1152 2464 lanto,
1187 2410 1215 2453 ul

128 2478 281 2537 uenientis,
294 2475 652 2540 uteuooeolensapudCatull.
691 2478 774 2527 mour
795 2479 870 2528 timer
892 2475 1010 2528 orimur?
1039 2479 1086 2528 Hic
1109 2482 1213 2544 poetice

128 2553 167 2611 62,
180 2553 238 2602 444
254 2553 377 2602 Boescun.
390 2554 482 2616 Neque
492 2551 567 2601 aliter
579 2550 653 2602 facile
691 2567 740 2616 pro
763 2551 833 2604 bello
856 2554 980 2604 intestino
1001 2556 1117 2618 positum
1138 2555 1215 2605 vide-

128 2629 236 2691 erprimi
247 2627 516 2690 poteratedieetivum
527 2639 652 2689 graecum
691 2631 743 2677 tur.
762 2629 886 2680 Horatius
903 2632 976 2679 certe
994 2631 1057 2680 tunc
1074 2629 1109 2678 ad
1126 2632 1215 2680 exter-

127 2699 302 2767 δύσφημος.)
322 2702 371 2760 Qui
382 2713 583 2765 supervacaneo
596 2701 654 2750 hia-
691 2715 756 2752 num
778 2703 913 2767 proiectus
936 2716 988 2753 non
1012 2706 1091 2753 esset.
1119 2730 1146 2739 -
1165 2705 1216 2753 Nec

128 2781 167 2827 tus
184 2779 262 2826 metu
278 2775 432 2838 praeierunt
453 2776 518 2824 maie
534 2775 653 2824 nomina-
690 2777 755 2826 mori
777 2778 839 2841 oet]
859 2779 933 2826 «Non
953 2782 1064 2826 nwtuum
1079 2778 1146 2826 mori
1162 2777 1216 2827 vul-

126 2853 163 2910 tis,
187 2851 287 2915 purtim
309 2851 466 2912 comparent
484 2845 651 2914 δυσώνυμα,
690 2863 723 2913 go
741 2851 881 2913 signifieat:
906 2849 992 2900 libens
1012 2852 1123 2911 moriar,
1148 2851 1215 2900 mori

128 2927 173 2976 etsi
191 2925 375 2976 destituuntur
391 2923 535 2988 exemplis;
554 2926 652 2988 partim
691 2924 795 2986 cupio.»
814 2925 876 2984 He,
896 2923 921 2974 id
940 2923 1012 2986 quod
1030 2923 1098 2972 ultro
1117 2937 1215 2974 couce-

127 3011 216 3050 rursus
244 2999 377 3061 nugantur
403 2998 452 3048 «de
478 3012 586 3048 rumore
610 2998 653 3048 iilo
691 2997 787 3048 dimus.
806 2999 905 3048 Verum
918 2998 961 3048 hie
973 2997 1044 3047 nullo
1056 2999 1137 3047 modo
1148 2999 1215 3048 seri-

127 3074 276 3132 adversor,
300 3085 381 3135 quem
403 3072 453 3123 sibi
472 3073 602 3122 finxerant
619 3071 653 3121 ad
690 3071 756 3121 bere
769 3075 976 3135 poterntpoeta:
998 3074 1067 3120 uNeo
1085 3075 1214 3133 metuam,

128 3161 150 3197 v.
170 3151 193 3198 4.
213 3147 268 3198 Sed
290 3148 438 3207 nominatis,
463 3148 512 3196 etsi
535 3159 652 3210 nupera
691 3161 724 3195 ne
734 3147 833 3196 moriar
844 3159 893 3209 per
902 3147 985 3202 vimn3
999 3150 1026 3195 et
1035 3145 1095 3195 olibi
1108 3160 1215 3211 quoque

128 3223 249 3272 liiibkero
276 3221 430 3282 defensum,
461 3235 513 3271 non
539 3223 581 3272 est
604 3223 654 3272 nisi
692 3223 731 3285 (Ξ,
749 3223 777 3281 2,
797 3222 820 3270 7.
840 3221 974 3283 ueste.)
993 3235 1018 3270 r.
1031 3226 1141 3270 nurnero
1153 3235 1216 3271 cum

127 3297 241 3362 imperiti
265 3295 375 3346 alicuius
397 3296 568 3346 Grammatici
590 3309 654 3360 per·
690 3296 818 3347 infinitivo
836 3297 989 3346 construxit.
1019 3297 1058 3344 i'is
1075 3297 1215 3346 autemsi·

127 3385 203 3422 versa
233 3375 261 3421 et
289 3372 387 3420 misera
416 3369 591 3435 interpolatio.
623 3397 651 3407 -
691 3370 797 3434 gnificat
816 3368 985 3429 «tumultum,
1013 3369 1133 3419 bellurn»
1157 3370 1214 3420 sive

127 3447 254 3496 Ceterum
270 3446 338 3495 maie
360 3447 478 3495 eminulis
500 3445 581 3495 uubis
601 3444 653 3496 noli
691 3445 844 3496 intestinum
862 3445 917 3494 eive
937 3447 1091 3504 externum,
1110 3442 1215 3494 aGallis

127 3533 188 3570 enm
211 3519 270 3571 aliis
302 3518 447 3581 intelligere
476 3519 510 3568 de
537 3519 653 3582 querelis
691 3518 802 3570 fortasse
831 3517 976 3568 rebellibus
1009 3521 1119 3568 motum.
1160 3519 1216 3568 Hoc

126 3592 253 3645 luctuosis
270 3597 380 3659 propter
396 3597 487 3657 patres
505 3598 532 3643 et
549 3596 655 3658 propin·
690 3607 755 3644 vero
773 3594 813 3642 his
830 3607 873 3641 vv.
892 3593 962 3642 tecte
980 3593 1120 3655 signifieat:
1148 3594 1216 3643 «Hic

126 3681 203 3729 quos,
222 3669 268 3731 qui
287 3669 313 3717 iu
332 3667 401 3717 bello
420 3667 585 3730 ceciderant,
604 3668 654 3719 sed
691 3669 748 3718 dies
760 3668 861 3717 reditus
873 3667 981 3729 Augusti
994 3669 1114 3730 sospitis,
1134 3681 1214 3731 quem

127 3741 160 3790 de
183 3741 310 3792 omnibus
336 3740 397 3792 mali
423 3741 519 3792 ominis
549 3741 652 3802 verbio,
691 3756 741 3805 ego
763 3755 795 3791 en
818 3741 897 3791 animi
918 3742 1049 3792 sententia
1067 3743 1094 3791 et
1111 3755 1172 3792 arno
1190 3746 1217 3792 et

127 3817 153 3864 in
170 3829 240 3878 quae
258 3829 435 3879 prorumpere
455 3818 586 3880 poterent.
691 3829 817 3877 veneror,
830 3829 894 3866 rere
906 3816 970 3865 mihi
983 3815 1065 3868 iestus
1078 3818 1136 3877 erit,
1154 3817 1215 3880 quia

159 3891 265 3940 43-46.
291 3891 338 3940 Hir
363 3891 421 3954 dies]
447 3893 512 3952 lam,
532 3894 560 3941 ut
577 3891 655 3942 decet
691 3903 785 3941 omues
803 3891 867 3940 mihi
891 3903 969 3940 curas
987 3891 1098 3950 eximet,
1124 3904 1156 3940 ne
1175 3891 1216 3940 in-

128 3961 241 4026 lyrioum
258 3967 380 4029 poetam,
399 3978 414 4014 a
431 3964 538 4029 publica
556 3965 654 4016 laetitia
692 3966 802 4015 testinae
821 3965 1004 4016 contentiones
1022 3977 1114 4015 rursus
1131 3965 1217 4014 oriun-

127 4037 161 4086 od
183 4052 261 4089 suam
285 4041 392 4096 transit.
420 4041 449 4089 ut
472 4039 534 4090 iecit
556 4040 605 4091 Odi
624 4041 652 4097 4,
691 4042 747 4098 tur,
775 4043 805 4088 ut
829 4038 928 4090 facturn
954 4042 996 4090 est
1019 4041 1080 4103 post
1105 4040 1134 4088 C.
1159 4037 1215 4088 lolii

128 4111 167 4161 37.
186 4111 218 4172 l,
236 4115 266 4174 2,
285 4114 326 4165 45.
347 4114 429 4177 Epod.
444 4115 474 4173 9,
489 4115 512 4164 4.
527 4140 555 4150 -
575 4113 654 4176 utras]
692 4114 813 4164 Caesaris
832 4114 992 4163 interitum.»
1011 4139 1037 4149 —
1051 4111 1152 4174 tenente]
1166 4111 1213 4161 Od.

127 4185 184 4236 vid.
212 4187 247 4237 ed
275 4189 323 4238 0d.
351 4187 383 4246 3,
409 4189 441 4248 4,
464 4187 504 4238 lu.
532 4215 560 4224 -
590 4189 655 4238 Exi-
691 4187 719 4250 4,
739 4190 783 4249 45,
804 4190 848 4238 ⁴7:
872 4189 976 4239 Concede
995 4201 1082 4238 rerum
1098 4187 1213 4237 Caesare.

128 4259 184 4324 visat]
202 4262 277 4320 Quod
302 4261 368 4312 cod.
386 4263 523 4325 antiquiss.
542 4263 561 4312 B
579 4263 654 4312 enhi—
725 4263 764 4313 48.
789 4263 870 4312 Marsi
885 4275 1019 4312 merneram
1036 4259 1117 4323 duelli]
1137 4273 1216 4312 «cou-

129 4331 175 4383 bet
204 4337 285 4400 mipet
312 4335 396 4398 (solus
421 4335 543 4400 quidem,
570 4338 598 4384 ut
615 4336 654 4386 vi·
692 4337 776 4387 ditum
794 4335 864 4386 helio
882 4337 993 4386 Marsico
1011 4349 1033 4384 s.
1047 4332 1173 4385 socialia.
1187 4349 1213 4384 u.
