2998 4980
668 417 797 468 HORATII
816 417 986 476 elambuit

413 566 592 650 4444444444,
617 573 673 659 qui
696 594 750 640 res
773 571 938 640 hominum
959 593 998 640 ac
1021 572 1178 648 deorum,

414 695 476 774 Qui
499 715 587 762 mare
609 715 647 762 ac
670 704 773 762 terras
793 695 957 782 variisque
979 694 1133 763 mundum
1332 694 1370 760 ib

540 817 709 903 Temperat
729 815 839 882 horis?

413 975 504 1043 Unde
525 973 569 1040 nil
590 975 694 1041 maius
715 984 888 1062 generatur
910 974 996 1062 ipsc,

351 1193 390 1241 ib.
416 1192 455 1256 ae]
479 1197 501 1241 44
524 1190 669 1250 chT,l.Ct.
706 1191 747 1252 (444
763 1203 821 1250 noa,
840 1191 859 1239 B
877 1191 905 1240 et
926 1187 1065 1255 «plerique
1083 1191 1167 1240 met.»
1186 1191 1288 1256 Burri..)
1311 1221 1338 1228 -

318 1271 417 1404 {lem
436 1279 460 1325 c,
486 1266 512 1314 in
535 1277 589 1328 quo
612 1278 629 1314 a
650 1277 675 1313 v.
702 1265 741 1314 46.
767 1264 904 1328 usquead
922 1265 969 1316 Od.
993 1265 1033 1326 46,
1053 1265 1076 1314 9.
1096 1265 1184 1315 excisa
1201 1268 1263 1316 sunt
1279 1266 1340 1318 lolia

285 1517 339 1569 Ecl.
370 1517 394 1580 3,
425 1517 469 1568 604
498 1517 535 1567 Ab
559 1517 615 1568 love
636 1517 810 1579 principium:
849 1516 893 1566 et:
920 1515 969 1566 lllo
990 1517 1095 1580 44444444)
1118 1517 1217 1580 quidem
1237 1522 1317 1568 44444444
1334 1519 1373 1568 44-

285 1593 347 1657 quia
363 1593 487 1654 laudibus,
505 1591 593 1652 44444,
612 1592 722 1654 hymno,
742 1593 811 1642 inest
847 1591 968 1654 qaieaima
992 1596 1113 1653 ternperat
1137 1591 1229 1642 orbem
1270 1594 1373 1643 Seneca

284 1670 484 1730 argumentum,
506 1680 610 1717 summe
628 1667 697 1717 lovis
714 1670 810 1730 poten—
848 1666 895 1729 Ep.
909 1665 953 1714 434
973 1665 1025 1714 Soli
1042 1667 1323 1728 lanaequeplurimmn
1334 1669 1375 1718 444-

285 1743 337 1802 444,
364 1741 559 1803 subiunguntur
579 1744 669 1790 autam
691 1739 732 1790 alii
755 1741 807 1790 dei.
847 1737 890 1788 beo
911 1741 1107 1802 temperantique
1127 1752 1223 1790 44444444
1242 1741 1287 1790 deo
1310 1742 1374 1792 obti-

283 1817 381 1866 444444
400 1828 465 1864 vero
487 1816 516 1863 444
537 1813 654 1864 Tibullus
675 1815 698 1870 4,
718 1815 742 1874 3,
762 1815 807 1864 3⁴:
846 1817 921 1876 patrea
936 1827 999 1863 44444.

283 1890 327 1939 tibi
340 1889 417 1951 (44444)
430 1888 511 1937 dicere
521 1887 608 1938 4444444
618 1888 724 1952 14444444
735 1888 810 1938 turbo

283 1964 412 2014 debentia
427 1963 529 2012 Pharia.

317 2039 357 2086 44.
392 2035 491 2087 lisdem
512 2049 596 2101 prope
623 2036 713 2088 verbis
735 2038 806 2100 virg.

282 2111 349 2160 Aen.
373 2112 396 2171 4,
420 2111 482 2160 230:
510 2125 524 2161 4
545 2112 589 2173 qui
608 2125 649 2160 ret
667 2112 809 2162 4444444444-

283 2199 331 2248 que
348 2186 469 2248 4444444444
484 2186 597 2238 Aeternis
615 2188 682 2250 repis
698 2187 809 2249 imperite

282 2265 306 2311 el
321 2261 426 2323 44444444
446 2265 531 2310 terrea
553 2288 580 2296 —
598 2261 727 2324 mundum]
749 2275 809 2311 cae-

283 2332 347 2384 lum.
375 2335 533 2397 Designatur
549 2337 640 2386 autern
656 2348 706 2399 per
722 2349 806 2397 mare,

284 2412 370 2460 terras
396 2412 423 2458 44
445 2408 550 2458 caelum
571 2412 696 2460 universa
717 2425 808 2462 rerum

283 2487 385 2534 natura.
415 2483 507 2534 Catuli.
527 2485 567 2545 64,
587 2487 648 2536 205:
680 2489 733 2548 (tuo
750 2493 808 2538 44444

283 2564 306 2608 et
330 2559 400 2608 4444444
424 2564 499 2620 atque
522 2560 628 2610 44444444
652 2566 808 2612 contremue-

282 2638 343 2683 runt
362 2633 478 2696 Aequora
499 2635 667 2697 coootoeitque
686 2637 808 2686 4444444444

282 2709 366 2758 444444
381 2708 496 2758 mundus.
516 2709 596 2759 04444.

317 2783 356 2833 46.
391 2781 466 2847 boris]
495 2783 529 2834 Ex
556 2795 606 2834 usu
631 2785 737 2850 poetico
759 2799 808 2851 pro

281 2859 343 2908 anni
361 2857 526 2921 temporibus
543 2859 635 2919 verite,
658 2873 719 2911 sese
741 2861 808 2911 invi-

281 2945 343 2983 cem
368 2933 562 2997 excipientibus
585 2948 617 2985 ec
643 2937 737 2986 natura
760 2949 808 2986 sua

281 3007 420 3058 distinctis.
442 3008 499 3070 (Ars
511 3010 583 3068 Po'at.
598 3009 659 3060 302:
677 3009 723 3058 aab
738 3011 809 3059 aemi

281 3084 525 3148 cauponiorum.)
542 3085 580 3136 De
598 3085 675 3135 444444
692 3084 806 3146 deabus,

281 3159 619 3210 omniumn'cissitudinum
628 3157 806 3224 praesidibus,

281 3245 350 3296 quae
368 3235 458 3284 Parcis
475 3237 503 3284 44
514 3235 701 3284 consocientur
718 3237 745 3284 et
761 3247 809 3298 op-

280 3311 426 3372 ponantur,
454 3308 535 3359 nolim
561 3309 587 3358 44.
615 3308 631 3359 l.
661 3308 806 3372 intelligere

282 3395 345 3434 cum
364 3383 481 3433 44444444.
515 3385 573 3446 (Die
588 3385 680 3434 Horeo.
699 3385 808 3448 libripe-

281 3457 341 3518 berq
358 3456 431 3506 4646.
456 3469 482 3520 p.
506 3457 556 3517 44.)
585 3457 668 3507 Alteri
693 3461 805 3509 Pausan.

282 3532 306 3590 4,
326 3529 371 3581 4οι
401 3531 529 3593 (Megaris)
557 3524 628 3603 ὑπὲρ
647 3529 698 3597 τῆς
714 3547 807 3595 κεφα-

280 3601 333 3668 λῆς
366 3599 418 3656 τοῦ
447 3600 516 3667 Διός
543 3607 616 3656 εἰσιν
638 3597 729 3677 Ὧραι
757 3608 807 3658 καὶ

281 3679 396 3750 Μοῖραι·
432 3678 507 3745 δῆλα
536 3678 567 3732 44
592 3675 662 3733 πᾶσι
685 3679 739 3748 τὴν
757 3698 806 3733 ae-

281 3757 436 3824 πρωμένην
468 3750 550 3823 μόνῳ
585 3757 615 3806 ol
642 3758 805 3816 catalectico,

280 3831 331 3880 4444
354 3825 407 3892 τὰς
432 3824 510 3901 ὧρας
534 3827 585 3881 τὸν
609 3830 680 3883 θεὸν
703 3829 806 3884 τοῦτον
878 3831 976 3882 itt-20.
1011 3832 1063 3882 Nee
1086 3831 1161 3895 eiqet]
1188 3831 1224 3880 Ex
1248 3843 1273 3878 v.
1302 3830 1370 3879 044444

281 3907 378 3970 νέμειν
396 3907 437 3967 riq
454 3901 574 3957 444444.
605 3909 668 3958 «Die
679 3909 805 3958 4444444444
844 3904 938 3970 supple
955 3907 1123 3970 b'rceioiqet,
1143 3907 1172 3955 ut
1184 3905 1239 3956 Cic.
1252 3904 1366 3954 44444444.

284 3982 473 4044 t'ertuoqnieee.
491 3983 530 4033 die
541 3983 806 4042 lloirea,werdenim
844 3980 868 4040 4,
888 3981 911 4044 5.
931 3981 954 4028 9.
989 3981 1144 4042 Mancipium
1169 3993 1218 4042 qao
1243 3984 1266 4028 et
1287 3991 1369 4028 4444444

280 4056 359 4118 Lause
370 4057 414 4105 der
424 4057 505 4106 Zeiten
516 4058 595 4107 4444444
617 4059 655 4106 elie
667 4057 806 4119 (4444444444-
843 4057 939 4104 emmer
955 4060 978 4105 44
994 4069 1043 4104 aim
1062 4057 1094 4116 4·Ξ
1116 4069 1166 4104 nee
1183 4054 1218 4116 44)
1233 4053 1369 4115 4444444444·

280 4133 336 4192 den,
349 4131 446 4192 444444)
464 4132 547 4182 llorere
558 4131 739 4194 berbeiqesulut
754 4132 806 4180 44444
843 4145 860 4180 a
874 4131 976 4192 populo,
995 4143 1027 4178 44
1044 4129 1137 4180 similia
1150 4127 1260 4178 44444444
1272 4142 1288 4176 a
1299 4127 1368 4178 liud-

279 4205 473 4255 cambitione.»
490 4235 513 4242 -
533 4205 668 4270 Temperat]
683 4205 806 4254 44444444
844 4205 970 4255 dimanno
987 4206 1017 4255 ll.
1037 4219 1063 4268 p.
1082 4205 1123 4254 44.
1142 4207 1169 4254 44
1186 4203 1316 4264 4444444444
1333 4201 1366 4252 dr

280 4283 359 4343 atque
378 4279 563 4331 moderatur.»
593 4279 667 4330 Ouid.
692 4280 759 4329 Fast.
779 4277 803 4329 4.
822 4323 826 4334 ,
844 4278 908 4329 44444
921 4277 980 4342 aliq.
994 4281 1084 4330 4444444.
1098 4280 1128 4330 44.
1143 4293 1168 4342 p.
1183 4280 1223 4328 44.
1242 4279 1307 4341 44444
1319 4290 1366 4326 au-

880 1925 919 1974 47.
941 1926 1015 1990 Uada]
1034 1927 1092 1976 Non
1104 1939 1242 1989 «quercu
1261 1926 1313 1976 444
1325 1941 1373 1977 «ex

846 2012 909 2062 quo,
929 2001 967 2062 (ut
983 2001 1030 2052 od.
1045 2001 1121 2061 l,28,
1139 2001 1186 2050 28:
1204 2002 1270 2050 uude
1281 2007 1373 2063 potest,

846 2073 889 2123 44444
906 2075 999 2141 deflua
1015 2089 1095 2136 aequo
1115 2075 1152 2125 Ab
1171 2075 1236 2124 loce.
1272 2078 1327 2126 Sat.
1348 2079 1371 2136 4,

846 2149 871 2210 6,
891 2149 934 2198 te:
954 2151 1086 2212 4444444444,
1108 2150 1190 2199 Valeri
1201 2163 1287 2214 qenes,
1307 2153 1375 2202 444444

846 2223 973 2284 superem
1004 2225 1154 2287 Tarquiniae
1181 2237 1259 2288 reqao
1283 2226 1374 2286 4444444

843 2297 916 2362 sepit.
952 2299 1004 2348 Sat.
1027 2300 1052 2359 2,
1072 2299 1096 2359 6,
1117 2300 1163 2348 at:
1192 2299 1373 2360 lano-Uncto,

846 2371 872 2421 id
890 2374 944 2433 444,
965 2387 999 2422 ea
1017 2387 1097 2437 quo.»
1115 2373 1185 2435 Virg.
1199 2375 1264 2423 Aen.
1284 2374 1310 2436 8,
1330 2375 1372 2424 tt:

844 2447 984 2509 Nymphae,
1001 2461 1079 2512 qaum
1099 2448 1214 2498 omuibus
1233 2449 1299 2498 unde
1319 2453 1371 2499 cet.

845 2523 930 2572 Etiam
953 2523 980 2572 444
1003 2536 1083 2588 prosa
1106 2537 1145 2572 or.
1171 2523 1222 2573 Sal.
1245 2525 1301 2586 lu'g.
1327 2523 1371 2574 tt:

844 2599 910 2647 444444
925 2597 1027 2647 miritae
1044 2597 1133 2658 44444444,
1150 2599 1205 2646 4444
1220 2603 1307 2659 erepto
1328 2605 1372 2648 444.

846 2673 901 2722 Cic.
920 2671 954 2721 44
973 2672 1015 2722 04.
1030 2673 1054 2732 4,
1068 2671 1092 2734 5.
1107 2673 1151 2722 67:
1170 2673 1212 2722 4444
1228 2674 1288 2735 ipse,
1306 2675 1375 2724 unde

844 2747 986 2812 coqnovit.)
1010 2760 1043 2796 ex
1066 2759 1119 2810 quo
1142 2747 1234 2810 igitur,
1259 2749 1304 2812 qui
1332 2749 1375 2800 est

846 2823 962 2885 optimus
987 2821 1136 2882 maximus,
1160 2820 1222 2871 nibil
1244 2823 1302 2886 ipso
1325 2835 1375 2887 po-

845 2898 944 2946 tentius
961 2899 1118 2959 generatur,
1143 2911 1206 2947 oum
1223 2910 1318 2948 omnes
1337 2899 1373 2950 dii

846 2973 871 3021 ei
888 2973 940 3024 4444
951 2972 1113 3022 interiores.»
1140 2973 1262 3023 Poeticae
1275 2973 1373 3024 rationi

845 3061 955 3113 prorsus
972 3048 1103 3098 contrarie
1126 3049 1167 3098 est
1186 3045 1270 3098 altera
1286 3049 1373 3098 inter·

844 3123 971 3187 prelatio:
995 3121 1077 3185 «quia
1095 3121 1151 3184 ipse
1169 3123 1301 3172 maximus
1319 3126 1370 3182 444,

845 3198 909 3249 nihil
925 3199 1011 3248 maius
1029 3209 1061 3248 eo
1079 3197 1192 3246 oritur.»
1212 3223 1240 3233 -
1262 3211 1372 3261 qenero-

845 3273 894 3337 tur]
922 3275 960 3323 De
987 3273 1120 3323 Minervae
1146 3273 1205 3321 ortu
1232 3284 1264 3321 ex
1290 3271 1370 3332 lovis,

844 3349 986 3412 postquem
998 3345 1123 3397 bletidem
1141 3345 1304 3406 devorasset,
1323 3359 1371 3396 ca·

845 3423 899 3485 pite
917 3421 964 3470 cir.
984 3420 1103 3471 Gerbard
1123 3421 1266 3484 Vaeeuqem.
1280 3421 1308 3470 Τ.
1322 3421 1368 3470 4-

845 3495 869 3546 4.
890 3494 1077 3545 Obstetricium
1095 3497 1185 3546 autem
1203 3497 1254 3544 hoo
1271 3507 1370 3546 munus

845 3569 879 3619 ab
898 3569 953 3619 aliis
970 3568 1138 3620 tribuebatur
1154 3569 1282 3630 Volcano,
1305 3571 1370 3619 Pro-

845 3645 954 3694 metheo
971 3644 1005 3693 ab
1024 3643 1080 3694 44444
1099 3645 1195 3708 (Eurip.
1216 3645 1270 3694 lon.
1290 3643 1368 3704 465),

845 3719 879 3769 ab
898 3718 954 3768 aliis
971 3719 1085 3782 utrique.
