3078 4978
522 455 624 506 LIBER.
661 455 758 504 cabil.
778 454 796 502 l.

314 611 397 677 Satis
421 631 586 698 superque
609 630 661 676 me
682 609 863 696 benignitas
885 617 938 674 tua

356 731 490 798 Ditavit:
514 730 599 797 baud
622 751 796 818 paravero,

313 852 409 932 Quod
432 862 486 919 aut
508 873 625 918 avarus
648 862 682 918 ut
704 851 858 918 Chremes
882 861 966 916 terra
988 869 1152 936 premam,

355 974 539 1041 Discinctos
562 983 616 1040 aut
638 972 772 1059 perdam
799 992 909 1058 nepos.

211 1209 251 1261 al.
269 1209 375 1272 perdum
391 1214 420 1258 nt
435 1221 510 1271 nepos
525 1208 679 1270 bSod,LCt,
698 1207 849 1269 Bentleius,
870 1209 896 1258 Ρ,

147 1423 310 1474 intermediis
328 1422 416 1474 eidem
433 1423 575 1482 adiectis»,
599 1422 671 1486 quod
708 1435 772 1473 cens
798 1422 823 1471 b.
843 1421 859 1472 l.
879 1434 931 1471 nou
958 1422 1072 1485 cogitare
1094 1423 1230 1472 Horatium

147 1501 266 1564 optatum
284 1497 404 1563 prolecto
421 1497 500 1549 nimis
522 1497 671 1550 absurdum
708 1496 742 1546 de
769 1495 905 1549 Menandri
935 1495 1087 1557 Thesauro,
1121 1497 1147 1545 in
1177 1510 1231 1561 quo

147 1573 257 1632 luissel;
285 1573 373 1624 minus
390 1573 470 1622 etiam
487 1571 603 1637 loquitur
621 1572 670 1622 ude
709 1583 790 1622 senex
814 1571 970 1622 thesaurum
993 1570 1101 1634 quidem
1125 1572 1151 1621 in
1171 1585 1231 1621 mo·
1270 1597 1274 1602 ·

147 1646 246 1699 Luculli
258 1645 406 1698 Tusculano
424 1648 470 1697 aut
486 1645 591 1697 devilia
609 1646 670 1696 inde
708 1647 837 1695 numento
855 1642 1011 1704 occultarat,
1032 1644 1150 1695 sednon
1167 1658 1231 1694 ava-

147 1737 162 1771 a
180 1720 295 1773 Tusculo
312 1735 398 1785 usque
415 1721 450 1772 ad
462 1721 593 1782 Circeios,
608 1721 671 1770 Latii
708 1720 783 1768 ritiae
796 1731 889 1776 causa,
908 1731 1004 1769 verum
1015 1723 1044 1770 ut
1056 1719 1108 1770 filio
1119 1719 1231 1784 prodigo

147 1794 288 1860 oppidum,
327 1799 452 1846 continuo
479 1796 564 1845 tractu
588 1795 672 1859 perti·
709 1794 859 1858 patrimonii
871 1795 976 1857 partem
987 1795 1114 1844 servarat.
1134 1795 1231 1845 Contra

149 1872 260 1927 nentem
280 1881 348 1932 quae
367 1867 480 1920 aliorum
497 1870 672 1933 interpretum
709 1869 735 1918 in
769 1867 818 1917 alia
853 1866 939 1931 aliqua
971 1867 1108 1919 Menandri
1145 1866 1232 1918 labuln

148 1939 365 2008 suutopinionles.
385 1944 449 1994 Tres
467 1944 544 2007 igitur
560 1942 673 2006 respri-
709 1937 862 2007 δανειστὴς
894 1941 1031 2013 Χρέμης,
1069 1939 1233 2014 πρεσβύτης

150 2019 247 2069 marias
272 2019 342 2068 iuter
367 2016 537 2081 locupletium
563 2029 673 2081 posses·
710 2013 884 2087 φιλοκερδής
910 2015 1033 2082 (ΑΙοίρΙπ.
1052 2017 1118 2081 Epp.
1137 2018 1167 2078 3,
1186 2017 1231 2077 3.),

148 2094 238 2145 sinnas
259 2095 414 2152 enumerat,
441 2090 575 2142 latibmdia
603 2091 671 2153 agn',
710 2092 819 2141 avaritia
836 2089 966 2154 impulsus
984 2091 1139 2142 thesaurum
1156 2090 1233 2140 vide-

149 2179 264 2231 pascua,
283 2165 372 2216 villam
386 2179 500 2218 amoeno
511 2167 562 2216 situ
574 2165 674 2228 magni·
710 2167 753 2215 tur
770 2163 914 2215 defodisse.
935 2191 962 2200 -
980 2165 1129 2229 Discinctos]
1149 2163 1234 2215 «solu-

148 2241 201 2291 lloe
216 2243 386 2292 exstructam.
418 2269 446 2277 -
462 2239 560 2304 tonant]
580 2240 675 2289 lusori·
710 2241 750 2298 ta,
775 2238 834 2289 laxa
850 2241 925 2289 veste
947 2238 1087 2301 indutus»,
1111 2242 1141 2289 ut
1162 2237 1234 2290 sole-

148 2315 203 2379 ptio
226 2328 241 2364 a
264 2315 315 2364 Faa
339 2328 371 2364 ex
394 2317 465 2365 Grut.
488 2314 550 2374 879,
572 2313 596 2364 l.
624 2312 673 2362 ad·
709 2314 775 2365 bant
799 2315 906 2379 prodire
931 2314 1055 2365 homines
1080 2313 1174 2366 molles
1202 2329 1234 2364 ac

148 2390 247 2453 scripta
264 2387 404 2440 subditicio
423 2391 472 2439 est.
711 2389 773 2440 luxu
790 2387 919 2439 dissoluti.
944 2389 1004 2451 (Sat.
1025 2390 1054 2450 l,
1072 2391 1101 2450 2,
1119 2389 1171 2452 25.)
1191 2391 1234 2440 Sic

180 2463 221 2514 ³⁴.
235 2463 275 2513 32.
300 2464 368 2513 Satis
381 2462 513 2527 eiperqote]
532 2461 616 2526 Epod.
632 2462 671 2523 ll,
711 2462 780 2513 Sulla
796 2464 939 2528 optimates
955 2464 1062 2528 saepius
1081 2464 1232 2524 admonuit,

149 2538 196 2587 ra:
227 2538 292 2587 Dedi
310 2539 371 2588 satis
394 2551 516 2601 asperque
532 2549 674 2600 pacatorem
710 2539 740 2586 ut
756 2537 852 2588 lulium
869 2538 1012 2592 Caesarem
1036 2539 1103 2589 mdc
1116 2539 1236 2602 praean-

148 2611 200 2662 tibi.
214 2610 254 2661 Ad
266 2613 469 2663 senteutiamel.
480 2611 670 2674 enatans:
711 2617 779 2662 etun
814 2627 921 2675 wem
955 2618 1078 2663 coenent.
1125 2615 1233 2664 sueton.

148 2690 322 2748 neapotentem
330 2687 673 2752 aminnnborpiorosiopito,
712 2687 758 2738 lul.
771 2686 810 2738 la.
824 2713 852 2724 -
868 2689 977 2749 perdam
984 2689 1067 2750 nepos]
1081 2686 1237 2751 amplector

148 2760 310 2810 Satisbeotns
320 2761 401 2810 enims
409 2761 516 2812 Sabinis.
536 2761 620 2823 oda,
632 2762 672 2822 ld,
711 2760 853 2812 lectionem
880 2761 986 2812 Codicis
1009 2761 1184 2824 antiquissimi
1204 2761 1233 2811 B.

149 2835 194 2885 38:
213 2836 675 2897 Necsiptnrooelian,lndorcdcne·
711 2837 779 2886 llam
803 2841 832 2884 nt
856 2835 890 2885 ab
915 2837 948 2886 iis
965 2837 1097 2886 intrusum
1114 2835 1234 2894 videtur,

148 2921 199 2974 pes.
214 2910 275 2973 (Sat.
289 2911 313 2970 ἓ,
328 2909 352 2972 6,
366 2909 436 2972 l.)—
453 2909 676 2970 Verbaanimi,ut
712 2910 758 2973 qui
781 2910 826 2960 bio
852 2922 978 2972 qnoque,
1006 2907 1236 2972 quemadmodum

148 2982 280 3034 luvenalis
297 2985 349 3044 ait,
364 2984 464 3047 profert
479 2983 674 3048 simplicissima
712 2983 895 3046 inpraeoadd.
911 2984 1080 3043 alcmenes,
1098 2994 1238 3047 compara-

149 3060 177 3108 el
198 3057 232 3108 ad
254 3057 410 3122 pedestrem
426 3058 575 3108 orationem
591 3069 674 3121 prope
713 3058 791 3107 bonis
809 3055 966 3121 particulam
985 3058 1162 3122 requirerent.
1192 3057 1238 3106 Est

149 3130 315 3184 accedentia.
359 3134 401 3182 Sic
426 3135 531 3197 gratum
556 3133 674 3183 animum
713 3133 804 3182 autem
829 3132 933 3195 polius:
963 3133 1096 3194 «perdam,
1122 3123 1238 3193 ἄσωτος

150 3208 291 3258 verissime
317 3206 484 3258 demonstrat
508 3220 559 3258 nec
585 3209 675 3256 tamen
713 3197 779 3254 div.»
797 3207 835 3256 ilo
847 3204 967 3255 similiter
978 3204 1062 3268 Epod.
1075 3206 1105 3266 2,
1118 3207 1142 3254 s.
1165 3204 1237 3254 baud

150 3281 186 3334 ad
210 3281 291 3332 vilem
316 3281 495 3333 adulationem
527 3281 674 3352 deseendit.
712 3281 790 3346 pauci
817 3279 902 3331 Codd.
924 3293 955 3330 ex
982 3277 1061 3342 gloss.
1092 3278 1235 3329 exhibent:

149 3358 258 3416 Moneo,
279 3357 339 3418 quia
352 3355 488 3420 Gargallus
505 3355 598 3406 festive
610 3354 677 3406 sub·
713 3357 799 3416 Naana
806 3357 935 3406 excitam
942 3355 1080 3405 oniscon
1088 3353 1236 3404 milcstsncn'.

150 3431 228 3482 iecit:
258 3431 349 3481 Antoni
372 3432 471 3494 alodios
487 3431 569 3492 potnit
592 3435 677 3480 conte-
715 3456 744 3466 -
757 3428 1054 3493 naposJMnttarsobn
1074 3429 1150 3479 Voss.
1173 3427 1240 3476 «Ns-

149 3519 253 3564 mnne,
272 3505 308 3554 sie
324 3505 344 3554 si
363 3505 454 3554 Oannio
471 3505 581 3554 divisset.
713 3517 759 3556 ros
771 3503 921 3555 luxuriosus
933 3517 948 3554 a
960 3505 1053 3555 Tuscis
1065 3503 1177 3560 dicitur;
1196 3499 1239 3551 vel

185 3580 225 3629 33.
245 3577 284 3629 dl.
313 3578 578 3643 ooamnnldiremas]
597 3579 677 3628 Vete—
713 3590 827 3630 nerorns
848 3581 911 3629 sunt
927 3577 1077 3628 luxuriosas
1094 3577 1164 3626 vitae
1190 3575 1240 3625 bo·

151 3667 197 3704 res
209 3654 307 3703 Horatii
323 3655 485 3718 interpretes
502 3665 554 3702 non
571 3653 605 3702 de
621 3653 677 3702 Me·
715 3654 801 3703 mines
821 3651 957 3716 appellati,
987 3650 1059 3716 quod
1084 3663 1137 3700 non
1155 3650 1239 3713 magis

153 3727 261 3788 nandri,
280 3727 329 3777 sed
347 3727 380 3776 de
399 3727 512 3777 Terentii
534 3727 676 3776 Chremeta
715 3728 756 3777 his
782 3739 825 3777 res
852 3739 899 3776 sua
925 3725 1059 3776 familiaris
1082 3737 1162 3775 curae
1189 3725 1238 3778 est,

152 3803 235 3853 verba
263 3803 374 3861 iaciunt,
410 3800 481 3850 unde
505 3800 678 3863 corrigendus
716 3813 796 3865 quam
821 3801 864 3859 iis,
894 3799 991 3863 quibus
1017 3799 1094 3863 pater
1118 3809 1240 3860 avusque

152 3877 272 3928 Mainake
304 3874 338 3938 ad
363 3874 500 3926 Menandri
525 3877 566 3924 Fr.
588 3889 614 3938 p.
636 3875 676 3924 8⁰.
715 3875 837 3924 viventi
868 3875 962 3924 Fusrus
979 3871 1080 3924 Mtilleri
1099 3884 1159 3935 pag.
1182 3869 1239 3919 465.

155 3949 202 4002 Ed.
216 3965 273 4014 pr.,
293 3949 430 4012 ceteroqui
448 3947 622 4012 probabiliter
633 3948 680 3997 do-
717 3949 769 3998 Clr.
787 3947 879 4000 Miiller
895 3948 1016 3999 Etnislrer
1032 3951 1051 3998 1.
1070 3960 1097 4011 p.
1116 3946 1172 3996 277.

592 4215 809 4222 ..—--—-—-.—

586 4228 809 4236 —m-
