3078 4978
630 487 633 492 ·
739 455 868 506 HOllATll
885 455 1014 506 EPODON

504 613 551 680 lh
573 612 628 680 ahi
653 611 777 679 solutus
800 611 943 680 ambulat
963 611 1128 679 veneficae

547 734 733 801 Solentioris
754 734 905 800 carmina.

505 859 575 923 Non
595 856 735 932 usitatis,
758 857 855 932 Vara,
878 855 1078 942 potionibus

548 980 578 1046 Ο
600 977 698 1046 multa
720 977 871 1044 fleturum
892 987 1003 1064 caput,

503 1101 552 1168 hd
574 1121 626 1168 me
646 1118 816 1175 recurres,
840 1118 901 1166 nec
922 1109 1036 1166 vocata
1056 1119 1147 1166 mens
1170 1109 1224 1165 tua
1381 1101 1414 1163 75

547 1221 660 1289 Marsis
682 1220 800 1288 redibit
819 1219 973 1287 vocibus:

504 1344 605 1410 Maius
628 1342 766 1430 parabo,
790 1341 894 1408 maius
915 1341 1079 1408 infundam
1102 1341 1156 1409 tibi

550 1464 735 1531 Fastidienti
757 1462 925 1551 poculum,

506 1587 665 1675 Priusque
688 1586 812 1653 caelum
835 1585 920 1653 sidet
940 1585 1072 1654 inferius
1099 1587 1200 1658 mari,

404 1778 444 1826 rr.
461 1776 533 1827 rtur
551 1773 696 1835 nauclerus,
714 1751 815 1824 narii
834 1775 893 1824 reu.
914 1775 975 1838 (om.
989 1775 1028 1836 a.)

339 1949 368 1997 ul
385 1944 440 2006 alii,
459 1943 580 1994 detracta
591 1941 719 2004 imagine:
740 1941 865 1992 «Detine-
902 1940 1007 1994 tidlanis
1039 1943 1262 1996 incantationibus
1291 1947 1421 2004 ramea,

338 2024 381 2070 tur
405 2018 518 2070 aliarum
542 2016 702 2067 feminarum
727 2015 865 2068 amoribus
901 2016 951 2068 sed
967 2015 1044 2080 longe
1066 2019 1260 2070 efficacioribus
1284 2023 1329 2071 tua
1352 2035 1424 2072 mens

338 2094 488 2153 districtus,
506 2091 863 2155 melpmrsuslmmemor.»
902 2093 970 2142 tacta
995 2091 1030 2142 ud
1053 2106 1097 2142 me
1114 2093 1228 2153 redibit;
1256 2107 1320 2145 nam
1344 2095 1424 2146 mains

340 2169 364 2232 ι)
383 2167 503 2219 «Dormit
519 2167 546 2217 in
563 2167 696 2217 incantato
714 2164 794 2216 cubili
816 2163 865 2216 ali-
902 2169 970 2216 cetu
992 2167 1034 2216 Sic
1051 2169 1141 2218 mente
1153 2169 1284 2231 repeb'tur
1301 2169 1423 2234 praeced.

339 2245 415 2294 culus
433 2255 510 2293 meaa
528 2239 661 2303 aemulae,
681 2252 750 2304 quae
763 2238 865 2290 artibus
901 2243 991 2303 Mure,
1002 2243 1310 2307 etv.mairuopponitur
1323 2245 1424 2308 utrique

340 2319 395 2369 suis
413 2318 513 2378 elleclt,
532 2318 563 2366 ut
573 2317 693 2366 omnium
705 2313 818 2366 aliarum
830 2314 866 2363 ie-
902 2315 1026 2366 membm
1042 2329 1092 2366 nou
1108 2317 1208 2366 unitatis
1218 2319 1270 2367 oet.
1285 2319 1313 2367 el
1329 2331 1375 2368 nec
1388 2333 1426 2368 oo·

340 2394 473 2442 minarum
493 2389 722 2442 oblivisceretur.»
750 2389 773 2453 3)
792 2389 865 2439 «Non
901 2394 1024 2442 εειαεει.
1056 2392 1141 2453 Atque
1157 2390 1278 2442 similiter
1295 2394 1350 2444 iam
1367 2394 1424 2446 hdr.

340 2464 427 2518 solum
440 2463 712 2516 malamorisoblitus
728 2465 867 2514 inutram·
902 2465 1043 2516 Turnebus
1068 2464 1179 2529 (ames.
1200 2465 1244 2528 ll,
1263 2467 1319 2531 ⁹·12
1359 2470 1425 2519 ullor

341 2555 394 2606 que
404 2553 497 2592 aurem
506 2539 613 2600 dormit,
623 2540 672 2590 sed
681 2540 762 2590 etiam
773 2551 865 2589 amore
903 2542 929 2590 te
947 2540 1033 2591 ltarsa
1056 2541 1150 2591 naenia
1174 2554 1225 2592 nec
1248 2543 1375 2594 cantione
1396 2542 1426 2592 ad

341 2617 462 2667 omnium
487 2626 610 2664 mearum
631 2612 799 2664 aemularum
820 2626 866 2663 so-
903 2627 947 2664 me
965 2614 1113 2676 revocabo,
1140 2629 1191 2666 nec
1208 2629 1287 2668 mens
1305 2619 1351 2667 tua
1368 2617 1427 2668 mhi

340 2689 437 2741 lutus.»
452 2716 480 2725 -
498 2687 600 2753 soluitur]
618 2691 649 2738 ut
665 2686 712 2738 Οτι.
727 2687 809 2748 ιιι,
823 2689 864 2737 tl.
903 2689 1058 2740 restituetur
1083 2690 1187 2753 magico
1214 2693 1353 2752 carmine;
1383 2691 1427 2743 aad

373 2763 462 2814 73-76.
484 2765 556 2826 Varo]
573 2764 639 2814 lllra
650 2763 699 2813 luit
714 2763 795 2812 lahuii
807 2763 867 2826 opi·
903 2765 990 2815 malus
1013 2763 1142 2827 quiddam
1163 2765 1267 2829 parabo
1284 2768 1364 2817 etex
1381 2768 1427 2816 hu-

340 2839 384 2889 nio
406 2839 478 2890 hunc
500 2839 600 2889 Varum
623 2839 667 2888 hic
691 2839 745 2888 tam
768 2837 865 2888 acerbe
904 2839 990 2890 manis
1000 2840 1067 2890 extis
1076 2840 1206 2889 amatorio
1216 2841 1370 2904 temperato
1379 2853 1427 2890 non

340 2913 447 2964 irrisum
464 2913 581 2964 eundem
598 2925 659 2964 esse
676 2914 757 2976 atque
775 2925 866 2962 carum
904 2914 999 2964 usitata
1021 2913 1128 2978 potione
1152 2915 1177 2962 te
1195 2913 1320 2964 insanum
1338 2927 1427 2966 amora

340 2988 440 3038 Horatii
448 2987 578 3050 sodalem,
590 2987 624 3037 ad
634 2999 716 3052 quem
725 2990 767 3038 est
775 2988 864 3044 Carm,
904 2987 958 3038 mei
969 2986 1108 3038 reddam.»
1129 2989 1158 3038 ln
1169 2987 1270 3051 volgari
1282 2989 1428 3040 rationem

342 3063 369 3123 l,
389 3064 428 3112 l8.
447 3065 533 3114 lmmo
548 3062 688 3114 retinenda
700 3065 742 3113 est
757 3063 866 3126 antiqua
904 3075 947 3113 vv.
958 3063 992 3112 ad
1001 3076 1041 3113 me
1052 3063 1116 3114 satis
1124 3075 1173 3127 pro
1185 3061 1430 3114 arbitratueliclunl

342 3135 384 3188 illa
402 3133 573 3208 παράδοσις,
594 3138 674 3190 luisse
691 3138 763 3187 hunc
775 3137 868 3202 Alpem
904 3137 939 3188 εει
949 3141 987 3196 ιε,
1001 3140 1028 3188 ει
1039 3138 1100 3188 εειε
1111 3150 1138 3186 v.
1151 3138 1235 3188 multu
1244 3136 1324 3202 plane
1337 3138 1429 3190 distin-

342 3213 478 3276 quendam
498 3214 606 3274 Varum,
634 3212 770 3262 hominem
792 3213 867 3260 oote-
903 3213 1002 3275 guunt,
1021 3213 1240 3276 interpretantes:
1269 3225 1337 3264 «nec
1355 3225 1429 3264 anem

343 3289 438 3351 roquin
456 3289 584 3351 ignotum.
612 3287 665 3338 Cir.
679 3286 868 3337 Carminiave-
903 3291 949 3337 tua
973 3288 1041 3337 mels
1065 3287 1177 3337 venenis
1203 3285 1289 3338 semel
1318 3287 1429 3338 menate

343 3365 413 3414 tores
445 3363 633 3427 Inscriptiones
662 3361 733 3426 apud
762 3373 811 3411 nos
840 3363 867 3410 et
904 3360 1022 3425 mihique
1039 3359 1153 3411 obnoxia
1171 3360 1254 3421 lacta,
1272 3361 1430 3412 incantatio-

342 3437 413 3501 apud
434 3436 674 3500 vanderbnrgium.
704 3435 780 3486 asne
802 3436 865 3486 llor.
904 3435 982 3486 nibus
999 3435 1093 3487 Marsis
1105 3437 1245 3496 revocata,
1264 3436 1428 3500 unquamad

342 3514 384 3561 Pr.
403 3525 429 3576 p.
449 3513 506 3562 ιιι.
529 3541 556 3548 -
571 3511 722 3574 parturitur]
745 3510 775 3560 V.
797 3515 867 3573 potio
904 3513 943 3571 ιε,
970 3510 998 3561 id
1021 3512 1076 3571 est,
1103 3510 1137 3560 ad
1155 3510 1297 3560 sanitatem
1321 3509 1430 3562 liberta-

343 3586 468 3649 frequens
494 3587 528 3637 de
553 3586 656 3652 philtris
683 3601 715 3638 ac
739 3587 865 3646 venenis,
903 3588 1013 3648 tamque
1030 3583 1155 3635 redibit.»
1175 3583 1239 3635 Alli:
1258 3597 1326 3636 cneo
1344 3589 1370 3635 ta
1386 3597 1431 3635 se·

342 3659 413 3710 undo
436 3662 508 3724 apud
525 3664 597 3712 Suet.
618 3661 698 3725 Calig.
717 3661 758 3710 50.
781 3661 868 3722 potio-
905 3659 956 3710 mel
986 3659 1051 3709 mihi
1082 3659 1242 3710 advocatum
1266 3673 1300 3709 ac
1325 3661 1430 3723 poh'one

342 3739 429 3794 uultu,
448 3737 475 3784 et
492 3734 624 3788 Gallorum
638 3737 736 3799 poison.
751 3763 779 3771 -
796 3737 869 3800 tietu-
904 3731 1050 3796 obligatum
1073 3733 1123 3784 alia
1140 3745 1204 3797 saga
1231 3734 1330 3784 iterum
1350 3747 1365 3784 a
1387 3747 1430 3784 me

342 3808 408 3872 rum]
427 3808 586 3861 «doliturum
607 3813 717 3875 pmpter
738 3811 867 3860 insaniam
904 3820 1018 3858 avocare
1030 3809 1149 3858 carmine
1167 3821 1216 3859 suo
1229 3809 1361 3873 petoritu
1378 3807 1429 3860 rel.

343 3885 370 3931 ct
392 3881 523 3944 furorem,
551 3883 648 3947 quibus
673 3887 699 3934 te
726 3885 866 3936 alliciam
905 3887 933 3932 ut
950 3883 1040 3934 verbis
1062 3885 1123 3933 utar
1147 3883 1353 3948 Porphyrionis,
1387 3883 1432 3948 qul

344 3957 396 4007 Cir.
412 3957 465 4007 Sat.
486 3958 515 4017 ι,
536 3960 564 4016 ι,
583 3957 627 4008 l5:
648 3959 696 4019 (lui
711 3971 869 4010 mecommo
905 3961 995 4009 umen
1013 3959 1094 4009 etiam
1113 3957 1249 4022 vulgarem
1275 3959 1432 4022 interpreh-

343 4031 530 4094 rta--rubtae
547 4035 599 4082 cet.
621 4059 648 4069 -
674 4037 767 4082 vocato
790 4035 866 4098 meus]
905 4035 1005 4084 tionem
1029 4032 1124 4084 babet:
1159 4045 1258 4084 «mans
1282 4036 1327 4083 toa
1353 4047 1369 4082 a
1390 4045 1431 4081 me

343 4106 496 4172 implectur
522 4119 593 4156 nunc
621 4107 867 4170 interpretationem
906 4109 1037 4158 incantata
1050 4121 1187 4172 nunquam
1199 4105 1309 4166 redibit.
1328 4105 1431 4157 etiami

343 4181 502 4246 lllngwoodii
514 4181 540 4230 in
554 4179 601 4232 Ed.
615 4179 745 4230 Theocriti
757 4196 783 4245 p.
799 4183 866 4242 ⁴08.,
906 4183 999 4234 llarais
1011 4181 1121 4234 vocibus
1134 4184 1302 4234 revocatur.»
1316 4205 1343 4216 -
1364 4183 1433 4232 Hor·

344 4255 458 4320 benigno
471 4269 605 4307 mecuma
619 4256 780 4307 crawturdio
793 4270 869 4307 com·
906 4257 948 4320 sis]
972 4256 1055 4321 Epod.
1076 4258 1120 4318 tl,
1142 4257 1191 4308 29:
1222 4257 1311 4306 llarru
1321 4283 1336 4292 -
1348 4283 1364 4293 -
1376 4269 1431 4305 nae

345 4333 518 4382 manicatam:
539 4344 604 4382 «nec
617 4329 791 4396 solitisatque
804 4345 869 4396 quo·
906 4333 959 4383 uic.
996 4330 1110 4382 Lucilius
1130 4332 1176 4391 ιθ,
1195 4333 1219 4382 ιι.
1244 4343 1302 4395 pag.
1323 4329 1364 4380 lo.
1389 4331 1428 4380 ed.
