3080 4980
540 410 599 460 nm.
620 409 638 458 ι.
675 410 703 459 c.
724 409 778 458 vn.
1184 406 1225 468 57

139 566 331 619 celebrioribus
357 565 501 616 indicarem
537 567 674 616 (tresanus.
718 565 817 616 Verum
843 563 982 614 manifesto
1008 566 1103 614 neuter
1127 565 1224 615 homm

138 665 179 700 vv.
198 652 312 701 cometae
325 654 447 712 perpetuo
462 649 599 713 propriam
616 649 670 698 vlm
688 660 720 698 ac
737 647 958 711 significationem
975 647 1109 712 expendit.
1145 650 1225 698 Pror-

138 747 182 786 sus
199 735 292 785 autem
309 733 453 784 reiicienda
471 734 513 782 est
529 732 710 796 interpretatio
727 730 916 782 ascholastico
928 744 1015 796 nuper
1026 731 1222 794 commendata,

138 821 167 866 ut
182 818 293 880 medique
309 819 426 879 decerpto
442 817 509 866 olivo
527 816 561 866 sit
578 827 703 878 «prorsus
721 816 774 864 iam
788 813 854 866 loliis
866 813 986 880 spoliata,
1005 817 1116 866 wrcen
1126 815 1225 866 histori-

138 902 208 951 coiea
225 901 299 951 liede
315 901 389 950 sebon
404 913 472 964 pane
489 898 643 949 eatbtdtterte
659 899 814 964 detentae»,
842 913 894 962 qua
914 899 1001 962 imago
1022 901 1106 963 magis
1123 900 1223 963 ingrata

138 984 256 1046 magisve
273 983 364 1047 putida
383 983 525 1046 excogitari
542 995 595 1032 non
612 984 726 1046 poterat.
829 1037 830 1040 Ἴ

201 1066 250 1117 Alii
268 1065 356 1124 locum
374 1068 544 1118 sanissimum
562 1067 721 1116 coniecturis
738 1069 881 1128 vexarunt,
900 1067 1042 1130 ingeniosis
1053 1065 1163 1130 quidem
1175 1066 1224 1117 sed

139 1150 354 1215 supervacaneis.
388 1150 528 1210 Erasmus,
547 1151 616 1201 teste
635 1148 777 1212 Glareano,
796 1151 946 1215 proposuit:
968 1151 1079 1213 Undique
1096 1152 1225 1212 deceptae

138 1234 222 1297 troadi
233 1247 392 1296 praeponere
408 1234 514 1292 clivom·
536 1232 562 1283 id
585 1233 658 1296 quod
675 1231 765 1284 multis
782 1230 845 1284 olim
864 1233 963 1299 placuit
980 1246 1012 1283 ac
1028 1246 1115 1297 nuper
1131 1245 1224 1283 rursus

140 1317 256 1368 fautores
274 1315 413 1368 nonnullos
429 1317 538 1366 invenit.
574 1317 634 1381 lpse
661 1315 784 1380 quidem,
810 1320 841 1366 ut
861 1318 898 1367 ait
918 1318 975 1368 eius
996 1315 1158 1382 discipulus,
1185 1317 1224 1366 sic

139 1399 301 1464 explicabat:
329 1399 473 1450 «Omnibus
499 1398 640 1450 arboribus
665 1413 832 1464 praeponere
854 1399 941 1451 solent
961 1398 1074 1460 olivam,
1098 1398 1224 1450 arborem

138 1481 345 1533 Atheniensibus
362 1485 478 1546 gratam,
501 1483 577 1546 quasi
595 1482 710 1543 diceret,
732 1481 842 1545 quidam
858 1484 942 1533 otium
957 1481 1132 1542 litterarium,
1151 1481 1224 1546 quod

138 1566 247 1617 Athenis
264 1567 319 1626 est,
341 1565 466 1616 omnibus
487 1564 668 1631 voluptatibus
690 1565 822 1616 anteferre
840 1578 894 1615 non
911 1563 1059 1616 dubitant.»
1093 1563 1142 1616 Alii
1157 1578 1224 1616 vero

137 1663 200 1701 sane
218 1648 297 1712 longe
316 1649 402 1713 aptius
419 1647 535 1700 eandem
553 1649 735 1699 coniecturam
752 1649 791 1699 sio
808 1647 1029 1712 explanaverunt:
1050 1648 1224 1698 «Ceterarum

138 1733 258 1784 omnium
283 1730 391 1782 urbium
415 1729 539 1782 laudibus
564 1733 728 1783 Athenarum
748 1731 923 1796 praeconium
943 1729 1121 1795 praeierunt.»
1159 1729 1223 1780 Galli

138 1817 205 1866 coni.
224 1815 290 1878 [nati
305 1814 447 1880 probatam
463 1815 613 1878 Boettigero
630 1814 801 1866 Ameldteoll.
815 1827 842 1879 p.
856 1813 912 1864 3t0.
932 1814 995 1864 eatis
1012 1813 1136 1864 refutavit
1146 1813 1225 1863 lient-

138 1900 212 1951 leius.
249 1898 332 1950 Aliter
356 1899 512 1949 Bouhierius
540 1898 631 1962 (4745.)
655 1911 801 1962 rursusque
823 1897 988 1948 Schradems
1008 1897 1128 1948 Nmaedd.
1155 1899 1224 1947 Leo-

137 1984 210 2034 sard.
232 1983 307 2032 l'l'iti.
325 1995 352 2046 p.
371 1983 416 2032 td:
435 1981 560 2036 cebhrore
576 1981 683 2043 indeque
699 1983 841 2044 caepae
849 1981 929 2045 troad
941 1993 1098 2044 praeponere
1114 1981 1223 2040 olivam

138 2067 223 2130 qnod,
243 2065 294 2116 etsi
311 2063 380 2115 adeo
396 2067 537 2129 receptum
554 2078 570 2114 a
586 2063 801 2126 Nitscherlichio,
820 2065 884 2114 mihi
903 2063 1059 2129 pedestrem
1075 2064 1224 2114 orationem

138 2149 260 2200 redolere
277 2161 388 2212 semper
403 2149 491 2199 visum
509 2151 562 2208 est¹
585 2160 636 2198 neo
653 2147 710 2198 aliis
725 2149 866 2212 po'etarum
883 2148 1036 2198 Latinorum
1052 2145 1117 2198 loeis
1134 2148 1224 2211 suspi-

138 2234 243 2284 cionem
260 2245 339 2284 suam
356 2231 464 2282 drmare
480 2231 566 2295 potuit
582 2229 747 2281 Schradems
764 2231 814 2282 nisi
836 2232 953 2294 quinque
970 2231 1063 2280 Avieni
1080 2230 1107 2281 in
1129 2231 1222 2281 Desor.

139 2315 210 2375 orb,
240 2327 323 2379 quem
349 2316 441 2379 utique
466 2313 677 2365 versificatorem
702 2315 730 2364 in
755 2315 862 2365 Horatio
883 2326 994 2364 versans
1015 2325 1049 2364 ne
1072 2323 1223 2363 memorare

139 2400 247 2464 uiridem
265 2396 392 2449 debebat.

552 2481 569 2515 a
667 2481 684 2515 a
782 2480 798 2514 a
823 2531 824 2534 Ἴ

201 2566 312 2615 Praeter
337 2565 437 2615 Horatii
461 2576 571 2615 carmen
596 2565 648 2615 hoc
673 2564 754 2615 etiam
779 2567 915 2615 servatum
941 2566 982 2615 est
1006 2563 1079 2629 apud
1104 2565 1223 2615 Caietam

141 2647 226 2699 Planci
248 2649 453 2700 monumentum
474 2649 555 2712 (Gmt.
574 2647 636 2708 Aea,
659 2647 683 2698 8.
702 2648 819 2698 visconti
838 2649 952 2712 leoeopr.
974 2649 1044 2700 Rom.
1067 2650 1086 2698 1.
1110 2661 1137 2711 p.
1164 2647 1221 2697 eta.

142 2733 185 2783 lid.
212 2730 317 2786 Nediol.
341 2734 424 2782 lusor.
452 2744 536 2782 mear.
561 2732 617 2782 Lat.
640 2732 670 2781 N.
693 2731 774 2794 tabl,
802 2731 860 2782 eius
885 2729 1027 2795 sepulchro
1044 2729 1223 2795 insculptum:

427 2870 456 2919 L.
476 2869 596 2920 MVNAT.
616 2870 644 2920 L.
664 2871 691 2920 F.
710 2871 738 2920 L.
757 2871 788 2919 N,
807 2871 835 2920 L.
855 2871 939 2922 Pnon

331 2952 486 3003 PLANCVS.
506 2952 575 3002 COS.
595 2953 686 3004 GENS.
705 2954 770 3004 IMP.
789 2953 871 3003 tran.
891 2954 944 3003 Vll.
963 2953 1018 3002 via

270 3037 362 3086 EPVL.
391 3035 544 3087 Tartessii.
574 3035 625 3086 Ex.
655 3035 777 3087 RAETIS.
806 3037 926 3086 AEDEM.
957 3035 1094 3086 SATVRNI

299 3118 400 3168 FECIT.
419 3118 471 3168 ΒΕ.
490 3119 611 3170 MANVB.
631 3120 743 3179 Aenos,
762 3119 887 3169 DlVlSlT.
907 3119 1063 3169 1N1TAL1A

328 3200 519 3252 BENEVENTI.
532 3203 566 3252 IN
579 3203 703 3252 GALLIA.
717 3202 883 3252 COLONIAS.
896 3200 1039 3252 DEDVXlT

459 3285 650 3337 LVGDVNVM.
668 3285 718 3335 ET.
737 3285 904 3336 nevalcnnl
