2986 4974
289 403 351 467 4444
678 401 806 451 44334444
824 399 992 449 crannum

494 519 497 525 μ
546 561 675 638 Quaere
699 557 816 622 modos
840 554 961 622 leviore
985 552 1117 640 plectro.
1336 551 1371 614 444

291 742 368 804 igitur
390 743 495 789 antrum
513 738 609 787 Veneri
632 735 761 796 dicatum,
789 737 838 832 in‘
888 735 927 786 44).
963 735 1055 784 leuiore
1078 733 1182 798 plectro]
1213 733 1288 783 Ouid.
1315 735 1371 782 hiet.

291 814 363 878 quod
380 814 500 876 ingresso
517 815 614 876 potitae
632 811 665 862 de
677 811 816 862 amoribus
855 811 901 868 444,
932 810 996 858 tao:
1030 809 1112 883 033434·
1135 809 1234 870 plectro
1260 809 1375 871 praetore

292 887 488 948 tantummodo,
517 901 570 937 non
587 887 621 937 de
640 886 722 937 rebus
739 885 816 950 lugu-
855 885 1003 947 Gipoatos-
1020 911 1041 931 -.
1064 885 1136 932 Nunc
1153 896 1216 944 opus
1232 888 1267 932 eat
1290 882 1375 932 4334343

292 963 385 1014 bribus
403 977 499 1014 canere
517 962 586 1013 licet.
852 960 918 1020 ipra.

762 1181 909 1188 ...μ-

654 1370 1017 1430 uxcuttsus

773 1543 811 1592 Ab
829 1541 858 1591 C.
877 1543 896 1591 l.

328 1678 451 1728 Horatius
474 1687 537 1726 cum
558 1673 666 1724 Pollioni
690 1671 824 1737 permulta
848 1670 961 1721 deberet
979 1669 1034 1734 (cir.
1055 1671 1106 1720 Sat.
1127 1671 1155 1730 4,
1176 1671 1220 1730 44,
1240 1672 1303 1735 844),
1323 1683 1380 1719 333-
1478 1676 1479 1686 ’

296 1765 454 1812 3334333343
467 1761 532 1820 3434,
551 1761 580 1807 34
591 1755 674 1820 lyrico
688 1757 767 1806 etiam
781 1756 898 1806 carmine
911 1755 968 1806 eius
980 1754 1073 1806 laudes
1086 1755 1261 1820 praedicaret.
1284 1753 1380 1804 Nihilo-

295 1846 383 1896 minus
401 1857 463 1894 cum
481 1842 522 1893 ille
541 1840 698 1892 iamdudum
716 1839 885 1902 refrigeratus
906 1843 977 1890 esset
997 1839 1031 1889 ab
1052 1841 1209 1900 Octaviano,
1237 1840 1311 1890 haud
1328 1839 1380 1888 inti-

296 1943 356 1978 mus
374 1930 401 1979 iu
418 1928 476 1978 eius
493 1926 606 1976 amicitia
624 1923 730 1974 videtur
754 1923 834 1974 luisse
850 1927 943 1987 potita,
966 1924 1015 1975 sed
1033 1925 1130 1974 eodem
1148 1924 1203 1973 iere
1221 1938 1322 1987 genere
1340 1937 1381 1973 ae·
1477 1925 1481 1966 2

297 2011 464 2062 crassitudinis
478 2023 554 2070 usus,
574 2022 642 2072 quae
655 2009 678 2058 ei
691 2005 875 2057 intercedebat
886 2020 949 2056 cum
961 2008 1076 2057 hlunatio
1090 2005 1195 2069 Planco,
1215 2021 1279 2058 curn
1292 2005 1379 2062 Dellio.

297 2109 359 2146 cum
376 2095 488 2145 salustio
506 2095 601 2157 Crispo
619 2093 735 2152 minore,
756 2105 817 2141 curn
834 2092 892 2156 ipsc
904 2091 937 2142 hl.
952 2092 1080 2155 Agrippa,
1100 2091 1197 2154 quibus
1211 2091 1323 2154 singulis
1335 2093 1382 2142 sin·
1478 2079 1479 2082 ¹

296 2180 356 2244 gula
374 2179 511 2229 dumtaxat
526 2176 599 2243 μέλη
617 2178 759 2241 inscripsit.
780 2174 932 2239 thessalae
956 2175 1043 2225 obiter
1064 2179 1168 2226 tantum
1191 2177 1315 2226 meminit
1336 2173 1379 2224 0d.

298 2265 328 2325 3,
349 2266 396 2326 at,
415 2265 430 2312 7
449 2277 508 2326 sqq.
529 2265 581 2313 Sat.
597 2264 623 2322 4,
644 2263 671 2322 6,
691 2261 834 2320 taetro,
853 2261 894 2309 85.
913 2263 943 2309 h.
957 2263 985 2310 P.
999 2261 1066 2324 344.)
1084 2262 1207 2310 Attamen
1220 2261 1288 2323 grati
1306 2259 1381 2310 animi

297 2348 392 2412 plenus
410 2357 471 2398 eam
488 2348 657 2397 occasionem
674 2344 797 2395 Pollionis
814 2343 941 2393 laudandi
958 2344 1053 2404 sumit,
1078 2356 1160 2406 quam
1176 2343 1311 2395 offerebat
1327 2341 1382 2393 bel-

297 2431 384 2481 lorum
410 2429 524 2481 civilium
549 2430 657 2479 historia
683 2427 717 2478 ab
744 2441 776 2478 eo
803 2429 950 2492 composita
976 2425 1018 2476 vel
1043 2427 1097 2477 43444
1122 2429 1232 2478 recitata
1256 2427 1301 2478 4434
1325 2439 1381 2478 3434

298 2513 412 2564 edenda.
449 2511 577 2576 Singulari
600 2516 690 2563 autem
714 2515 770 2562 arte
793 2526 902 2562 omnem
925 2512 1059 2561 Octaviani
1083 2513 1247 2563 mentionem
1271 2513 1380 2568 44344434,

299 2599 385 2648 neutri
404 2599 474 2647 enirn
492 2599 566 2660 grata
583 2609 627 2646 res
645 2610 704 2648 esse
722 2599 840 2662 poterat.
866 2599 887 2647 si
905 2595 1083 2660 qualicunque
1102 2596 1182 2646 modo
1200 2598 1226 2646 in
1244 2595 1289 2647 tali
1307 2609 1382 2661 prae-

298 2683 376 2732 conio
393 2695 423 2732 se
441 2683 595 2731 coniunctos
613 2681 749 2732 vidissent.
785 2682 918 2746 Scriptum
936 2681 1040 2730 videtur
1057 2694 1166 2730 carmen
1185 2681 1255 2730 circa
1273 2695 1298 2730 a.
1318 2695 1344 2730 u.
1359 2693 1380 2728 c.

299 2765 438 2816 rat-raa.
460 2793 487 2801 -
507 2766 536 2814 C.
555 2765 660 2815 Asinius
678 2767 725 2815 Cn.
746 2767 772 2815 F.
792 2763 872 2815 Pollio
890 2765 968 2814 natus
986 2777 1010 2814 a.
1030 2765 1087 2814 679.
1107 2765 1183 2814 444444.
1203 2767 1299 2816 aetatis
1318 2777 1382 2816 auno

299 2849 435 2901 accusavit
452 2850 482 2900 C.
496 2850 638 2910 Catonem,
662 2850 714 2898 iam
736 2848 894 2900 adolescens
911 2849 1024 2910 leporum
1040 2849 1154 2898 Disertus
1167 2861 1233 2910 pater
1250 2863 1282 2899 aa
1298 2849 1382 2912 [33344-

299 2947 388 2996 34433,
408 2931 500 2984 Catull.
517 2933 562 2993 44,
581 2933 616 2992 8.;
636 2946 698 2983 mox
715 2931 836 2983 militavit
852 2931 902 2982 sub
918 2932 1032 2982 Caesare
1050 2933 1076 2982 in
1087 2932 1174 2983 Galliis
1192 2937 1219 2982 et
1235 2946 1285 2997 per
1302 2935 1382 2983 totum

301 3017 401 3070 bellum
418 3017 507 3078 civile;
526 3030 550 3067 a.
570 3017 626 3067 708.
645 3019 755 3081 praetor
771 3017 856 3066 iactus
874 3019 928 3076 est;
948 3016 1071 3080 deposito
1089 3018 1244 3080 magistratu
1257 3017 1382 3068 adversus

301 3105 410 3153 Sextum
428 3102 585 3166 Pompeium
601 3097 703 3152 bellum
720 3102 802 3164 gessit
819 3103 845 3150 in
857 3101 981 3165 llispania
992 3099 1131 3162 ulteriore,
1151 3101 1194 3150 cui
1206 3114 1270 3150 eum
1280 3101 1383 3166 praeie-

301 3189 376 3238 cerat
392 3187 502 3245 Caesam
532 3199 564 3236 ex
585 3199 638 3249 qua
662 3185 798 3248 provincia
814 3187 877 3249 post
893 3185 1015 3236 Caesaris
1032 3185 1167 3234 interitum
1185 3187 1240 3236 tres
1258 3186 1292 3235 ad
1311 3187 1382 3237 Cice-

302 3284 395 3320 ronem
418 3271 490 3320 misit
511 3268 636 3333 epistolas
655 3268 702 3333 (ad
725 3269 795 3319 Fam.
817 3269 860 3329 40,
879 3268 1016 3331 34-33.),
1035 3269 1062 3318 43
1080 3269 1178 3331 quibus
1195 3269 1245 3319 etsi
1264 3269 1382 3320 suumin

301 3367 387 3417 remp.
406 3353 523 3403 studium
540 3351 724 3416 libertatisque
742 3351 926 3402 detendendae
950 3351 1114 3402 voluntatem
1138 3353 1254 3403 ostendit
1276 3355 1332 3418 (Ep.
1344 3353 1381 3403 at:

300 3438 354 3498 443,
381 3437 402 3486 st
419 3438 445 3486 id
461 3437 560 3500 3344444,
587 3441 615 3485 444
636 3450 726 3486 rursus
747 3439 774 3486 43
787 3441 909 3498 potestate
929 3437 1014 3486 34444443
1029 3437 1104 3485 unius
1120 3438 1182 3498 4434,
1210 3437 1384 3499 3343333344

302 3526 349 3581 ast,
369 3522 446 3570 34433
459 3523 581 3584 profiteor
596 3521 755 3585 inimicam),
775 3523 864 3571 tamen
882 3533 911 3569 re
929 3532 993 3569 vera
1010 3520 1103 3570 firmus
1121 3521 1256 3584 proposito
1275 3520 1348 3584 (vell.
1359 3521 1381 3578 t,

302 3605 353 3666 63.)
372 3606 400 3654 34
420 3603 523 3654 lulianis
540 3603 661 3668 partibus
679 3604 762 3664 lidus,
786 3605 955 3667 Pompeianis
971 3604 1102 3654 adversus
1120 3604 1168 3654 luit
1184 3607 1211 3653 et
1227 3617 1322 3655 mense
1339 3607 1383 3655 Se-

302 3687 418 3752 ptembri
436 3701 460 3736 a.
480 3689 537 3736 744.
557 3701 620 3738 curn
640 3690 753 3739 Antonio
777 3688 932 3753 Lepidoque
950 3701 979 3738 se
998 3690 1139 3739 coniunxit.
1174 3691 1268 3752 Aquo
1286 3691 1312 3740 in
1328 3687 1383 3739 Gal-

303 3771 366 3822 liam
390 3771 550 3835 Cisalpinam
572 3767 761 3824 missus'hanc
784 3773 810 3822 in
834 3772 890 3823 eius
914 3773 966 3823 tide
990 3774 1119 3824 continuit
1134 3772 1169 3823 ad
1186 3787 1286 3826 aunum
1303 3785 1383 3838 usque

303 3853 371 3915 7th
391 3868 444 3918 quo
467 3853 560 3906 consul
581 3857 687 3906 creatus
705 3859 754 3907 est.
791 3857 892 3907 Deinde
911 3870 924 3905 a
944 3859 976 3908 bl.
996 3859 1109 3908 Antonio
1129 3861 1221 3908 contra
1239 3859 1382 3913 Parthinos.

304 3938 401 4003 lllyrici
417 3938 546 4004 populum
569 3940 639 3991 circa
657 3940 866 4002 Dyrrhachium,
892 3942 1003 4004 missus,
1027 3955 1051 3992 a.
1071 3943 1127 3993 its.
1147 3941 1287 3994 Kallion.
1307 3942 1340 3992 de
1356 3941 1383 3989 iis

304 4024 469 4088 triumphum
491 4025 544 4088 egit
562 4024 623 4088 (bio
645 4023 690 4086 48,
713 4023 1074 4090 tarraconensique
1096 4041 1111 4078 e
1133 4027 1266 4078 manubiis
1287 4027 1383 4092 primus

304 4107 495 4160 bibliothecam
512 4108 647 4173 publicam
664 4111 764 4160 Romae
782 4109 887 4160 dicavit.
907 4108 979 4173 (Plio.
993 4112 1022 4170 7,
1041 4111 1065 4160 3.
1083 4113 1111 4160 et
1125 4111 1170 4170 34,
1189 4112 1224 4174 4,)
1237 4107 1383 4174 insequenti

305 4197 427 4258 tempore
444 4192 479 4243 ab
496 4193 647 4255 Octaviano,
667 4196 697 4243 ut
708 4207 801 4245 secum
814 4197 904 4245 contro
917 4196 1059 4246 Antonium
1071 4196 1100 4245 43
1109 4194 1241 4260 proelium
1251 4197 1382 4265 Actiacum

305 4277 532 4342 proficisceretur,
557 4279 677 4342 rogatus,
703 4280 814 4340 4444333,
837 4279 934 4342 inquit,
955 4281 1000 4330 «in
1018 4281 1160 4332 4434334343
1178 4281 1278 4341 maiora
1296 4277 1382 4330 4334443
