2986 4974
457 487 514 535 ilii.
536 487 553 534 i.
590 488 618 535 C.
639 485 734 535 xxxii.

242 639 918 728 Odwmffioeffimdmmsmmm

245 765 342 830 Graia
364 763 493 829 testudo
516 763 613 838 iovis
639 785 658 828 o
681 760 828 828 laborum

245 883 887 970 Dmssmmmmmewfflm
1124 885 1162 949 Μ

371 1007 439 1072 Rite
462 1007 597 1073 vocanti.

143 1205 180 1254 iti.
199 1205 273 1265 andi,
292 1206 394 1266 cuique,
414 1205 481 1254 suive
498 1203 616 1254 malebat
634 1203 777 1256 Bentleius.

83 1379 185 1430 Turseli.
205 1383 234 1432 Τ.
254 1383 285 1431 11.
304 1381 412 1445 pili.)
435 1409 462 1418 -
481 1383 603 1434 liittran-
639 1396 749 1446 prorsus
772 1383 910 1446 repugnat.
937 1409 963 1417 —
987 1381 1048 1445 iiitc]
1072 1384 1164 1431 «caste

83 1469 124 1514 qna
147 1457 238 1506 autem
264 1457 388 1518 iungere,
419 1455 491 1519 quod
517 1469 603 1519 nuper
640 1461 666 1505 et
683 1471 739 1520 pre,
765 1455 995 1520 quemadmodum
1012 1457 1090 1506 decet
1111 1453 1166 1504 tali-

83 1529 183 1590 quidam
195 1531 343 1596 proposuit,
357 1531 384 1580 id
396 1544 460 1580 vero
473 1531 602 1580 latinitati
640 1531 690 1582 bns
708 1533 734 1580 in
751 1531 903 1594 precibus.»

433 1893 799 1954 Excutiens

521 2026 724 2076 mcum

144 2177 314 2230 Manifestum
332 2177 361 2226 iit
378 2190 393 2226 e
410 2189 436 2225 v.
455 2177 596 2236 Poscimur,
621 2176 729 2226 maioris
751 2189 783 2225 ac
799 2177 926 2238 gravioris
944 2173 1054 2226 alicuius
1072 2175 1170 2239 incepti

87 2259 155 2322 lyrici
176 2263 230 2312 hoc
254 2273 315 2312 esse
337 2259 419 2310 veluti
443 2260 620 2324 prooemium.
665 2259 729 2320 Quis
746 2261 836 2309 autem
854 2271 917 2308 eum
933 2261 1086 2322 poposcerit,
1115 2273 1167 2308 non

87 2343 162 2408 liquet
183 2359 235 2396 nec
258 2345 333 2395 vanis
357 2343 575 2394 immolationibus
599 2341 735 2406 indulgere
755 2341 856 2407 placet;
884 2344 941 2406 ipso
960 2343 1031 2392 enim
1048 2340 1168 2392 consulto

87 2441 138 2478 mm
160 2427 317 2491 occultavit,
344 2429 374 2477 ut
398 2429 436 2489 is,
464 2429 508 2492 qui
535 2429 710 2492 poposcerat,
737 2425 832 2476 leniter
858 2425 1000 2476 subridens
1025 2441 1055 2476 se
1081 2427 1169 2490 ipsum

88 2515 238 2574 agnosceret
260 2513 378 2577 primus,
405 2525 437 2561 ac
461 2512 573 2561 tortasse
597 2509 678 2561 solus.
714 2510 763 2560 Alii
783 2511 935 2561 divinarunt
952 2512 1090 2561 invitatum
1108 2523 1168 2560 esse

88 2597 217 2648 iioratium
237 2595 279 2646 rel
296 2595 331 2646 ab
348 2597 466 2658 Augusto
483 2593 526 2644 vel
538 2607 553 2644 a
566 2595 721 2646 Maecenate
732 2594 775 2644 vei
793 2593 827 2644 ab
839 2593 890 2644 aiio
902 2595 989 2645 amico
1002 2594 1043 2644 vel
1056 2608 1071 2644 a
1083 2597 1170 2644 semet

88 2681 139 2744 ipso
155 2681 196 2732 vei
215 2695 232 2730 a
251 2683 347 2730 cuncto
364 2678 463 2744 popolo
481 2681 613 2738 Romnum
641 2678 683 2728 aiii
701 2678 735 2729 de
752 2692 806 2729 uno
824 2677 912 2742 aliquo
930 2679 1048 2728 carmine
1068 2677 1124 2741 (Ori.
1145 2679 1169 2738 i,

88 2765 108 2812 i.
125 2764 164 2814 vei
181 2767 205 2826 i,
226 2765 266 2826 ia)
285 2762 440 2826 intelligunt,
459 2763 502 2814 aiii
520 2763 554 2812 de
572 2762 684 2814 edendis
696 2762 860 2812 carminibus
872 2765 935 2812 tunc
948 2763 1001 2812 iam
1013 2760 1167 2820 elaboratis,

91 2849 122 2897 uti
145 2847 237 2899 volunt
263 2846 425 2898 scholiastae
450 2849 566 2897 veteres.
617 2848 674 2906 Quo
700 2848 779 2910 igitur
807 2845 912 2896 diiiiciie
942 2844 1006 2896 illud
1035 2847 1169 2908 inceptum

90 2943 212 2996 prospere
237 2931 330 2992 cedat,
357 2931 480 2995 Sapphus
497 2933 606 2981 secutus
624 2929 777 2994 exemplum
796 2931 845 2994 (Fr.
865 2931 905 2980 lii.
925 2931 1022 2993 Bergk:
1043 2924 1107 2995 Ἄγε
1123 2925 1171 2978 δῖα

90 3011 202 3082 zelivy,
230 3013 308 3080 λέγε,
335 3011 532 3076 quadonoci
554 3014 651 3080 ytvao.)
690 3013 814 3064 barbiton
837 3027 917 3064 suum
940 3012 1036 3064 salutat
1059 3014 1171 3075 eiusque

90 3101 219 3163 tamquam
246 3102 336 3150 Musae
360 3098 486 3148 auxilium
510 3099 623 3148 invocat.
668 3099 732 3147 Tota
756 3099 847 3147 autem
871 3096 1011 3146 difficultas
1036 3096 1170 3156 carminis,

90 3181 130 3232 ubi
150 3197 199 3248 per
222 3197 253 3234 se
278 3185 427 3247 spectetur,
455 3180 656 3246 simplicissimi,
684 3181 711 3230 in
735 3194 768 3230 eo
791 3181 916 3239 vertitur,
944 3177 1186 3243 quodambigunt,

91 3267 255 3332 interpretes,
275 3280 394 3331 quonam
412 3267 492 3317 modo
511 3266 628 3316 construi
646 3263 764 3314 debeant
780 3262 864 3313 verba
882 3277 907 3312 v.
926 3265 950 3313 i.
970 3263 1036 3324 qaod
1052 3289 1066 3298 -
1083 3262 1172 3324 -piu-

91 3363 137 3411 res,
160 3354 249 3402 utrum
267 3351 302 3401 ad
319 3351 348 3400 Si
364 3378 378 3387 -
396 3377 410 3387 -
427 3355 521 3411 tecum,
546 3363 580 3400 an
598 3349 632 3398 ad
650 3349 789 3411 sequentia
807 3361 867 3412 ope,
886 3348 934 3397 dic.
971 3348 1045 3396 lianc
1062 3344 1172 3409 quidem

92 3437 259 3496 posteriorem
277 3436 409 3486 rationem
425 3433 574 3494 Bentleius,
592 3434 718 3482 poscimus
734 3431 905 3496 praeierens,
926 3431 1078 3480 necessario
1096 3431 1172 3494 sequi

92 3517 178 3568 debuit
195 3533 282 3582 neque
300 3518 371 3568 aliud
389 3531 454 3568 sane
473 3516 617 3580 intelligere
638 3517 722 3580 potuit
740 3528 849 3565 carmen
868 3527 950 3578 quam
968 3515 1019 3564 hoc
1037 3515 1123 3577 ipsum
1142 3515 1171 3564 C.

93 3601 198 3662 lxliii,
224 3601 297 3652 haud
320 3603 384 3652 satis
411 3601 579 3665 expendens,
607 3613 689 3664 quarn
711 3602 867 3663 arroganter
887 3598 929 3649 vel
950 3600 1038 3664 potius
1055 3596 1173 3648 absurde
1279 3617 1282 3622 ·

93 3685 280 3736 immortalitate
305 3687 435 3750 imprimis
458 3685 567 3748 dignum
590 3685 642 3734 hoc
665 3685 753 3748 ipsum
776 3683 899 3733 odarium
923 3686 1001 3748 poeta
1020 3682 1170 3732 iudicasset.

94 3767 205 3818 Eandem
231 3769 473 3832 constructionem,
501 3768 619 3818 Bentleio
645 3781 709 3818 sane
733 3779 786 3817 non
810 3768 948 3831 inspecto,
977 3767 1065 3816 multis
1082 3764 1172 3815 verbis

94 3853 275 3904 commendare
293 3854 394 3904 studuit
412 3851 560 3916 Gargallus,
580 3851 672 3915 legens
688 3851 816 3902 Poscimur
833 3853 860 3900 et
879 3849 945 3900 alius
967 3850 1091 3900 carminis
1109 3863 1172 3914 pro·

94 3936 204 3986 oemium
220 3941 292 3988 recte
310 3950 473 4000 agnoscens;
499 3937 550 3986 ΗΡ.
570 3935 698 3998 denique,
723 3933 840 3986 Bentleio
858 3947 911 3984 non
928 3935 1091 3994 memorato,
1115 3933 1172 3996 ipse

95 4031 194 4082 quoqne
217 4021 249 4071 ad
273 4034 349 4085 seqq.
369 4019 469 4071 rettulit
492 4033 542 4070 nec
564 4021 669 4078 tamen,
696 4021 786 4069 utrum
809 4017 844 4067 ad
870 4018 921 4066 hoc
945 4029 1053 4066 carmen
1072 4016 1170 4065 llliliii.

95 4115 125 4150 an
141 4103 174 4152 ad
190 4102 259 4155 aliud
276 4105 401 4166 referret,
419 4103 497 4154 nobis
515 4104 645 4166 exposuit.
672 4102 772 4152 Verum
789 4101 816 4150 hi
834 4114 928 4151 omnes
946 4114 998 4150 non
1010 4101 1074 4150 satis
1085 4099 1174 4163 pensi-

96 4187 186 4247 tarunt,
205 4201 283 4252 quam
300 4190 399 4238 mirum
417 4189 486 4238 ioret
499 4189 550 4238 hoo
562 4187 748 4250 enthymema:
769 4185 905 4246 «herbita,
924 4186 946 4236 si
957 4184 1022 4247 quid
1033 4181 1172 4232 ludibundi

97 4269 144 4317 iam
169 4273 227 4322 ante
251 4273 413 4332 cecinimus,
440 4275 549 4336 propter
571 4271 623 4320 hoc
646 4271 734 4334 ipsum
758 4283 829 4320 nuno
852 4270 904 4319 iam
928 4269 1028 4318 serium
1046 4281 1078 4315 ac
1095 4264 1171 4328 longe

97 4353 196 4414 pavlus
211 4355 252 4406 dio
269 4369 380 4407 carmen
404 4357 556 4406 Latinum.»
591 4356 759 4420 Quapropter
775 4353 928 4403 necessario
946 4349 1114 4400 redeundum
1133 4351 1173 4398 est

179 4473 264 4522 iioalr.
282 4487 337 4522 ror..
354 4477 370 4522 l.
404 4488 442 4520 aa.
460 4485 537 4520 aaron
553 4474 587 4519 iii.
974 4470 1000 4516 ia
