3014 4978
537 443 596 492 nis.
616 443 657 494 1n.
694 445 817 496 cxxv.
1188 449 1250 514 485

289 594 433 664 Hebrum
455 598 660 685 prospiciens
683 609 714 664 ct
736 599 809 667 nive
831 600 1002 669 candidam
1209 606 1250 671 til

248 715 392 785 Thracen
420 738 458 785 ao
479 717 564 806 pede
586 719 727 786 barbaro

289 839 470 906 Lustratum
490 837 683 928 Rhodopen,
707 852 742 908 ut
764 842 840 908 mihi
863 843 959 912 devio

249 997 345 1086 Ripas
367 1008 400 1064 et
420 1017 558 1066 vacuum
582 1019 696 1066 nemus

229 1213 269 1262 44.
288 1225 318 1264 oc
334 1215 395 1264 44444
407 1227 422 1265 s
434 1213 518 1266 tribus
537 1215 646 1279 cruquii
658 1217 719 1280 (non
730 1215 832 1282 Blund.)
848 1218 932 1270 Bentl.
953 1222 1047 1284 [Nostri
1065 1226 1092 1274 et
1107 1223 1218 1276 Bentleii

192 1291 221 1336 ut
236 1287 316 1351 mitt.)
336 1316 363 1325 -
383 1289 422 1339 43.
441 1291 518 1352 llipos
534 1291 618 1341 nostri
635 1293 662 1341 et
678 1289 836 1343 Bentloisni:
855 1295 936 1356 llupss
952 1296 1068 1346 Pottierii
1086 1297 1114 1358 4,
1134 1299 1164 1360 4,
1184 1297 1214 1362 4,

193 1361 222 1422 6,
241 1361 269 1420 7,
289 1361 341 1424 to,
359 1364 490 1424 lluretus,
509 1362 668 1425 Lambinus..
687 1366 840 1426 Pottierius;
860 1369 933 1420 Riuos
948 1369 1082 1422 Bentlsius
1099 1373 1168 1423 conl.

152 1557 292 1621 curtulum
308 1557 381 1622 iupis.
417 1557 622 1623 Propon.t,l‚
637 1560 688 1610 it:
722 1560 796 1623 bart,
824 1565 881 1614 slus
898 1563 950 1616 ulln
968 1568 1058 1617 tumen
1077 1567 1247 1619 contumelia.

151 1630 208 1681 Illo
219 1631 286 1694 ruit,
306 1632 388 1694 quotis
403 1631 507 1682 celerem
519 1645 601 1696 prope
614 1635 687 1684 itcr-
724 1664 752 1673 -
778 1637 939 1703 Lustratum]
965 1641 1193 1704 durolssctwttuut,
1220 1643 1250 1693 ut

153 1707 279 1757 modesto
309 1707 450 1768 ssmmonts
474 1707 581 1758 obscioo
604 1707 686 1772 fertur
723 1711 792 1774 virg.
807 1715 853 1762 Ge.
866 1715 896 1776 4,
909 1712 969 1764 487ε
994 1720 1017 1764 ct
1031 1715 1170 1780 oirpiuttus
1188 1715 1249 1766 bao-

155 1785 252 1842 apertu
281 1781 345 1831 οἱον.
376 1781 489 1831 Omnino
515 1783 542 1831 iu
573 1782 615 1832 his
639 1795 683 1834 vv.
722 1785 1060 1852 ctututoccostsloypsto.
1074 1791 1249 1840 —Nonscuo

154 1857 239 1919 posto
264 1855 388 1920 exprimit
414 1867 551 1906 summurn
581 1855 685 1908 ἐνθου-
722 1861 811 1926 --uu
829 1859 971 1912 Soloecum
988 1864 1040 1914 hoc
1056 1863 1188 1915 nonnullis
1208 1866 1249 1916 vi-

154 1926 289 1993 σιαομοῦ
300 1930 683 1994 Βοοοὴίοἰςτοᾰιιω,ωἰιιίωο,
722 1945 783 1984 sum
801 1937 854 1996 est,
873 1936 946 1986 unde
963 1948 979 1986 o
997 1937 1082 1988 Codd.
1102 1938 1247 2004 interpolsi-

155 2003 189 2053 ut
204 2001 247 2053 olii
262 2003 371 2066 volunt,
390 2005 549 2057 «remissum
566 2005 684 2056 furorem
721 2009 754 2059 tis
774 2009 970 2061 substituerunt
985 2025 1024 2061 cc.
1044 2013 1082 2062 Tu
1094 2012 1187 2064 conisi·
1198 2012 1246 2064 0d.

154 2078 240 2140 atque
251 2075 387 2141 paulatim
399 2077 570 2138 uhsuntomp·
582 2080 616 2130 de
629 2093 683 2144 quo
721 2083 751 2144 4,
773 2083 818 2145 46,
839 2085 930 2134 7-9:
959 2091 1135 2147 copim-ut.
1161 2085 1244 2137 Plaut.

156 2149 278 2202 Catullus
299 2151 325 2200 ln
343 2150 526 2203 Gellinmboc.
540 2151 579 2202 63.
592 2167 618 2204 ν.
632 2153 681 2204 38:
719 2153 777 2206 Aul.
801 2156 870 2208 Prol.
892 2159 936 2208 44ι
959 2160 1132 2220 positor-ut.
1168 2161 1245 2225 Prop.

154 2225 214 2276 Atti
237 2227 265 2275 tu
289 2227 370 2288 quiete
392 2227 462 2276 molit
484 2227 590 2278 rattdiu
609 2229 684 2291 furor
720 2231 748 2290 l,
768 2231 811 2292 45,
830 2231 862 2280 7:
893 2233 945 2282 Nco
961 2233 1044 2283 cunio
1061 2233 1142 2296 (item)
1159 2239 1245 2283 --ut

155 2299 246 2350 (444444.
267 2300 341 2350 ovid.
355 2300 543 2363 Amor.l,tt‚
557 2303 602 2351 tl:
623 2302 684 2352 lum
718 2303 783 2354 Pliu.
802 2305 868 2369 Epp.
888 2306 919 2367 4,
937 2307 985 2368 40,
1005 2307 1036 2356 t:
1066 2313 1243 2368 osquenut.

158 2387 258 2436 quoquo
286 2379 342 2424 erat
373 2375 485 2438 ucplsoto
516 2375 617 2436 docco,
655 2381 684 2427 ut
720 2378 774 2428 Cio.
786 2379 858 2430 Brut.
869 2380 979 2442 so‚⁴ss.
996 2380 1030 2430 ds
1045 2393 1084 2431 or.
1094 2381 1119 2443 ³,
1129 2381 1171 2443 ts,
1186 2381 1244 2435 434.

156 2448 266 2498 suasu
277 2449 385 2511 Bacche,
399 2449 461 2500 Gom
471 2454 560 2500 msere
570 2451 597 2500 tu
606 2451 683 2501 uiridi
719 2454 825 2505 Terent.
836 2453 929 2505 Hesut.
941 2455 964 2516 4,
977 2456 1003 2516 4,
1013 2456 1041 2506 44
1054 2456 1175 2518 :perinde
1183 2459 1241 2506 -ut

153 2523 273 2588 promtus
288 2525 358 2574 lasso
374 2525 447 2574 tuost.
718 2527 778 2578 vid.
804 2530 964 2592 pracsertim
989 2530 1057 2580 Voss
1085 2531 1113 2580 ct
1129 2531 1247 2594 Wagner

192 2598 232 2648 40.
260 2597 377 2663 liutmun]
403 2611 512 2649 emnem
536 2597 623 2662 illum,
652 2603 684 2651 ut
719 2602 853 2666 odvirgil.
873 2605 918 2654 Ge.
936 2605 970 2664 4,
991 2605 1048 2655 sil.
1078 2603 1245 2657 intolerabile

153 2674 193 2723 itu
203 2673 301 2734 dicum,
314 2675 448 2738 posticum
462 2675 519 2738 (Od.
528 2675 552 2737 4,
564 2675 606 2738 it,
619 2675 681 2738 44),
718 2689 784 2727 vero
802 2691 833 2726 oc
847 2679 910 2740 pods
921 2705 936 2715 -
946 2703 961 2714 -
972 2691 1004 2728 uc
1019 2679 1097 2740 mitt,
1120 2681 1245 2743 quocirca

156 2747 203 2812 qni
228 2748 281 2798 ism
307 2749 415 2799 Graecis
440 2747 543 2812 trigoris
559 2749 683 2800 immunis
719 2751 745 2800 in
763 2751 810 2801 Ed.
831 2753 991 2802 Gesnerisno
1009 2751 1102 2803 collide
1128 2754 1246 2817 scripse-

154 2833 189 2872 ae
199 2824 346 2887 perpetuae
364 2823 432 2873 nivis
447 2819 590 2886 imsglnein
602 2837 683 2888 proc·
719 2827 797 2874 runt:
816 2830 840 2875 ot
852 2825 924 2888 podo.
954 2827 1012 2876 Nou
1030 2827 1071 2877 est
1088 2828 1179 2877 auton
1197 2841 1245 2878 ex-

154 2895 247 2946 bebst.
283 2897 395 2948 Theocr.
419 2898 448 2959 7,
473 2898 535 2947 tlt:
564 2895 636 2962 44ης
658 2895 682 2947 δ’
720 2897 857 2960 clumntio,
884 2901 914 2949 ut
931 2900 1039 2964 quidum
1056 2901 1154 2965 opinati
1172 2903 1243 2964 sunt,

149 2963 284 3022 Ἠδωνῶν
309 2969 364 3036 μὲν
388 2970 419 3024 ἐν
450 2964 537 3043 ὥριον
567 2975 683 3039 χείματι
719 2975 755 3023 lta
772 2986 836 3024 cum
856 2972 923 3024 Aldo
944 2973 1152 3036 distinguentes:
1182 2975 1245 3026 utu

151 3047 256 3112 μέσσῳ
275 3039 381 3118 Ἕβρον
406 3041 464 3118 πὰρ
488 3043 621 3111 ποταμὸν
637 3063 683 3098 τε·
719 3048 807 3109 depes.
828 3049 858 3098 tlt
873 3048 1071 3098 milti--ltbctl
1096 3051 1176 3112 stque
1194 3063 1244 3114 op-

152 3122 319 3192 τραμμένος
352 3117 471 3187 ἐγγύθεν
505 3115 624 3192 ἄρκτον.
652 3149 679 3158 -
718 3121 848 3186 pellentes
866 3121 949 3187 Epod.
968 3123 997 3184 4,
1011 3122 1058 3172 l9:
1086 3123 1117 3172 llt
1133 3124 1244 3186 pwdstl

148 3194 323 3258 prospiciens]
350 3195 461 3256 «Hoc»,
487 3197 585 3260 inquit,
613 3196 682 3246 «nisi
721 3223 748 3232 -
768 3195 850 3260 duic]
877 3195 995 3260 «longius
1019 3199 1179 3248 sconsucto
1200 3198 1244 3248 iti-

152 3269 198 3321 dis
210 3267 282 3319 claro
294 3269 382 3319 lucore
394 3282 446 3320 non
455 3271 566 3334 potuit.»
585 3271 682 3330 Quidni
719 3283 784 3321 nero
796 3271 932 3334 evaganti,
951 3283 1005 3333 quo
1022 3271 1090 3322 deus
1108 3269 1243 3335 impellit.»

151 3343 314 3410 plenilunio,
337 3343 429 3406 quidni
453 3347 531 3394 nocte
554 3343 681 3395 sublustri
752 3345 792 3395 43.
820 3344 860 3396 44.
887 3345 978 3409 ltipos]
998 3345 1061 3396 -Vid
1085 3344 1120 3394 ud
1143 3345 1191 3395 0d.
1211 3344 1241 3407 t,

153 3417 198 3468 vel
215 3416 304 3482 paullo
325 3421 386 3469 unte
409 3416 576 3468 diluculum?
603 3421 680 3483 Apud
718 3419 748 3480 4,
767 3419 807 3470 34.
845 3421 945 3471 Verum
961 3421 1090 3481 nonest,
1114 3419 1187 3483 quod
1207 3421 1244 3470 sit

154 3506 206 3545 nos
233 3491 368 3544 Helvetios
394 3495 467 3544 oertc
494 3495 616 3544 nocturni
636 3495 682 3545 til-
718 3492 864 3545 Bentleius:
893 3496 1065 3558 «Nusquam,
1092 3493 1140 3543 uhi
1161 3506 1242 3546 sunus

149 3568 236 3634 pium,
249 3566 366 3628 lacuum,
380 3568 681 3620 cstorrhsctsrumcum
717 3565 792 3618 locus
814 3570 870 3630 est,
899 3569 1033 3633 repereris
1056 3566 1178 3620 absolute
1203 3571 1242 3620 sic

151 3641 223 3692 iride
239 3641 325 3692 lunari
344 3645 504 3707 prospectus
522 3655 576 3693 nou
593 3644 681 3694 minus
717 3643 849 3705 positum,
886 3640 956 3692 nullo
985 3642 1121 3693 mentions
1152 3643 1242 3696 tlumi-

150 3717 258 3767 smoeni
280 3717 343 3768 sunt
365 3729 446 3780 quom
468 3717 571 3779 diurni,
599 3719 680 3782 utque
718 3716 758 3766 nis
775 3713 818 3768 vel
834 3728 965 3780 equorum
982 3715 1098 3766 habitu.»
1123 3716 1176 3767 Cir.
1191 3717 1239 3768 Od.

149 3791 256 3842 animos
268 3793 373 3841 secreto
386 3791 497 3841 horrore
505 3791 678 3856 pertundunt.
717 3789 744 3852 3,
766 3790 794 3850 4,
814 3791 842 3840 44
855 3804 860 3838 :
888 3790 996 3840 Sotimus
1012 3815 1024 3826 -
1038 3816 1051 3826 ·
1064 3803 1116 3840 nou
1138 3791 1242 3843 innuo

186 3866 227 3914 lt.
255 3865 296 3914 44.
324 3865 385 3928 pede
402 3864 526 3930 torono]
555 3878 571 3915 s
594 3867 679 3918 thiaso
716 3865 801 3914 ὼννοε
817 3864 923 3914 Fastidit
938 3863 1129 3927 mntrosamquc
1144 3865 1238 3928 sipon,

149 3939 501 3990 tlscnsdumlliresssmm
518 3940 590 4002 orgis
606 3939 679 3990 cclc-
715 3939 772 3988 Nou
788 3939 904 4000 aspum
920 3939 1019 4002 opttotu
1037 3939 1131 4001 temps.
1167 3939 1240 4000 Quo-

148 4013 294 4064 brantinm.
339 4013 479 4072 Quomodo
504 4014 544 4063 in·
557 4013 678 4081 ἐπιθέτῳ
715 4015 786 4063 circs
806 4013 951 4064 reiiciends
975 4015 1063 4064 estet
1084 4012 1151 4064 illius
1173 4026 1239 4062 con-

149 4089 265 4139 hserere
282 4087 399 4152 potuerit
415 4087 466 4138 ΗΡ.
479 4125 485 4148 ,
512 4100 606 4148 neruo,
632 4089 677 4152 qui
714 4089 775 4139 iect.
789 4087 892 4138 rivoset
907 4087 1036 4138 Codicum
1048 4085 1147 4150 aliquot
1161 4084 1239 4136 lectio

148 4161 276 4225 antiquos
302 4163 396 4224 postus
421 4173 540 4225 unquam
567 4160 675 4224 legerit,
713 4175 800 4225 rupes,
817 4160 1239 4226 quscplscuitlduretooctom-

147 4235 226 4287 tacite
249 4233 384 4298 intelliget.
420 4236 536 4286 Thraces
554 4237 625 4286 enim
644 4247 691 4285 ac·
714 4235 791 4295 bino,
812 4237 839 4286 ct
853 4233 967 4286 tortasse
984 4233 1063 4285 ducto
1082 4235 1124 4283 est
1144 4232 1235 4283 chd.

147 4311 270 4375 Phryges
287 4311 318 4360 iis
335 4312 397 4361 xor
416 4305 523 4376 ἐξοχὴν
540 4312 602 4362 sunt
618 4310 677 4361 tau
714 4311 744 4371 4,
767 4309 810 4372 49,
834 4310 861 4358 l:
880 4309 1005 4360 Bocctiuu
1022 4308 1049 4358 iu
1063 4306 1166 4358 rosetis
1182 4319 1239 4358 cor-
