3080 4980
326 437 367 507 ῃ
711 443 840 492 nouam
859 443 1028 493 casulatus

325 603 394 663 Quid
412 604 502 652 enimi
529 602 687 651 Octavianus
705 601 761 664 ipse
780 613 809 650 se
827 613 880 650 non
899 597 1085 650 dominationis
1104 599 1246 664 cupiditate
1263 599 1333 652 heila
1351 615 1414 664 ges-

326 687 392 737 sisse
410 697 601 748 summumque
619 685 761 748 imperium
779 683 829 734 sibi
848 697 1032 747 comparasse,
1052 683 1101 734 sed
1119 686 1149 733 ut
1164 686 1264 734 eaedem
1276 686 1413 746 patrissat-

323 772 457 820 cisceretur
478 771 505 818 et
526 769 673 832 perniciem
695 781 709 816 a
732 768 836 818 civitate
860 770 1004 828 averteret,
1031 767 1138 832 publice
1161 769 1301 818 affirmavit
1320 770 1413 819 nescio

325 854 448 903 dicamne
466 866 499 901 an
517 851 650 902 simulavit
666 851 693 901 in
710 853 841 910 eratione,
862 864 943 914 quam
960 852 1103 915 imperium
1120 851 1289 916 depositurus
1307 866 1331 902 a.
1345 866 1373 901 u.
1388 867 1411 901 a.

325 938 381 987 aaa.
401 937 427 986 in
446 937 539 988 senatu
556 935 657 985 habuit.
693 935 759 984 nudi
778 934 858 985 modo
877 947 939 984 eum
957 935 1090 985 dicentem
1113 935 1184 999 apud
1202 936 1313 985 Dionem
1335 937 1411 986 Cass.

325 1021 366 1080 53,
386 1019 414 1070 l:
431 1014 498 1069 Ἀλλ’
517 1013 625 1084 ἀφίημι
642 1013 695 1084 τὴν
712 1011 807 1088 ἀρχὴν
824 1009 1003 1079 ἅπασαν--,
1023 1017 1069 1068 ἴνα
1087 1015 1118 1083 ἐξ
1135 1013 1230 1069 αὐτῶν
1247 1017 1304 1069 τῶν
1320 1012 1414 1090 ἔργων

324 1099 513 1169 καταμάθητε
529 1096 621 1163 τοῦθ’,
639 1095 685 1153 ὅτι
701 1097 760 1154 οὐδ’
777 1095 823 1153 e'n'
842 1097 935 1173 ἀρχῆς
951 1101 1121 1166 δυναστείας
1138 1099 1216 1166 τινὸς
1227 1101 1412 1168 ἐπεθύμησα,

324 1182 385 1237 ἁλλ’
404 1181 495 1248 ὄντως
512 1182 551 1252 τῷ
572 1200 603 1235 τε
624 1187 710 1256 πατρὶ
726 1184 825 1249 δεινῶς
846 1188 986 1254 σφαγέιτι
1006 1183 1171 1257 τιμωρῆσαι
1188 1187 1238 1238 καὶ
1254 1183 1309 1252 τὴν
1326 1185 1414 1238 πόλιν

324 1273 355 1322 ἐκ
372 1266 505 1337 μεγάλων
522 1271 571 1320 καὶ
589 1267 755 1335 ἐπαλλήλων
772 1267 1036 1334 casanatensem
1054 1267 1193 1337 ἠθέλησα.
1224 1271 1276 1322 Cir.
1297 1270 1355 1322 Lib.
1369 1272 1411 1329 53,

324 1357 369 1405 a.»
404 1355 479 1405 Addo
502 1355 576 1404 Ovid.
600 1356 668 1404 Fosi,
692 1354 716 1415 3,
740 1355 800 1404 709;
830 1355 882 1404 Hoc
899 1369 974 1417 opus,
997 1357 1057 1404 traca
1070 1357 1165 1417 pietas,
1183 1356 1244 1405 haee
1257 1355 1347 1417 prima
1364 1356 1414 1404 ete-

323 1444 408 1488 menta
422 1439 524 1502 fuerunt
535 1440 650 1489 Caesaris
666 1439 751 1487 uland
761 1439 828 1488 iusto
834 1451 883 1500 per
893 1452 969 1488 amsa
981 1443 1088 1500 paean.
1125 1437 1317 1501 (Consulendus
1330 1440 1413 1489 etiam

325 1524 412 1574 {ticcio
424 1524 459 1573 a.
478 1523 506 1572 F.
526 1523 553 1572 a.
572 1535 598 1586 p.
618 1524 658 1572 55.
678 1525 705 1572 et
723 1521 793 1581 tta,
814 1521 860 1571 uhi
877 1523 903 1571 in
921 1523 1037 1572 nummis
1054 1524 1082 1572 P.
1094 1521 1177 1572 Cldtlii
1196 1525 1236 1572 est
1248 1523 1318 1573 llars
1330 1521 1412 1579 ultor,

325 1608 425 1666 nudus,
445 1604 577 1670 galeatus,
596 1607 689 1656 dextra
707 1607 825 1665 hastam,
849 1607 953 1656 sinistra
974 1605 1091 1669 gladium
1109 1618 1171 1655 cum
1187 1604 1277 1655 balteo
1295 1605 1413 1662 tenens.)

326 1719 353 1726 -
373 1691 491 1754 «Nequit
511 1703 620 1741 carmen
641 1691 771 1753 scriptum
793 1702 852 1738 esse
875 1691 936 1752 post
957 1702 982 1740 a.
1005 1689 1078 1750 iat,
1101 1701 1155 1752 quo
1172 1691 1306 1752 Augustus
1324 1689 1415 1753 impe-

324 1776 394 1823 rium
415 1775 469 1824 iam
490 1776 643 1837 sumpserat
664 1777 690 1823 et
712 1775 747 1822 ita
769 1773 988 1832 confirmaverat,
1012 1775 1041 1822 ut
1062 1773 1096 1822 de
1117 1773 1212 1822 mentis
1234 1773 1323 1834 sapen
1342 1773 1416 1822 reem

326 1859 358 1918 tv.
382 1857 433 1918 25.)
457 1859 484 1906 et
505 1857 538 1906 de
560 1858 678 1906 scelerum
699 1858 843 1918 eapienm
869 1856 901 1916 (v.
925 1855 976 1918 29.)
1002 1869 1173 1919 nequaquam
1198 1859 1291 1920 posset
1311 1857 1415 1907 mentia

325 1939 409 1988 fleri.»
446 1938 536 2002 (multo
555 1942 635 1989 etiam
653 1941 741 1990 minus
758 1953 783 1988 a.
802 1939 869 1998 itt.)

374 2021 450 2071 Addo
473 2020 515 2072 illa
536 2025 646 2086 Augusti
667 2023 765 2084 verba,
789 2037 858 2086 quae
882 2036 914 2073 cx
935 2024 1099 2074 Monumenti
1120 2025 1253 2085 ancyrani
1274 2024 1348 2074 initio
1367 2037 1416 2074 ex-

324 2106 418 2170 scripsi
436 2106 470 2155 ad
487 2120 512 2154 v.
532 2106 573 2156 li.
592 2107 656 2156 item
674 2108 781 2156 Sueten.
800 2108 890 2157 Octev.
911 2108 954 2157 to:
973 2107 1042 2156 Nitiit
1052 2107 1236 2158 convenientus
1251 2109 1325 2156 duait
1336 2121 1416 2170 quam

325 2203 409 2238 necem
425 2191 544 2240 auunculi
559 2191 688 2239 vindicare
704 2192 818 2252 tuerique
833 2196 900 2240 acta.
931 2191 996 2242 Hine
1013 2190 1103 2241 verbis
1115 2205 1140 2240 v.
1154 2190 1194 2242 tt.
1214 2192 1330 2241 Caesaris
1346 2193 1416 2242 ulter

325 2273 487 2336 significatur
503 2275 572 2324 inter
588 2275 676 2324 omnia
693 2274 796 2338 piacula
816 2275 841 2324 in
859 2273 929 2324 bello
947 2273 1015 2324 civili
1032 2275 1175 2326 commissa
1194 2276 1308 2325 maxime
1326 2274 1415 2325 diram

326 2370 386 2407 esse
405 2357 527 2407 Caesaris
545 2357 764 2408 interiectionem.
804 2357 857 2408 Clr.
880 2357 947 2408 lbid.
970 2358 1010 2408 λθ.
1046 2359 1078 2408 Et
1097 2371 1228 2422 perquam
1251 2361 1311 2422 apte
1333 2362 1415 2422 poeta

326 2453 389 2490 eum
407 2441 529 2490 Caesaris
550 2438 662 2490 ultorem
685 2439 728 2490 illo
750 2443 807 2505 ipso
829 2445 949 2507 tempore
970 2442 1146 2506 praedicavit,
1170 2456 1223 2505 quo
1245 2440 1332 2506 paullo
1352 2445 1414 2493 ante

325 2523 358 2585 (a.
383 2522 439 2573 lii.
464 2522 519 2572 lere
541 2523 637 2585 medio]
661 2526 728 2574 teste
750 2525 849 2575 Velleio
870 2528 896 2587 2,
918 2526 964 2576 88:
996 2527 1195 2576 a1tinnn--en
1216 2525 1416 2598 interfectoribus

327 2607 455 2668 Caesaris,
473 2608 615 2656 Parmensis
632 2609 729 2658 Cassian
745 2615 825 2658 inerte
837 2622 933 2670 poerias
950 2610 1028 2670 dedit,
1046 2613 1074 2658 ut
1091 2611 1192 2659 meret
1204 2611 1304 2670 primas
1323 2610 1415 2660 Trebo-

325 2690 394 2746 nius,·
413 2688 507 2739 collato
525 2689 629 2740 Valerio
647 2693 713 2740 Max.
735 2694 758 2752 t,
772 2693 796 2752 7,
810 2693 833 2741 7.
853 2694 884 2740 V.
898 2693 1035 2742 Weichert
1052 2693 1085 2742 do
1104 2694 1132 2742 L.
1152 2693 1230 2742 Vario
1248 2696 1298 2743 cet.
1312 2707 1338 2756 p.
1353 2694 1412 2744 248.

328 2800 353 2807 -
375 2773 422 2834 (Ad
440 2773 497 2822 dira
514 2772 556 2822 illa
574 2777 696 2836 portenta
714 2790 739 2825 v.
760 2777 783 2823 t.
803 2775 851 2824 cir.
871 2777 951 2826 etiam
973 2775 1020 2826 lob
1042 2777 1082 2837 38,
1106 2778 1151 2826 22:
1174 2779 1302 2838 Numquid
1320 2777 1415 2842 linquit

327 2857 460 2918 Doininus)
484 2859 609 2920 inpressas
626 2872 651 2908 es
671 2860 800 2908 thesauros
820 2861 913 2920 nivis,
936 2865 981 2910 ent
1001 2861 1131 2910 mauros
1151 2861 1316 2924 prandinis
1337 2875 1413 2923 aspe-

325 2939 404 2988 risti?
438 2954 502 3002 enee
516 2943 672 3002 praeparavi
690 2942 716 2991 in
733 2948 828 3004 tenipus
844 2945 931 3004 tostis,
950 2945 977 2993 in
994 2946 1058 2994 dien
1071 2958 1174 3008 pupnae
1190 2948 1214 2994 et
1230 2943 1306 3006 belii.)

794 3149 939 3161 -t-

645 3279 1011 3338 EXCURSUS
1050 3281 1095 3336 11.

789 3477 835 3524 λι),
855 3489 881 3523 v.
900 3473 940 3524 39.

376 3619 446 3668 ilaec
468 3618 502 3668 ed
524 3633 548 3668 v.
573 3621 613 3669 39.
649 3621 793 3672 Christium
815 3623 887 3688 apud
908 3609 1056 3674 Gesneium
1079 3625 1186 3674 secutus
1207 3625 1367 3689 scripseram
1386 3627 1412 3675 in

284 3737 290 3746 .
325 3703 410 3766 prima
429 3703 557 3753 Editione.
593 3704 755 3767 approbavit
771 3705 969 3769 Dillenhurger,
992 3707 1047 3756 tres
1067 3705 1176 3770 insuper
1192 3706 1265 3758 locos
1282 3708 1411 3768 indicans,

326 3797 379 3847 quo
397 3787 500 3850 equites
517 3787 560 3838 vel
577 3801 656 3838 curru
674 3791 741 3839 vecti
759 3792 852 3854 postea
867 3790 961 3850 pedites
978 3789 1037 3839 tacti
1055 3795 1246 3841 memorantur.
1275 3793 1329 3842 Liv.
1343 3793 1368 3852 ἵ,
1381 3793 1410 3842 8:

324 3869 416 3930 equites
432 3871 498 3920 atius
514 3872 593 3922 alium
609 3873 778 3935 increpantes,
797 3873 858 3935 qnid
874 3874 961 3922 dende
976 3877 1095 3934 restaret,
1118 3876 1273 3936 pucnende,
1294 3875 1316 3924 si
1332 3887 1412 3937 neque

323 3967 356 4002 aa
373 3955 442 4014 equis
454 3956 604 4016 pepulissent
615 3957 707 4006 testea
716 3956 898 4017 aspeperitas
909 3957 1047 4018 pedenna
1062 3959 1179 4007 manenti
1189 3959 1309 4020 forami.
1338 3959 1409 4020 virg.

324 4037 389 4085 Aen.
408 4038 433 4096 Ἰ,
452 4039 510 4088 666.
546 4038 619 4088 ovid.
644 4039 704 4088 Met.
731 4038 770 4098 tt,
794 4038 850 4088 363.
890 4038 938 4088 Alii
960 4039 1105 4104 simplicius
1127 4041 1161 4092 de
1182 4042 1254 4092 veris
1275 4041 1411 4106 peditibus

325 4119 421 4170 Mauris
438 4133 581 4184 accepere,
602 4120 698 4183 quihus
716 4119 784 4170 ultro
801 4134 914 4184 suggero
931 4123 1005 4175 locos
1022 4125 1143 4176 Caesaris
1161 4127 1189 4176 B.
1207 4127 1236 4175 G.
1255 4127 1280 4186 ἲ,
1296 4127 1345 4182 t0.,
1366 4123 1411 4174 uhi

325 4207 457 4254 uteniorat
473 4206 611 4264 ιᾳιιόιαιιιιη
627 4208 650 4252 et
666 4204 726 4253 levis
742 4209 891 4256 anmeiroe
901 4207 1037 4268 Numidas,
1056 4210 1152 4259 lacerti
1164 4211 1300 4274 scriptoris
1314 4212 1409 4272 Paneg.

324 4287 390 4334 Max,
410 4288 435 4334 et
454 4287 543 4336 Consi.
558 4286 584 4334 8:
611 4286 775 4346 fermissimos
791 4290 968 4340 Mauretaniae
986 4293 1104 4353 populea·
1128 4293 1234 4356 corippi
1256 4291 1409 4342 lohanneid.
