2998 4980
681 363 808 414 aonam
826 350 1013 414 caumnuu'

654 809 888 872 cnm
915 811 1029 872 ΣΠ.

468 979 496 1044 0
520 977 621 1056 navia,
645 979 785 1046 referent
805 979 837 1043 in
859 999 948 1046 mara
972 990 1002 1046 te
1024 982 1098 1046 novi
1164 1043 1168 1048 .

470 1098 609 1166 Fluctus!
647 1101 677 1166 O
698 1099 776 1188 quid
799 1099 892 1188 agis?
925 1102 1061 1169 Fortiter
1086 1123 1210 1190 occupa

364 1300 428 1350 xlv.
463 1300 545 1349 lusor.
564 1297 632 1362 volg.
662 1297 906 1360 ltrnnpeettcam.
921 1299 1159 1351 —Contrenooern
1188 1301 1350 1366 allegoricos.

332 1377 356 1425 S.
376 1375 433 1424 Om.
452 1374 480 1423 Τ.
501 1372 564 1436 (Cir.
580 1375 671 1424 tamen
689 1374 855 1436 Excursum.)
876 1401 902 1408 —
926 1374 949 1422 l.
967 1374 1080 1437 referient
1096 1388 1159 1426 cum
1176 1375 1261 1426 Codd.
1282 1375 1347 1440 aliq.

331 1447 535 1500 Gesner-Bothe.
556 1475 583 1484 -
602 1449 626 1498 i.
645 1446 762 1498 linctus?
778 1461 793 1497 o
809 1446 857 1506 bT,
876 1460 938 1498 cum
954 1449 1056 1498 Veneta
1074 1447 1146 1500 tiit.
1165 1447 1259 1510 Bentl,
1279 1451 1306 1500 F.

329 1627 394 1678 XIV.
420 1625 566 1689 atlegorica
588 1627 630 1676 est
656 1625 820 1688 comparatio
857 1611 1017 1688 abripiere.»
1037 1653 1064 1662 -
1082 1627 1191 1690 referenti
1214 1627 1303 1678 firmat
1317 1631 1387 1680 Dio-

297 1699 475 1765 reipublicae
496 1701 626 1751 intestinis
648 1698 733 1749 turbis
756 1711 820 1748 exa·
857 1699 952 1749 medes
969 1712 995 1764 p.
1014 1701 1072 1751 elo.
1093 1701 1171 1752 Gaisi.

296 1777 391 1840 gitatam
409 1789 471 1826 cum
489 1789 556 1826 nave
574 1775 599 1824 in
614 1775 731 1839 procella
748 1779 821 1842 peri·
890 1775 915 1823 ι.
950 1775 1005 1824 lam
1038 1777 1159 1839 sequitur
1192 1777 1383 1842 interrogatio:

296 1849 411 1900 elitante.
447 1851 572 1913 Agnoscit
594 1847 746 1913 allegoriam
766 1852 820 1900 iam
858 1847 974 1910 «Ecquid
985 1850 1011 1898 te
1024 1849 1102 1900 fieta»
1117 1878 1144 1888 —
1157 1851 1267 1902 Fortiter
1276 1853 1385 1918 oeceepo]

297 1923 470 1985 Quintilianus
485 1925 509 1983 8,
523 1925 547 1984 6,
561 1923 602 1975 ll.
622 1937 655 1974 ex
670 1929 772 1986 vetere,
791 1927 821 1974 ut
858 1923 1007 1975 «omnihus
1036 1923 1138 1975 viribus
1168 1927 1269 1989 nitere,
1302 1931 1334 1978 ut
1357 1931 1386 1979 in

297 2000 406 2062 opinor,
426 1999 494 2048 lame
510 1998 543 2048 ad
565 2012 627 2050 eum
647 2013 732 2065 usque
755 2015 820 2065 pro·
856 1999 964 2060 portum
987 2011 1068 2062 quam
1086 2001 1210 2052 ocissime
1236 2001 1384 2063 inveharis,

295 2075 403 2136 pagata:
430 2065 607 2144 Ἀλληγορια,
635 2088 712 2136 quom
734 2076 820 2124 inon-
856 2071 883 2121 in
901 2084 988 2135 eoque
1011 2075 1067 2124 luto
1084 2075 1111 2124 te
1131 2075 1288 2128 recondas.»
1324 2079 1386 2128 Hoc

295 2149 389 2197 elnaem
403 2149 614 2212 interpretantur,
640 2151 710 2200 eliud
728 2150 817 2212 vebis,
857 2145 946 2207 enim,
970 2159 1024 2198 non
1048 2161 1209 2200 «remanere
1228 2151 1256 2201 ln
1279 2155 1384 2216 portu»

295 2223 367 2273 aliud
389 2237 462 2273 senne
477 2225 596 2288 ostendit,
621 2225 697 2274 etiem
718 2227 819 2276 interim
856 2220 986 2282 significat
1007 2235 1034 2271 v.
1053 2236 1189 2287 neumare,
1213 2227 1242 2274 ul
1263 2225 1332 2291 Epp.
1358 2229 1383 2287 l,

295 2299 460 2349 contrarium.
494 2301 579 2360 Prius,
605 2304 633 2348 ut
652 2300 672 2349 0
688 2301 788 2351 navis·
804 2326 819 2336 -
856 2294 881 2354 6²
900 2294 945 2344 32²
964 2309 1034 2358 cave,
1051 2304 1179 2360 ⁹⁸³pr
1189 2305 1291 2362 wamel
1305 2302 1383 2362 alter,

295 2375 404 2424 Portum
421 2377 533 2434 ιοιιιιᾳιιι
556 2373 597 2423 itte
620 2375 718 2424 Horatii
740 2375 817 2436 lours,
856 2369 949 2431 sicque
967 2370 1063 2422 Statius
1078 2370 1138 2422 silv.
1151 2373 1174 2434 l,
1188 2374 1286 2434 2203:
1300 2389 1385 2437 prere-

295 2463 345 2510 quo
360 2461 450 2496 oweno
462 2461 511 2510 pro
526 2449 680 2510 republica,
697 2451 819 2514 pimenem
855 2443 913 2491 dieti
925 2449 1028 2504 portas:
1059 2447 1124 2496 Rem
1145 2447 1289 2499 conficiunt
1306 2449 1383 2513 ipsae

294 2528 447 2585 marpesiam
458 2537 508 2584 pro
524 2521 591 2572 bellis
606 2523 732 2586 civilibus,
755 2538 819 2587 por-
856 2518 999 2580 imagines;
1014 2533 1076 2570 uam
1091 2522 1117 2572 in
1134 2521 1258 2572 lullsiatu
1274 2537 1306 2574 ex
1319 2537 1384 2588 por·

294 2603 348 2648 ιννι
359 2611 410 2660 pro
422 2611 488 2660 poce
502 2603 578 2659 ιιιᾳιιι
592 2601 726 2649 coneneie
749 2601 816 2650 uicit.
856 2594 884 2642 tu
906 2594 982 2644 evehi
1005 2594 1113 2646 ultimae
1139 2596 1231 2647 luisset
1250 2598 1380 2650 insaniae.

294 2673 412 2732 «Quain
430 2671 502 2722 reid
522 2673 637 2723 maxime
658 2674 815 2736 cavendum,
856 2668 954 2717 Contra
980 2667 1071 2720 dolere
1097 2671 1203 2735 poterat
1230 2671 1382 2734 periculum

294 2759 328 2796 nc
346 2744 461 2808 singulae
473 2747 593 2808 imaginis
605 2749 694 2810 partes
712 2749 817 2799 curiose
856 2742 929 2792 navis
942 2747 1144 2808 conquassatae,
1157 2757 1226 2808 quaa
1243 2746 1269 2796 ia
1286 2749 1382 2811 portus

292 2822 421 2871 rimantes
446 2820 644 2872 similitudinem
667 2823 744 2873 nimis
771 2836 818 2872 ur·
855 2820 1002 2881 conspeetu
1020 2833 1034 2868 a
1053 2819 1129 2871 novis
1151 2819 1276 2872 fluct-ibus
1299 2823 1381 2872 invita

292 2907 411 2959 geamus,
430 2899 460 2945 ut
471 2895 514 2945 hio
530 2897 556 2946 in
573 2895 681 2960 singulis
704 2897 737 2946 ad
758 2909 816 2946 rem
855 2892 882 2941 in
894 2903 969 2942 mere
984 2893 1066 2946 altum
1078 2893 1268 2959 abripiebatur.

291 2970 465 3034 significatam
479 2970 626 3022 referendis
641 2972 751 3021 mirifice
770 2985 818 3020 nu·
896 2965 919 3016 3.
945 2965 969 3018 l.
1003 2969 1040 3034 ut]
1071 2969 1120 3020 Alii
1152 2968 1297 3033 explicant:
1332 2975 1382 3020 «iu

292 3048 387 3109 gantur
403 3047 509 3096 veteres
524 3046 699 3110 interpretes,
719 3047 745 3096 in
761 3045 817 3110 pri·
854 3041 949 3092 nudum
964 3045 1008 3094 sit
1021 3058 1045 3096 r.
1059 3043 1092 3106 l,
1112 3044 1180 3094 miro
1194 3047 1333 3106 zeugmate
1343 3059 1380 3107 es

293 3121 343 3171 nris
361 3120 489 3171 Antonius
506 3119 677 3172 Mancincllus
696 3121 728 3184 (a.
742 3121 814 3186 itai)
854 3131 879 3166 v.
910 3125 1011 3182 genunt
1037 3133 1063 3169 v.
1090 3119 1123 3168 sit
1150 3116 1300 3177 elicientes3
1329 3133 1380 3183 ego

291 3209 317 3244 v.
335 3209 375 3244 o.:
398 3195 472 3245 celeri
494 3195 588 3260 Africo]
612 3195 639 3246 id
665 3198 715 3258 ost,
735 3210 815 3248 saevo
855 3193 922 3243 haec
943 3195 1032 3245 omnia
1049 3193 1083 3244 ad
1103 3207 1127 3242 ν.
1156 3197 1257 3258 gerunt
1279 3193 1378 3258 refero,

291 3269 402 3333 proelio.
436 3271 571 3335 sannone]
590 3271 618 3322 id
637 3273 687 3333 est,
712 3273 816 3322 exerci-
853 3268 881 3317 id
893 3269 966 3332 quod
978 3269 1041 3318 milri
1059 3267 1137 3332 longe
1154 3265 1381 3340 ποιητικώτερον

292 3349 343 3393 tus.
378 3345 431 3392 nne
444 3345 553 3408 funibus]
577 3345 605 3394 id
628 3349 676 3406 est,
695 3347 752 3396 sine
771 3359 815 3396 re·
852 3343 966 3392 videtur.
996 3345 1050 3393 Nee
1063 3343 1213 3406 quisquam,
1237 3345 1311 3407 puto,
1326 3347 1378 3396 iarn

293 3421 367 3466 ctore
383 3419 410 3466 et
423 3417 558 3468 militibus.
592 3419 704 3483 οαιιηαι]
721 3419 746 3468 id
765 3421 814 3480 est,
853 3415 971 3466 offendet
987 3418 1014 3467 in
1032 3419 1186 3480 zeugmate:
1204 3419 1272 3467 uides
1288 3423 1316 3468 ιιι
1333 3445 1347 3456 -
1365 3446 1380 3456 -

292 3491 363 3541 acies
378 3493 406 3540 et
421 3495 551 3541 turmaen
586 3492 674 3544 Verba
689 3498 751 3544 sunt
771 3508 816 3544 ra·
851 3496 960 3554 ριιιιαιιι.
986 3491 1198 3544 Callimachush.
1211 3490 1330 3557 inspoll.
1347 3493 1377 3545 l:

292 3565 402 3615 verendi
439 3567 556 3629 magistri
582 3567 636 3616 mei
670 3568 815 3632 llottlngeri
853 3560 914 3625 Οὐχ
933 3560 1041 3634 ὁράᾳς
1066 3567 1218 3618 ἐπένευσεν
1238 3561 1255 3616 ὁ
1273 3563 1379 3632 Δήλιος

292 3643 405 3704 Opuscc.
426 3639 487 3702 phil.
510 3654 536 3704 p.
561 3642 618 3692 265.
653 3641 739 3693 Nolim
764 3656 814 3707 ego
852 3635 906 3706 ἡδύ
932 3655 960 3691 τι
984 3638 1083 3705 φοίνιξ
1105 3635 1277 3707 Ἕξαπινης,
1304 3637 1321 3691 ὁ
1348 3641 1379 3694 δὲ

292 3729 326 3765 ne
344 3717 472 3764 Ponticam
487 3716 597 3779 quidem
608 3718 698 3779 pinum
714 3718 814 3769 relerre
852 3713 958 3779 κύκνος
980 3715 1011 3767 ἐν
1036 3709 1099 3786 ἠέρι
1123 3713 1214 3766 καλὸν
1230 3711 1328 3767 ἀείδει.
1350 3747 1375 3755 -

292 3790 326 3839 ed
345 3790 392 3839 Cn.
409 3791 566 3853 Pompeium
583 3793 636 3853 lt,
657 3793 757 3843 Pontici
774 3806 817 3842 re·
851 3793 953 3842 Ννιιννι
977 3792 1090 3856 reneipto]
1115 3790 1265 3842 «Omnibus
1295 3793 1378 3843 remis

292 3865 335 3929 gni
352 3866 491 3916 victorem.
852 3867 974 3928 detersis,
985 3867 1083 3927 fractis,
1094 3864 1272 3916 nudatumest
1282 3864 1377 3917 latus.»

326 3940 349 3988 l.
385 3941 505 3990 Praestat
526 3941 584 3991 siue
610 3941 814 4004 interrogatione
885 3945 909 3994 5.
924 3943 947 3992 6.
966 3941 1150 4006 Antennoeque]
1164 3939 1262 3991 Plinius
1271 3942 1337 4005 Epp.
1351 3941 1376 4002 9,

293 4015 360 4064 haec
379 4013 481 4064 ellerri:
512 4015 624 4066 onmis
639 4042 654 4052 -
670 4042 685 4052 -
697 4019 815 4078 portum
851 4019 898 4068 ati:
924 4017 1038 4067 stridunt
1052 4017 1132 4081 ιιιιιοε,
1148 4023 1271 4066 curuum
1289 4017 1377 4077 arbon

294 4091 407 4139 «lacera
419 4091 503 4150 navis,
522 4103 603 4154 quem
615 4103 647 4141 ex
660 4089 737 4140 litore
753 4104 816 4140 cou-
851 4092 1021 4158 ριιὸιηιαιιιια
1039 4095 1148 4156 panwrt
1184 4091 1298 4154 Utenpre
1310 4092 1378 4140 scri-

292 4164 376 4227 spicio
397 4165 598 4230 periclitantem,
619 4168 684 4216 veel
709 4169 815 4230 tempe·
852 4169 913 4231 ptor
928 4180 982 4218 non
997 4168 1054 4218 sino
1067 4169 1123 4216 arto
1141 4165 1235 4216 miscet
1249 4165 1376 4216 cernendi

292 4242 390 4293 statum
418 4241 444 4290 vi
467 4254 559 4292 rursus
588 4243 613 4293 in
637 4239 719 4294 altum
739 4253 814 4294 maro
852 4243 880 4292 et
894 4241 1019 4293 audiendi
1036 4253 1148 4302 seusus,
1173 4253 1226 4304 qua
1244 4240 1269 4290 in
1293 4239 1377 4303 figura
