3080 4980
679 429 806 480 lloaliili
824 429 991 482 cantilauit

420 559 424 566 ¹
481 586 578 650 lactat
599 584 748 661 ultorem,
773 605 872 671 vagus
894 595 927 651 et
948 585 1074 651 sinistra

483 705 613 772 Labitur
635 706 705 792 ripa
727 708 802 772 love
824 727 888 772 non
910 706 1065 793 probante
1088 729 1125 770 u·
1231 694 1234 702 ’

609 827 718 892 xorius
741 829 852 893 amnis.

484 948 599 1014 Audiet
619 948 707 1014 cives
728 947 856 1015 acuisse
878 949 1009 1026 ferrum,

485 1071 557 1148 Quo
579 1089 694 1156 graves
716 1071 835 1134 Persae
857 1069 971 1134 melius
993 1069 1151 1156 perirent,

481 1189 596 1256 Audiet
616 1209 740 1278 pugnas
762 1189 838 1254 vitio
860 1199 1027 1276 parentum

608 1313 691 1378 Rara
718 1311 875 1376 iuventus.

482 1435 585 1514 Quem
606 1443 700 1500 vocet
721 1431 831 1498 divum
851 1430 991 1520 populus
1014 1431 1136 1498 ruentis
1349 1438 1393 1503 25

358 1569 397 1620 l8.
415 1567 569 1691 4444444434.
592 1593 619 1602 -
637 1566 679 1616 44.
697 1565 759 1615 otoo
769 1565 798 1615 B.
812 1591 839 1600 -·
849 1565 912 1614 Post
922 1565 993 1614 bunc
1003 1577 1028 1612 v.
1043 1564 1133 1615 delicit
1144 1564 1208 1614 Cod.
1223 1564 1351 1632 dasque

325 1645 359 1696 ad
371 1645 459 1694 Canu.
473 1643 514 1702 46,
546 1679 551 1689 .

291 1759 357 1806 Aen.
381 1757 405 1814 4,
431 1753 492 1803 277:
523 1753 630 1810 «Hanc,
656 1753 686 1800 ut
707 1750 815 1813 qrridam
885 1752 926 1800 44.
944 1751 1040 1815 Audiet]
1059 1751 1157 1815 «Culpa
1172 1757 1321 1816 parentum
1334 1757 1390 1805 im-

292 1831 390 1888 dieunt,
409 1827 484 1877 iliam
501 1825 551 1877 sibi
568 1827 652 1876 Anien
670 1825 733 1874 iecit
748 1837 815 1874 uxo-
853 1826 953 1874 minuta
972 1824 1089 1886 suboles,
1107 1826 1212 1877 4444444444
1224 1829 1389 1880 etiamnunc

291 1919 363 1965 rem,
386 1905 416 1952 ut
432 1900 487 1962 alii,
510 1901 579 1950 inter
598 1912 665 1964 quos
682 1899 813 1957 Horatius,
852 1900 954 1960 aetatis,
974 1898 1019 1949 ubi
1037 1899 1195 1962 adoleverit,
1219 1903 1314 1954 audiet
1335 1901 1389 1956 ett-

291 1979 418 2030 Tiberisn
452 1979 509 2027 Non
531 1977 587 2026 sine
610 1977 666 2025 arte
684 1973 757 2036 fingit
773 1973 816 2023 Ti-
852 1974 959 2037 quando
981 1974 1053 2024 cives
1074 1978 1135 2038 post
1151 1977 1272 2027 Caesaris
1297 1979 1389 2028 inter·

290 2053 391 2112 barim,
420 2051 554 2100 minorum
582 2050 699 2112 gentium
722 2048 813 2108 deum,
852 2049 918 2098 itum
935 2049 961 2098 in
978 2051 1137 2113 semetipsos
1149 2049 1266 2102 saevisse
1284 2053 1386 2112 amnis,

290 2127 324 2176 ab
343 2139 424 2176 uxore
442 2125 584 2189 imperiosa
596 2125 747 2186 instigatum
761 2121 815 2172 ira·
852 2123 949 2187 quibus
971 2124 1059 2174 Parthi
1081 2124 1167 2175 infesti
1190 2137 1222 2174 ae
1239 2128 1387 2178 metuendi

290 2203 329 2253 sei
346 2201 416 2258 Urbi,
436 2213 517 2265 quam
533 2199 655 2263 perfluit,
677 2210 814 2249 summum
851 2199 945 2249 iustius
971 2197 1068 2248 devicti
1093 2202 1209 2249 essent.»
1243 2203 1272 2250 ln
1297 2215 1386 2267 prosa

290 2280 380 2328 autem
402 2275 515 2326 deorum
537 2286 599 2325 eam
617 2273 719 2324 salvam
735 2272 812 2324 velle.
851 2275 917 2323 orat.
945 2274 1098 2324 necessario
1126 2273 1208 2324 scribi
1236 2277 1388 2340 oportebat

291 2351 410 2402 «Terreri
434 2351 551 2414 luppiter
576 2349 651 2399 iussit
675 2345 812 2412 populum,
852 2349 944 2398 «cives
961 2347 1090 2398 adversus
1108 2349 1210 2409 cives»,
1229 2350 1255 2399 in
1271 2353 1385 2414 poetica

291 2439 343 2475 non
368 2425 484 2488 perire.»
511 2425 601 2473 Seuou.
623 2423 750 2484 -lunge
772 2423 814 2470 ni·
851 2434 916 2482 uon,
939 2421 986 2472 ubi
1008 2421 1104 2472 suliioit
1120 2415 1262 2487 ἔμφασις,
1287 2439 1385 2490 neque

289 2501 368 2549 mium
385 2499 497 2560 querenti
512 2499 546 2548 da
559 2497 680 2548 Caesaris
692 2495 775 2546 caede
788 2499 815 2546 et
851 2495 902 2546 ulla
929 2495 1086 2560 ambiguitas
1111 2498 1202 2546 oritur.
1223 2525 1251 2534 -
1278 2501 1385 2564 (usup-

290 2572 421 2624 bellorum
439 2571 552 2622 civilium
570 2570 716 2623 sceleribus
733 2573 813 2635 atque
850 2573 948 2637 pressit
963 2571 1045 2634 ultro,
1064 2573 1090 2622 in
1108 2585 1161 2636 quo
1173 2571 1254 2623 oardo
1266 2578 1384 2625 senten-

291 2647 496 2704 oalamitatibua,
526 2659 580 2696 nou
607 2647 712 2696 nimium
736 2647 815 2696 laetat
851 2649 902 2696 tiae
935 2646 1103 2708 vertebatur,
1138 2649 1258 2696 mloersm
1284 2650 1382 2698 cloes.»

290 2723 457 2773 necatrntum
466 2723 585 2780 altorem·
598 2719 813 2772 illudetreotum
850 2720 974 2772 Doederl.
1003 2721 1124 2783 Brachyl.
1154 2723 1258 2772 Samml.
1288 2725 1321 2773 11.
1351 2737 1380 2786 p.

290 2800 332 2848 est
349 2797 376 2846 et
392 2794 517 2860 simplex,
541 2795 608 2845 haec
625 2794 659 2844 ab
677 2795 735 2859 ipsa
751 2808 814 2844 ver·
852 2796 917 2858 484.)
932 2823 959 2831 -
977 2810 1068 2860 graves
1082 2797 1179 2860 4444444]
1197 2799 1283 2857 Quam
1294 2811 1380 2860 aegre

289 2872 386 2922 borum
403 2871 532 2934 positione
549 2872 718 2933 respuuntur.
851 2883 959 2934 semper
975 2869 1082 2921 tulerint
1093 2873 1202 2921 Romani
1221 2885 1269 2922 suo
1286 2873 1380 2937 impe-

323 2949 361 2998 48.
379 2945 468 3009 vapra]
490 2947 511 2994 A
533 2941 608 2994 solito
627 2946 716 2994 meatu
733 2942 814 2992 aber-
850 2945 889 2994 rio
907 2957 1044 3008 nunquam
1065 2944 1199 2996 subiectos
1217 2946 1297 2998 luisse
1310 2950 1380 2998 Par-

289 3035 351 3072 rans
363 3021 496 3072 sinistram
507 3020 602 3084 ripam,
621 3031 691 3082 quae
702 3019 813 3068 Romam
850 3019 919 3080 thos,
938 3019 1001 3070 satis
1019 3020 1147 3072 invidiose
1160 3019 1278 3072 declarat
1288 3023 1379 3073 Luca-

289 3097 448 3161 attingebat,
467 3095 585 3145 inundat.
851 3107 900 3146 nus
918 3095 958 3155 46,
976 3094 1021 3146 l9:
1039 3097 1151 3146 44644444
1166 3097 1193 3146 tn
1209 3101 1279 3146 ortae
1293 3099 1378 3148 Arro-

321 3172 361 3221 49.
380 3172 444 3235 love]
464 3183 590 3221 «summo
602 3168 713 3220 custode
728 3169 755 3218 et
766 3181 814 3218 ae·
849 3169 932 3220 446444
959 3171 1072 3230 damiam
1105 3185 1156 3221 non
1181 3171 1244 3234 setta
1270 3173 1378 3222 Parthia

288 3247 362 3296 dium
384 3258 494 3297 suarum
516 3247 543 3296 44
564 3245 642 3295 totius
663 3242 737 3294 urbis
760 3244 813 3293 Ro·
850 3246 959 3296 Cressia·
975 3247 1093 3314 44449444
1108 3259 1197 3295 semea
1211 3245 1377 3309 4444444444-

288 3333 362 3380 mae,
376 3321 475 3383 quique
487 3320 514 3368 in
525 3319 718 3381 sempiternum
733 3317 767 3367 ab
780 3331 811 3367 ea
850 3321 891 3369 oio
905 3321 994 3370 Palles.
1015 3347 1043 3355 -
1061 3320 1159 3384 praees]
1182 3320 1224 3368 Sic
1240 3319 1374 3371 Theocrit.

289 3394 421 3444 excidium
442 3397 541 3442 arcet.»
561 3418 588 3427 -
606 3391 721 3455 4444444]
740 3391 810 3454 Virg.
851 3395 890 3454 ll,
919 3394 958 3443 49.
993 3393 1198 3444 Alexanderll.
1227 3393 1376 3458 appellatur

288 3472 354 3520 ben.
377 3467 402 3528 l,
425 3467 487 3516 466ι
507 3465 687 3528 pulchramque
706 3467 814 3514 uxorius
849 3466 991 3535 Πέρσαισι
1012 3463 1120 3538 βαρὺς
1144 3463 1214 3531 θεὸς
1239 3467 1375 3536 αἰολομί-

287 3543 374 3592 orbem
395 3542 521 3590 amima.
555 3535 743 3610 Παραφράζει
762 3540 813 3589 'la-
849 3555 938 3612 τρως.
959 3544 1078 3592 -llaec
1103 3544 1192 3593 autem
1218 3547 1310 3608 aperte
1338 3545 1375 3596 ad

289 3619 356 3668 altus
373 3619 441 3666 Anu.
460 3617 501 3675 44,
520 3616 564 3666 484
583 3617 660 3665 acori
677 3616 810 3664 devinctos.
848 3615 918 3666 bella
937 3616 1022 3666 civilia
1039 3619 1099 3668 ante
1117 3631 1141 3666 a.
1160 3619 1217 3668 725.
1237 3621 1310 3682 gesta
1327 3635 1375 3671 re-

289 3694 329 3754 46,
343 3693 371 3741 64
390 3691 711 3741 meermannianam.
731 3691 813 3753 Egre-
849 3691 976 3752 seruntur,
996 3705 1049 3742 uon
1067 3695 1095 3741 ut
1110 3689 1370 3744 voltlllitseberliob:

288 3767 330 3831 gia
347 3767 437 3816 autem
454 3779 497 3814 vv.
517 3765 621 3815 ti-aa
640 3768 681 3816 est
697 3779 812 3835 προσω-
850 3766 1055 3829 «interpretatur
1079 3768 1199 3831 portenta
1228 3773 1255 3817 et
1283 3783 1315 3818 ex
1341 3770 1372 3819 444

288 3839 422 3902 rozeria,
451 3852 532 3904 quam
560 3840 662 3890 nonnisi
690 3839 811 3890 homines
848 3842 993 3902 auguratur
1009 3853 1075 3890 nova
1093 3839 1162 3891 bella
1180 3841 1290 3892 civilia.»
1314 3843 1372 3902 Quo

287 3917 392 3980 poetico
408 3928 489 3965 sensu
505 3927 615 3978 prorsus
637 3915 754 3965 destituti
770 3914 812 3962 vi·
848 3912 912 3978 quid
929 3928 944 3964 a
962 3929 1011 3965 suo
1028 3914 1136 3966 consilio
1153 3918 1237 3980 magis
1256 3916 1371 3966 alienum

287 3991 572 4055 tuperarepotuerunt.
583 4018 610 4026 -
621 3987 811 4041 Ceterumdis-
847 3990 935 4040 lacere
952 3991 1082 4053 potuisset
1098 3993 1193 4054 potia,
1213 3991 1372 4042 sententiam

287 4067 361 4117 secta
378 4077 473 4115 versus
490 4063 628 4128 penultimi
648 4077 699 4114 vox
719 4061 809 4114 ultima
848 4065 956 4114 Caesari
972 4077 1033 4125 auo,
1051 4065 1154 4129 imperii
1171 4065 1280 4116 Romani
1296 4066 1371 4129 pacl-

288 4141 369 4190 etiam
386 4138 434 4188 Od.
449 4140 473 4200 4,
491 4141 532 4200 44,
552 4140 591 4188 44.
610 4139 635 4198 2,
655 4138 694 4199 46,
713 4137 738 4186 7.
756 4150 809 4201 qua
848 4139 961 4198 ilcatori,
985 4141 1039 4188 tam
1057 4140 1185 4203 ingratam
1202 4137 1370 4204 prolaturus‘l

288 4213 398 4277 quidem
423 4211 527 4264 lieentia
549 4211 627 4262 nimis
647 4211 748 4262 abusus
769 4213 810 4263 est
847 4215 949 4265 Poenas
975 4214 1068 4278 igitur,
1092 4227 1158 4279 quas
1178 4227 1228 4278 pro
1248 4215 1370 4265 Caesaris

288 4288 447 4340 Sarbievius.
847 4289 1229 4352 neeedependerintltomani,
1243 4301 1369 4338 nonvero
