3078 4978
583 453 683 503 ttuttn.
720 454 817 504 cntttt
839 454 868 502 ll.

401 611 582 676 Certantem
605 619 637 676 et
659 629 754 675 uvam
777 629 957 696 purpurae,
1017 607 1027 618 '

358 733 428 808 Oua
450 741 637 797 muneretur
659 740 709 806 te,
734 731 863 818 Priape,
888 742 920 797 et
943 743 988 806 te,
1011 743 1103 819 pater

398 852 544 928 Silvano,
568 862 653 919 tutor
675 852 804 918 linium!

356 973 448 1040 Libet
470 975 578 1040 iecere
601 974 698 1041 modo
721 974 782 1041 sub
805 974 937 1062 antiqua
959 974 1048 1052 ilice,

398 1093 493 1162 ldodo
516 1097 548 1160 in
569 1096 672 1162 tenaci
696 1096 848 1184 gramine.

356 1216 520 1283 Labuntur
541 1217 613 1284 altis
635 1217 762 1286 interim
784 1217 862 1306 ripis
887 1238 1010 1305 equae,

400 1339 587 1416 Queruntur
608 1339 639 1404 in
662 1339 751 1406 silvis
775 1360 868 1418 uveS,

251 1539 292 1588 20.
308 1550 427 1599 purpura
443 1535 534 1587 Blend.
554 1540 686 1600 quattuor.
707 1537 747 1600 (Ut
762 1551 825 1598 nos,
845 1539 936 1599 nostri,
954 1536 1064 1588 Bentleii
1081 1541 1109 1589 et
1124 1541 1240 1595 Pottierii

219 1611 313 1673 codd.)
335 1639 359 1648 -
391 1612 431 1660 il.
452 1611 513 1672 Quis
529 1613 637 1662 auctore
656 1613 848 1676 Cuninghnmio
866 1614 892 1664 F.
921 1639 949 1650 -
979 1614 1021 1663 25.
1039 1615 1102 1664 rivis
1118 1613 1237 1665 Blendin.

219 1687 371 1750 antiquiss,
391 1685 491 1736 «codd.
510 1685 627 1738 nonnulli
653 1687 733 1736 etiem
754 1686 944 1749 antiquissimi»
969 1687 1097 1748 Bentleii,
1125 1691 1241 1740 Pottierii

218 1762 361 1822 undecim,
381 1762 440 1811 Fen.
459 1760 538 1824 (Rtpt's
555 1761 662 1812 firmem
678 1762 796 1824 quinque
814 1762 887 1824 mei.)

185 1937 300 1988 etOvid.
318 1936 501 1996 luteum:
520 1937 710 2000 Etdepwpu-
749 1937 886 1988 umbrosu.
918 1967 945 1974 -
975 1941 1073 2004 tendet]
1105 1941 1161 1988 «tm
1190 1941 1272 1990 Bodeu

184 2011 461 2062 reiscoltectoeotttbrts
470 2025 543 2061 tuoe.
570 2011 710 2062 Cornelius
746 2011 918 2074 smmattendm
936 2025 1061 2076 «gramen
1075 2013 1143 2064 udeo
1158 2014 1272 2064 densum

185 2089 301 2136 Severus
323 2087 350 2135 in
375 2083 463 2136 libello
489 2086 523 2135 de
549 2099 608 2149 gen.
636 2099 708 2136 nom.
748 2099 780 2136 ao
806 2088 939 2150 spissum,
967 2091 995 2137 ut
1020 2089 1062 2137 vix
1080 2102 1095 2138 e
1113 2087 1169 2138 solo
1196 2087 1272 2139 evelli

186 2161 229 2211 ed.
247 2161 335 2224 Haupt
350 2173 409 2224 png.
429 2159 478 2210 ot:
500 2199 505 2209 .
528 2199 533 2210 .
554 2199 559 2209 .
583 2198 588 2209 .
609 2173 711 2224 porpo-
748 2162 839 2224 possit,
866 2174 897 2210 eo
920 2164 1031 2225 propter
1047 2162 1099 2211 hoc
1116 2163 1204 2226 ipsum
1222 2163 1273 2212 ho-

183 2236 235 2284 rets
245 2235 595 2298 pommeuitpumpinosuvis.
615 2236 709 2286 Nostro
748 2235 811 2284 mini
829 2236 853 2284 in
873 2247 905 2284 eo
924 2237 1018 2286 iacenti
1037 2235 1141 2287 mollius
1158 2239 1273 2300 gratius-

184 2309 244 2360 loeo
260 2307 345 2359 Codd.
363 2307 424 2373 aliq.
438 2321 570 2371 perpetrm
592 2310 640 2359 sed
660 2310 708 2359 etr.
748 2322 800 2372 que
819 2309 905 2359 cubile
923 2311 1052 2374 praebeat
1069 2325 1150 2374 quam
1162 2325 1272 2375 gramen

184 2383 232 2433 od.
243 2385 267 2444 2,
279 2384 303 2442 6,
316 2381 355 2432 45.
368 2383 415 2446 Ep.
431 2384 470 2442 ll,
483 2382 522 2432 t8.
534 2383 586 2432 Set.
597 2384 622 2444 ἲ,
632 2385 657 2443 t,
669 2383 708 2433 49,
748 2396 864 2433 rarum.»
878 2383 959 2434 Aliter
970 2384 1169 2448 Dillenhurger:
1185 2386 1273 2452 «quod

217 2457 305 2508 et-et.
334 2457 397 2521 Qttu]
420 2457 502 2520 Magis
518 2457 623 2521 poetice
643 2459 709 2507 retio
748 2458 873 2509 euntibus
896 2459 1117 2524 impedimentum
1142 2463 1183 2512 est
1207 2475 1273 2525 pro-

184 2531 304 2592 videtur,
323 2535 353 2581 ut
369 2544 445 2595 pron.
464 2531 606 2583 relativum
625 2532 709 2583 lormn
748 2532 874 2594 cedendi,
894 2534 966 2597 quod
983 2535 1067 2598 pedes
1080 2535 1156 2599 quusi
1174 2537 1271 2584 tenet.»

185 2619 232 2656 sue
247 2607 378 2656 exteriore
391 2606 425 2654 ed
442 2607 592 2670 proximum
605 2609 709 2658 tantum
748 2609 839 2658 Mirum
858 2609 986 2658 Torrentii
1010 2610 1271 2673 interpretationem:

184 2693 284 2730 nomen
302 2680 445 2742 referetur,
466 2693 547 2743 quom
564 2682 592 2730 ut
610 2681 710 2744 emple-
749 2681 837 2745 «quod
854 2682 1030 2733 recubantem
1047 2686 1134 2732 virore
1152 2697 1201 2734 suo
1222 2682 1273 2732 ob-

184 2757 289 2805 ctemur
313 2767 541 2819 superuacaneum
573 2758 710 2805 coniectu·
747 2753 828 2805 leetut
845 2757 872 2804 et
888 2757 1023 2815 retinet;»
1049 2757 1179 2819 optimum
1195 2757 1274 2806 vocat

184 2841 242 2880 ram
260 2829 323 2890 quis.
344 2856 371 2864 -
390 2828 657 2891 recensuisset,
676 2829 707 2880 l:
747 2829 855 2879 tlohrus
872 2841 898 2892 p.
918 2829 959 2879 36.

184 2903 303 2954 Assiduus
326 2907 408 2952 custos
431 2903 501 2952 ruris
522 2907 550 2951 ut
570 2915 621 2952 esse
639 2903 707 2953 osto.
780 2903 820 2952 rt.
839 2903 880 2952 26.
900 2903 1010 2969 interim]
1029 2903 1220 2954 udumstretus
1232 2907 1274 2953 est

184 2979 295 3042 Priapus
321 2979 346 3027 in
372 2977 473 3039 Meyeri
498 2974 604 3027 Anthol.
629 2978 657 3027 L.
675 2979 707 3027 N.
747 2977 773 3026 in
801 2975 911 3026 herbum
940 3005 967 3014 -
995 2977 1162 3040 attis-ripis]
1188 2978 1271 3038 Attae,

185 3053 263 3103 t698:
282 3052 344 3103 tritt
361 3052 457 3101 eorotte
469 3053 541 3114 plote
556 3065 614 3102 vero
631 3054 709 3115 pont·
748 3049 886 3112 excelsae,
913 3052 986 3115 ripee
1011 3053 1122 3115 propter
1144 3051 1226 3100 liores
1247 3053 1274 3101 et

183 3132 239 3188 tur,
258 3127 320 3178 Mitt
337 3126 427 3176 meets
443 3128 525 3176 orista
535 3127 585 3176 sole
600 3127 707 3190 tenuo,
746 3123 867 3187 uirgulta,
881 3125 978 3189 quihus
990 3127 1101 3176 vestitae
1111 3127 1180 3184 sunt,
1192 3125 1273 3175 etium

183 3201 435 3268 Miltotrontedutots
443 3201 633 3264 ecapompino,
646 3202 710 3252 Mttt
747 3201 857 3264 propter
887 3213 969 3264 rupes
1007 3201 1190 3264 prominentes
1223 3209 1273 3249 ne-

183 3276 277 3340 ptouou
296 3277 360 3324 duro
380 3275 447 3324 otilo
465 3279 536 3325 cocta
553 3277 657 3339 [ripere.
679 3303 707 3313 —
748 3275 803 3324 scio
821 3275 885 3338 quid
902 3274 1003 3325 hubent
1019 3275 1085 3338 greti
1103 3273 1137 3323 nd
1163 3285 1273 3324 sensum

181 3349 263 3414 poter]
282 3363 425 3400 commune
440 3349 553 3398 deorum
565 3349 707 3401 ἐπίθετον.
747 3350 932 3409 amoenitatis;
962 3347 1024 3399 nihil
1052 3351 1144 3398 contro
1173 3348 1273 3398 tristius

185 3450 213 3460 -
224 3424 333 3488 silvane]
343 3423 413 3486 Virg.
426 3427 492 3474 Aen.
504 3423 528 3484 8,
540 3423 584 3473 604
597 3438 603 3472 z
618 3423 709 3487 (Silve-
747 3425 858 3487 aspectu
870 3425 934 3488 ripis
945 3424 1087 3473 fluminum
1099 3419 1274 3485 marffl'nlbus-

184 3498 226 3560 no)
239 3497 363 3548 livonum
368 3499 515 3560 pecorisque
525 3499 582 3556 cte03
597 3499 622 3546 h.
634 3496 668 3558 l.,
681 3500 710 3547 ut
748 3510 800 3560 que
818 3497 937 3548 rivorum
955 3496 1106 3561 depressis,
1126 3494 1226 3546 ulvosis
1241 3507 1273 3545 uo

183 3570 243 3622 alibi
254 3573 403 3634 Terminus,
414 3574 455 3622 est
463 3573 634 3635 tutorflntson.
647 3573 707 3622 vet,
746 3570 889 3635 paludosis.
925 3573 958 3621 Et
969 3583 1050 3634 quem
1063 3571 1183 3620 contorte
1196 3581 1274 3634 pree-

183 3649 260 3698 Auct.
274 3648 308 3697 de
320 3648 405 3698 Limit.
417 3659 443 3710 p.
454 3646 511 3697 tet.
524 3649 611 3696 Gnes:
626 3647 711 3696 Omnis
747 3648 822 3695 terea
848 3648 890 3695 est
913 3644 996 3696 alteru
1018 3643 1097 3695 lectio
1120 3645 1177 3694 ottts
1196 3644 1273 3708 (pro-

180 3723 299 3785 possessto
324 3727 375 3770 tres
397 3721 514 3771 stiriam
535 3719 620 3780 iabou
645 3733 711 3770 unus
748 3717 850 3782 lundis)
879 3719 942 3768 stols
969 3718 1089 3769 luduntur
1115 3719 1214 3780 aquosi
1245 3744 1272 3754 -

183 3798 275 3847 dieitur
295 3798 455 3858 donmtteus,
479 3796 627 3858 possessioni
648 3807 709 3845 oon-
747 3792 874 3858 Exempls
891 3797 980 3844 autem
1006 3807 1021 3844 e
1045 3795 1097 3844 Fen
1122 3793 1198 3844 allatu
1221 3795 1274 3842 non

182 3876 307 3932 motum
331 3871 396 3920 atter
412 3871 505 3920 dieitur
521 3871 641 3933 agrestis,
657 3883 709 3932 po-
746 3867 873 3932 probent,
901 3868 975 3932 quod
992 3867 1034 3918 ille
1051 3869 1195 3933 probatum
1212 3865 1272 3927 ivit,

182 3945 301 3995 nundus
316 3949 488 4003 consecratum·
515 3945 604 3994 tertius
617 3944 710 3994 dieitur
747 3943 811 3992 altos
829 3944 898 3992 rivos
913 3955 962 4006 pro
979 3943 1041 3992 rtvts
1058 3942 1089 3991 ab
1107 3943 1166 3991 attis
1181 3941 1274 3990 monti-

182 4021 322 4079 om'entulls,
358 4020 399 4068 eui
427 4023 462 4069 cst
486 4020 514 4068 tn
537 4020 644 4084 confinio
672 4019 710 4069 lu-
747 4016 791 4066 brts
813 4017 974 4081 defluentibus
995 4017 1046 4066 diei
1072 4029 1160 4080 posse.
1188 4014 1271 4064 Codd.

182 4107 226 4145 osu
239 4096 343 4157 positus.
363 4095 494 4158 lnsoriptt,
514 4107 549 4144 m.
564 4095 618 4144 Lat.
633 4093 706 4143 tots:
746 4091 811 4142 item
829 4091 972 4140 auctoritas
990 4091 1096 4140 nostrae
1114 4086 1175 4138 leot.
1193 4087 1272 4138 levet.

183 4169 286 4219 Sdoono
301 4181 377 4218 soora
397 4169 523 4218 seutellue
546 4168 652 4232 [recino
677 4169 710 4216 Et
749 4192 777 4202 -
797 4165 954 4228 Quemntor]
977 4165 1019 4214 Sic
1041 4159 1201 4232 μύρεσθαι,
1223 4179 1273 4226 μι-

181 4244 255 4293 tutto
275 4243 321 4293 otti
341 4255 436 4294 somne
456 4247 538 4292 nutes
557 4241 658 4291 tortutt.
680 4269 707 4276 -
747 4241 884 4310 νυρίζειν,
922 4239 956 4289 de
986 4235 1093 4287 avibus:
1144 4237 1199 4286 uita
1227 4249 1274 4285 eu-

184 4316 299 4381 enitque]
317 4319 344 4368 et
361 4318 503 4381 propterea
520 4314 610 4382 patulo
628 4317 709 4378 etque
747 4317 821 4374 nunt,
841 4317 870 4362 ut
887 4313 962 4377 queri
973 4309 1122 4374 videantur,
1141 4311 1272 4376 imprimis
