3078 4978
551 385 653 438 clean
689 385 786 438 canit.
806 385 883 438 xvn.

294 544 400 632 Egens
423 540 584 630 benignae
610 539 759 612 Tantalus
783 562 913 630 semper
938 539 1051 630 dapis,

293 664 392 752 Optat
412 663 624 732 Prometheus
649 662 809 752 obligatus
830 662 914 742 aliti,

294 787 393 874 Optat
419 805 572 874 supremo
597 783 759 852 collocare
784 783 945 875 Sisyphus

295 910 331 975 ln
352 916 461 974 monte
487 927 619 987 saxum;
643 904 702 972 sed
724 913 833 972 vetant
854 905 945 994 leges
967 907 1061 973 lovis.

296 1028 392 1096 Voles
414 1027 512 1095 modo
538 1026 609 1094 altis
630 1025 761 1094 desilire
785 1025 943 1105 tumibus,

296 1151 392 1218 Modo
414 1171 493 1218 ense
515 1161 628 1238 pectus
648 1150 773 1217 Norico
789 1148 974 1226 recludere,
1038 1139 1142 1247 ff,

298 1275 496 1360 Frustraque
518 1270 622 1338 vincla
646 1271 765 1358 guuuri
788 1279 900 1338 nectes
923 1280 996 1344 tuo,

297 1393 477 1460 Fastidiose
500 1393 599 1459 tristis
625 1391 831 1480 aegrimonia.

298 1513 458 1583 Vectabor
479 1513 624 1580 humeris
648 1493 724 1581 tuno
750 1532 811 1601 ego
834 1513 971 1584 inimicis
993 1532 1116 1601 equeS,

298 1637 457 1725 neceque
480 1646 565 1704 terra
590 1634 685 1702 cedet
712 1633 911 1702 insolentiae.
1218 1635 1259 1700 75

235 1843 276 1894 tii.
295 1843 355 1894 clue
374 1842 409 1904 B,
435 1842 503 1892 Pott.
531 1854 588 1893 sex.
618 1868 645 1878 —
680 1843 721 1893 72.
744 1842 924 1902 incensor,
951 1840 1061 1894 Bentleii
1086 1841 1224 1907 plerique,

203 1915 321 1970 Obsrlint
338 1917 373 1978 B,
392 1916 519 1980 quattuor
536 1915 660 1967 Pottierii.
680 1915 721 1980 (ut
736 1929 798 1981 nos,
818 1916 862 1980 bc,
880 1913 933 1981 βξ,
952 1917 1194 1980 Fraocquerenus.)

203 2093 313 2144 cit-tii.
343 2089 426 2157 mitet]
445 2089 538 2143 catull.
565 2089 612 2154 dl,
631 2091 697 2144 ato:
734 2091 828 2145 Melius
843 2094 883 2144 sic
900 2105 982 2158 mrem
998 2093 1106 2144 enectos
1122 2092 1262 2145 scrihide-

166 2167 267 2231 poam
281 2167 390 2229 nous,
408 2167 470 2231 qnia
493 2167 699 2232 inmareprae-
734 2168 885 2218 monstrare
910 2168 1021 2217 conatus
1043 2169 1085 2218 est
1107 2165 1258 2230 Bentleius,

171 2242 290 2307 cipitavit
306 2239 440 2306 Myrtilum
457 2243 591 2306 aurigam,
621 2243 698 2294 cuius
733 2241 877 2306 propterea
900 2240 973 2304 quod
995 2243 1069 2293 recte
1096 2239 1200 2292 dicetur
1214 2254 1262 2294 ce-

172 2330 224 2382 ope
245 2314 366 2368 aemulos
386 2316 488 2368 vicerat
512 2318 540 2368 et
561 2316 698 2382 Hippoda-
733 2320 800 2366 ciere
814 2314 917 2365 mamis
936 2315 1034 2379 autimi
1068 2315 1143 2380 (Epp.
1165 2316 1196 2376 t,
1217 2315 1258 2376 ts,

170 2393 267 2452 mlem,
294 2392 423 2442 Oenomai
439 2391 538 2454 filiam,
560 2391 587 2442 ln
604 2392 698 2442 metri-
734 2388 802 2452 34.),
839 2401 894 2440 non
926 2391 991 2441 item
1017 2391 1141 2440 lemme
1156 2389 1260 2440 nenda

171 2467 291 2518 monium
307 2469 460 2531 acceperat.
495 2463 614 2517 Alteram
634 2465 695 2518 lect.
733 2462 839 2528 cauum.
874 2463 929 2516 Etsi
954 2463 1018 2516 illud
1050 2465 1161 2527 retinui,
1197 2465 1259 2530 quia

169 2542 261 2606 infidos
282 2540 414 2606 explicent
437 2542 498 2606 aqui
522 2541 636 2592 deorum
653 2554 698 2591 ar·
734 2535 817 2588 altera
833 2537 912 2590 lectio
932 2538 1056 2592 facillime
1080 2553 1113 2591 ex
1129 2540 1261 2605 scriptura

171 2627 238 2666 cane
255 2613 362 2666 consilia
381 2613 544 2681 evolgavit»
570 2617 600 2666 ut
619 2614 694 2667 ovid.
734 2613 861 2664 continua
878 2625 1081 2666 ccrrcnrnscrss
1098 2615 1161 2665 oriri
1183 2615 1262 2679 pote-

171 2689 230 2740 Am.
249 2687 278 2751 3,
298 2689 343 2752 42,
361 2689 410 2741 30:
440 2691 557 2742 Proditor
573 2691 599 2740 in
615 2691 697 2741 modu
733 2687 788 2750 rat,
807 2687 896 2751 mavis
913 2686 1259 2739 tamenauctoritachdd

172 2762 291 2814 Tantalea
316 2777 391 2814 amne
415 2767 483 2824 sitin
510 2764 559 2816 sed
576 2768 637 2816 nata
655 2766 698 2816 est
733 2773 858 2813 meorum
881 2762 922 2812 BT
947 2763 975 2811 et
991 2761 1108 2812 Pottierii
1131 2761 1163 2823 3,
1183 2759 1213 2822 l,
1232 2759 1259 2821 8,

172 2849 206 2886 ex
232 2835 483 2886 accommodatione
515 2836 551 2885 ad
580 2849 697 2900 sequens
733 2837 775 2888 ἥ.
794 2839 847 2888 stat
862 2833 1146 2900 proelteralectione,
1165 2835 1259 2899 sicque

170 2919 233 2958 voc.
252 2905 333 2971 (infidi
350 2905 417 2957 Cod.
430 2907 542 2972 Freneq.
559 2923 626 2974 apr.
643 2925 696 2974 ιιι,
734 2914 856 2962 Lucanus
873 2911 903 2970 2,
921 2909 985 2960 δῖοι
1004 2908 1071 2960 Tserc
1083 2909 1183 2971 ρὶαοιιὶι
1198 2920 1259 2958 cue-

171 2994 263 3032 eseo.
289 2981 397 3046 infidam
436 2981 556 3046 itemque
580 2985 697 3038 Pottierii
733 2986 767 3036 sis
782 2983 1113 3045 merovecutcsitois,
1133 2984 1261 3034 ettrans·

170 3054 232 3107 let
249 3054 310 3115 ie.;
329 3056 425 3118 ceteri,
442 3057 557 3120 utnos.)
578 3085 605 3096 κ
628 3059 698 3110 beri·
733 3059 785 3110 late
802 3060 874 3125 virg.
893 3061 959 3110 Aen.
978 3059 1007 3120 6,
1026 3058 1091 3109 609:
1124 3058 1197 3122 fram
1219 3057 1262 3108 in-

171 3129 355 3195 piae-dupio]
375 3131 530 3196 «copiosae,
554 3131 696 3195 attinentis,
733 3147 803 3184 cecc
818 3135 909 3185 elladi.
926 3161 953 3170 —
974 3131 1261 3197 Vectcbcr1dnsidebo

171 3217 241 3270 quse
259 3217 323 3256 eum
340 3218 450 3271 semper
466 3207 630 3268 circumdat,
649 3207 698 3258 sed
734 3206 854 3260 humeris
872 3209 939 3270 tuis,
967 3207 1014 3260 tibi
1031 3205 1188 3258 insultans.»
1217 3205 1260 3256 Sic

173 3277 296 3330 frustra.»
317 3309 345 3318 -
363 3280 488 3346 colicam
504 3281 572 3344 aliti]
597 3281 698 3332 nobno-
735 3280 860 3334 translnte
904 3279 1139 3347 καθιππάζεσθσλ
1171 3295 1258 3343 τινος.

171 3355 230 3405 xius
248 3353 353 3419 aquilee
369 3354 474 3420 ultrici,
496 3357 574 3408 cuius
590 3369 698 3409 memus
735 3354 790 3406 Cir.
801 3356 883 3408 Plaut.
897 3360 969 3410 Asin.
980 3359 1005 3422 3,
1018 3359 1042 3423 3,
1057 3359 1118 3410 tos:
1136 3356 1260 3418 Vellespct

171 3441 188 3478 a
213 3440 243 3479 se
269 3442 363 3482 arcere
388 3443 443 3482 non
467 3433 583 3497 potesta
618 3433 698 3493 Quasi
733 3431 805 3480 lodie
820 3434 978 3492 me;--Sic
1002 3431 1258 3496 mamertinum

171 3505 256 3555 esset:
277 3505 328 3556 «ite
345 3503 465 3570 alligatus
483 3505 518 3556 sd
535 3507 696 3568 Caucasum,
734 3505 888 3556 moconart.
918 3507 988 3570 Lege
1005 3509 1123 3572 Bottiger
1138 3507 1172 3558 kt.
1185 3507 1257 3557 Scirr.

170 3578 200 3627 ut
223 3581 355 3644 perpetuo
379 3582 516 3647 expositus
541 3583 576 3633 sit
592 3579 696 3645 aquilae
734 3581 753 3630 1.
767 3592 793 3644 p.
807 3579 864 3632 373.
880 3608 908 3618 -
927 3587 997 3632 terro
1008 3583 1083 3648 cedet]
1098 3583 1178 3633 «mihi
1194 3583 1261 3632 tam-

171 3651 335 3716 montuosa,
355 3658 494 3722 accepisse
511 3655 619 3708 videtur
627 3657 697 3707 Voss
734 3667 816 3720 quam
828 3655 910 3716 deae;
924 3654 1052 3720 repellam
1061 3657 1199 3708 humum.»
1214 3655 1261 3706 Dis

169 3725 295 3776 vertens:
314 3735 527 3794 acspespcoet
543 3731 610 3782 dem
625 3730 698 3782 Ade-
733 3730 876 3794 vestigium
892 3729 1051 3782 iacientibus
1075 3733 1148 3787 terre
1174 3729 1260 3792 cedit,

169 3798 231 3859 ier;
260 3813 356 3852 verum
372 3803 495 3868 otlipctuc
510 3807 597 3870 prime
615 3806 695 3870 signi-
734 3807 821 3871 imper
838 3805 981 3857 divinitatis
998 3804 1118 3870 ponderi.
1142 3803 1216 3856 ovid.
1229 3806 1259 3855 Α.

171 3871 295 3926 ficatione
326 3889 380 3927 non
409 3881 467 3928 est:
505 3893 554 3931 «ex
582 3879 697 3932 adverso
733 3881 878 3943 s.i,eos:
899 3879 1036 3944 (Bacchus)
1055 3880 1262 3931 eccm-De-

170 3945 296 4010 lldfllus·‚
315 3949 365 4002 scd
383 3949 566 4006 «obvolutus».
734 3955 798 4006 silit:
816 3955 931 4019 imposito
947 3955 1018 4006 carsit
1029 3969 1111 4006 arena
1118 3954 1185 4018 pedi.
1204 3953 1261 4004 lloc

202 4022 586 4093 tionem-Nomou
606 4029 634 4089 t,
654 4029 695 4090 td,
733 4029 797 4080 dicit
821 4031 884 4083 Met.
911 4031 940 4093 2,
964 4029 1028 4082 786:
1057 4030 1132 4094 Μι
1156 4033 1181 4079 et
1210 4028 1261 4078 im-

170 4097 194 4148 9.
216 4124 243 4133 -
262 4099 397 4164 recludere]
416 4102 567 4166 «operires,
582 4104 612 4153 ut
622 4102 694 4166 virg.
731 4105 1058 4168 premctsttcrsmreppclit
1068 4103 1142 4154 lustu
1155 4103 1260 4166 (Miner-

169 4174 235 4223 Aen.
250 4174 296 4235 io,
309 4173 372 4224 otti:
392 4175 454 4227 Tum
470 4175 580 4228 latebras
596 4177 698 4229 animae
733 4177 786 4241 va).
805 4179 940 4231 sententia
952 4183 1006 4231 est:
1021 4181 1116 4243 «mque
1128 4179 1168 4230 sic
1180 4175 1261 4242 [quod

166 4251 252 4308 pectes
275 4260 395 4301 merone
409 4251 523 4303 recludit
555 4280 581 4290 -
608 4251 697 4316 necin]
734 4265 814 4304 nemo
843 4253 962 4319 proiecto
992 4252 1167 4320 exspectaret)
1196 4263 1260 4315 per-

1046 4347 1061 4380 *
1211 4341 1216 4352 .
