3012 4978
294 433 356 496 aas
644 470 647 476 .
676 433 805 486 uoanrn
823 435 989 488 cremnon

548 591 585 654 Et
608 590 742 656 miseras
766 591 905 657 inimicat
928 590 1036 658 urbes.

461 749 546 825 Non,
570 749 625 834 qui
648 747 843 835 profundum
866 747 1048 814 Danubium
1071 745 1198 820 bibunt,

463 868 574 936 Edicta
597 881 747 957 rumpent
770 868 866 943 tutia,
892 891 954 935 non
979 868 1097 944 Getae,

506 993 575 1058 Non
599 991 696 1058 Seres
722 987 852 1057 infidive
876 992 1012 1065 Persae,

552 1115 619 1180 Non
643 1113 761 1178 Tanain
785 1131 887 1200 prope
910 1110 1030 1178 ssumen
1053 1112 1123 1177 orti.

421 1251 424 1254 ’
465 1273 596 1358 Nosque
619 1281 651 1336 et
674 1269 823 1358 protestis
845 1269 972 1336 lucibus
996 1279 1028 1336 et
1051 1270 1151 1337 saeris
1314 1267 1383 1339 '25

360 1453 400 1503 23.
420 1453 539 1516 infidique
555 1450 603 1512 bc,
618 1453 758 1515 partitique
774 1449 800 1499 d.
821 1450 861 1513 (Ut
878 1461 944 1510 nos,
963 1449 1018 1510 ST.)

294 1621 336 1671 ira
346 1621 407 1684 fuit,
425 1633 476 1670 non
487 1618 715 1678 beltomeeensam
726 1618 818 1668 immiti
892 1615 997 1666 att-28.
1024 1614 1127 1680 luoibtu]
1155 1617 1247 1667 «tames
1272 1623 1299 1668 et
1322 1621 1383 1668 setes

294 1709 383 1746 samos
399 1696 509 1744 duxerat
529 1698 585 1742 arte
605 1693 685 1756 saber.
710 1719 738 1728 -
768 1693 819 1742 ini·
858 1703 908 1754 pro
934 1688 1029 1740 diebus
1054 1691 1116 1754 poni
1142 1688 1260 1741 soient·
1290 1693 1380 1744 Scaea.

293 1769 378 1834 micat]
396 1771 428 1822 Ut
444 1767 572 1820 Laberius
584 1768 700 1829 iniquom
710 1780 760 1831 pro
772 1767 820 1816 tnt-
858 1765 904 1815 Est
927 1763 1018 1826 igitur:
1050 1763 1177 1828 «singulis
1202 1764 1326 1816 diebus.»
1354 1797 1380 1805 -

294 1859 371 1908 quum
381 1845 486 1894 reddere
496 1843 612 1903 dixerat,
631 1843 670 1893 sic
686 1842 817 1902 Horatius,
857 1838 996 1900 oppreeats]
1015 1839 1118 1888 Primus
1130 1840 1183 1900 sie,
1203 1841 1276 1904 quod
1288 1843 1380 1901 seiam,

294 1918 366 1984 quod
391 1920 490 1978 seiam,
520 1918 622 1982 primus
648 1918 682 1980 (v.
707 1914 816 1966 Foreelt.
857 1912 993 1973 Horatius,
1013 1911 1197 1978 deindetput.
1212 1916 1275 1965 Het.
1289 1916 1314 1966 t.
1328 1919 1380 1967 init.

190 2041 198 2060 ,
293 1993 342 2044 Ed.
364 1992 462 2054 Germ.)
489 1993 541 2043 hoo
558 2005 584 2041 ν.
598 1991 737 2056 usurpavit
752 2003 816 2054 pro:
888 1986 986 2036 29-32.
1021 1987 1115 2036 Virtute
1138 1988 1251 2051 sanetas]
1278 1991 1382 2042 Dictum

295 2067 430 2118 «inimicas
447 2068 517 2117 iuter
533 2080 562 2118 se
581 2065 682 2127 reddit,
702 2063 818 2115 adbeila
856 2063 909 2120 est,
936 2062 966 2110 ut
986 2060 1040 2110 otta
1063 2061 1164 2124 titnstm
1180 2065 1208 2112 et
1225 2064 1301 2114 Ovid.
1322 2067 1380 2116 Hei.

294 2143 440 2193 domestica
459 2143 580 2203 excitata
599 2154 666 2191 non:
687 2141 818 2192 «hostium
857 2137 901 2197 tt,
920 2137 977 2186 tta.
994 2136 1049 2199 sato
1066 2137 1154 2199 funeta
1168 2150 1222 2195 nso,
1241 2137 1311 2190 ibid.
1325 2140 1380 2190 583.

293 2215 352 2266 ioco
370 2215 487 2278 habetp»
514 2219 544 2266 ut
560 2214 706 2279 explicetur
722 2229 737 2264 a
755 2215 819 2264 For·
854 2211 939 2273 functo
954 2215 1043 2272 mora,
1062 2212 1143 2275 atque
1161 2212 1233 2275 apud
1246 2214 1382 2264 Horatium

294 2289 397 2340 collino,
855 2285 943 2349 ipsum
961 2285 1007 2335 0d.
1027 2287 1057 2346 2,
1076 2286 1104 2346 9,
1124 2285 1168 2335 ts:
1187 2291 1226 2337 ter
1243 2303 1307 2338 aeuo
1324 2290 1383 2352 fna-

326 2364 414 2415 sr-at.
428 2365 643 2426 qai-Danubium
654 2363 820 2428 bitanttttin·
855 2364 916 2409 etas.
954 2361 1018 2420 eQui
1041 2361 1067 2411 in
1087 2361 1140 2410 vita
1156 2362 1271 2414 virtutes
1288 2377 1383 2414 omnes

294 2438 380 2498 detiei,
394 2439 528 2490 Pannonii.
550 2439 602 2490 Cir.
618 2440 664 2490 0d.
678 2441 706 2501 H,
720 2441 761 2496 20,
774 2439 815 2488 20.
855 2447 904 2499 pro
921 2433 988 2484 viriti
1005 2438 1080 2499 parte
1094 2437 1121 2485 et
1134 2439 1274 2500 tamquam
1287 2451 1383 2488 munus

295 2515 368 2562 «Non
385 2512 495 2562 dubium
522 2515 575 2574 est,
602 2516 665 2576 quin
692 2515 817 2564 victoriae
856 2521 935 2559 suum
953 2512 1156 2560 exercuerunt„
1184 2511 1240 2562 Cic.
1260 2513 1341 2563 tusc.
1357 2515 1382 2570 t,

294 2586 481 2649 respiciantur,
501 2599 568 2650 quas
585 2587 694 2637 Romani
710 2600 759 2650 per
770 2599 819 2636 an·
856 2582 900 2633 tt:
919 2597 990 2633 uerno
1003 2597 1099 2646 panon
1115 2586 1159 2634 diu
1175 2587 1255 2646 sitit,
1275 2589 1320 2649 qui
1331 2588 1384 2637 vir·

294 2673 343 2709 nos
361 2659 417 2710 738.
436 2659 476 2710 33.
490 2659 531 2710 to.
551 2660 585 2710 de
604 2661 820 2724 Germaniaepo-
855 2657 914 2706 tutis
937 2658 1063 2722 perfectae
1086 2659 1197 2723 perfeeto
1222 2660 1327 2724 functus
1351 2667 1384 2711 est

293 2732 361 2797 pulis
391 2736 620 2797 reportaverunt.»
651 2736 759 2784 Fatuae.
790 2760 817 2769 -
854 2745 965 2782 munera
998 2759 1025 2769 -
1055 2747 1125 2783 mora
1147 2733 1269 2799 patrum]
1299 2733 1383 2785 Varro

294 2807 497 2872 Edicto-tutia]
526 2808 614 2872 «teges
640 2811 720 2873 atque
747 2810 819 2859 iussa
856 2804 927 2870 apud
953 2807 1067 2857 Nonium
1086 2807 1112 2858 in
1128 2808 1191 2858 Asso
1215 2811 1381 2873 reecpit.

294 2883 416 2944 Augusti,
435 2883 606 2933 condiciones
618 2883 758 2935 foederum
769 2895 820 2947 pa·
856 2881 948 2931 itero:
978 2881 1007 2929 tn
1034 2883 1154 2932 conuiuiis
1178 2885 1254 2944 pueri
1280 2885 1384 2934 modesti

294 2957 818 3020 otorumquecumbarbarisinitorum.»
855 2959 884 3004 ut
907 2960 1039 3006 cantarent
1063 2957 1181 3006 cannino
1207 2959 1330 3020 mitique,
1359 2960 1383 3006 ia

293 3031 342 3080 Dio
359 3030 410 3100 at,
424 3033 469 3082 to:
496 3028 565 3094 τούς
581 3047 612 3082 τε
628 3029 739 3097 νόμους
750 3026 819 3092 τοὺς
856 3029 945 3090 quitor
955 3030 1042 3080 mades
1052 3037 1127 3081 mont
1136 3033 1274 3094 necionem,
1293 3039 1384 3082 αααα

293 3101 595 3175 γραφησομένουςῦσ
608 3101 698 3158 αὐτοῦ
711 3099 821 3173 Αὖγού-
855 3109 954 3154 noceat
970 3119 1028 3154 eum
1044 3105 1150 3155 tibicine.
1186 3107 1240 3156 Cic.
1259 3107 1338 3157 Tusa.
1356 3109 1382 3165 t,

293 3195 364 3230 mov
383 3180 493 3232 ἐκεῖθεν
515 3176 570 3248 ἤδη
590 3178 817 3252 προσηγόρευον.
856 3181 887 3229 2:
905 3181 950 3230 Est
964 3181 992 3229 in
1009 3179 1152 3244 ortptnbra
1165 3181 1289 3244 (Catonis)
1302 3181 1385 3231 soiitos

295 3257 327 3319 (a.
340 3269 366 3305 u.
381 3268 404 3305 c.
419 3256 486 3318 735.)
504 3256 578 3306 ovid.
592 3257 669 3307 Trist.
683 3257 707 3316 t,
722 3257 746 3317 3,
761 3255 828 3305 toi:¹
856 3267 907 3304 esse
922 3255 949 3303 in
966 3255 1044 3317 epatis
1059 3267 1150 3305 eoam
1165 3257 1286 3305 maumas
1301 3257 1337 3306 od
1352 3257 1384 3304 tt-

210 3337 215 3348 ·
291 3330 397 3394 depasti
409 3330 512 3393 pottteo
521 3331 598 3381 itrssa.
615 3357 642 3367 -
656 3331 740 3394 Getae]
753 3329 817 3380 Ptin.
856 3329 961 3379 Maera
977 3331 1007 3380 ds
1022 3331 1151 3380 ctorem
1166 3330 1296 3382 tantm
1306 3333 1385 3380 obt*

294 3407 361 3456 HN.
372 3405 821 3467 nimatuseoraemaetnmrana
856 3403 928 3453 tibus.
964 3403 1017 3454 Cir.
1044 3405 1121 3455 tusc.
1150 3403 1182 3464 i,
1209 3405 1234 3454 Ξ.
1264 3407 1381 3456 Perizon.

293 3480 360 3528 dieti.
380 3479 674 3540 consenseramus,
695 3480 735 3529 tt.
757 3480 821 3528 Kra-
856 3477 995 3528 animadv.
1021 3479 1081 3528 hist.
1107 3479 1136 3528 C.
1162 3479 1186 3528 s.
1205 3492 1233 3543 p.
1256 3480 1316 3529 sta.
1347 3479 1383 3529 ne

293 3565 365 3603 mer:
379 3553 482 3620 Γέγονε
492 3552 523 3605 di
534 3555 584 3606 not
596 3549 685 3616 ἄλλος
694 3552 748 3618 τῆς
759 3550 819 3613 χώ-
855 3551 1052 3603 laudationibus
1069 3551 1228 3605 funebribus
1244 3553 1315 3604 baec
1334 3554 1383 3604 mi-

293 3642 346 3698 ρας
361 3624 572 3698 μερισμός--·
603 3625 672 3692 τοὺς
687 3626 743 3694 μὲν
764 3623 820 3699 γὰρ
857 3629 928 3677 nime
946 3627 1147 3691 interpretanda
1163 3640 1227 3678 eum
1244 3628 1310 3690 Fea,
1336 3627 1382 3678 sed

293 3697 407 3763 Δακους
422 3700 688 3773 προσαγορεύουσι,
706 3698 777 3765 τοὺς
787 3701 819 3752 aa
857 3701 890 3751 de
909 3703 940 3750 iis
958 3702 1121 3753 carminibus
1138 3701 1328 3766 popularibus,
1352 3715 1383 3752 aa

292 3775 389 3837 Γέτας.
419 3776 506 3839 Γέτας
522 3777 576 3841 μὲν
593 3773 662 3841 τοὺς
679 3773 751 3848 πρὸς
768 3773 820 3828 τὸν
857 3775 954 3839 quibus
979 3773 1116 3840 pautiatim
1140 3778 1199 3826 orta
1224 3778 1267 3827 est
1288 3789 1382 3840 magna

293 3845 406 3898 Πόντον
423 3848 609 3914 κεκλιμένους
622 3853 671 3901 καὶ
683 3867 702 3900 α
722 3848 755 3914 ὸς
766 3848 819 3917 τὴν
857 3863 919 3914 pars
932 3851 1058 3900 historiae
1070 3850 1205 3900 Romanae
1217 3850 1380 3914 antiquioris.

293 3917 346 3973 ia·
365 3918 479 3985 Δακοὺς
496 3921 527 3974 tt
543 3920 613 3986 τους
630 3927 670 3987 εἰς
682 3929 819 3978 ταναντια
858 3923 910 3974 Cir.
930 3925 1010 3976 Huni
1027 3923 1061 3974 de
1075 3922 1200 3974 Atellanis
1212 3937 1239 3988 p.
1253 3924 1279 3973 3.
1304 3925 1382 3974 Cors-

294 3995 365 4070 αρός
382 3993 435 4064 τὴν
449 3998 611 4071 Γερμανίαν
627 3999 677 4050 not
693 3995 747 4062 τὰς
765 3999 818 4053 τοῦ
857 4011 906 4049 sen
935 3999 1022 4063 origg.
1049 3997 1137 4063 poesia
1168 3999 1243 4048 Hom.
1270 3997 1381 4048 Berotini

286 4069 399 4144 Ἴστρου
408 4070 510 4140 πηγάς.
520 4074 586 4123 Vide
594 4073 628 4123 ad
637 4073 684 4123 Od.
693 4073 717 4136 3,
727 4075 768 4138 at,
777 4078 817 4127 tt.
858 4073 931 4126 ibid.
944 4087 970 4138 p.
986 4075 1042 4124 tib.
1062 4073 1192 4123 Differunt
1203 4070 1238 4121 ab
1250 4072 1292 4123 bis
1303 4072 1381 4122 etiam

295 4177 323 4184 -
341 4148 426 4213 Seres]
450 4147 533 4200 ultimi
557 4148 670 4198 Orientis
693 4148 817 4214 populus.
856 4147 984 4200 incondito
995 4149 1112 4198 connino
1126 4146 1266 4206 mititatis,
1285 4145 1380 4210 quibus

292 4223 351 4274 Vid.
370 4223 404 4273 ad
422 4223 470 4274 Od.
487 4223 517 4283 3,
536 4223 581 4280 39,
601 4223 641 4273 ti.
664 4251 691 4262 -
721 4225 819 4274 Tenatio
857 4224 925 4273 teste
937 4223 1011 4272 Livio
1024 4221 1122 4284 taso.
1142 4223 1173 4282 Q.
1187 4221 1258 4272 Fabii
1275 4221 1379 4272 rictoria

290 4311 317 4358 ρ.
329 4299 356 4362 fl·
370 4298 427 4361 ortt]
446 4297 570 4360 Scythae.
857 4295 995 4360 Pubttique
1008 4297 1079 4347 Decii
1091 4295 1228 4362 praeclara
1248 4309 1321 4348 mors
1337 4309 1381 4346 ee-
