3002 4974
290 366 352 430 328
678 366 805 415 nonaru
825 365 994 415 cnnmnuu

456 525 565 589 Penne
588 493 733 588 liilormis
755 542 816 608 per
838 519 1000 607 liquidum
1021 518 1153 585 aethera

499 647 609 720 Vates,
634 664 741 731 neque
765 642 796 707 in
819 641 915 708 terris
938 639 1091 707 morabor

544 766 701 853 Longius,
726 764 913 852 invidiaque
935 763 1038 830 maior

466 926 569 995 Urbes
591 925 780 1014 relinquam.
824 925 894 989 Non
916 944 994 1011 ego,
1019 943 1201 1010 pauperum
1358 927 1378 988 5

355 1099 379 1147 2.
399 1099 482 1147 Ρῑνινισ
493 1098 522 1148 Β.
539 1125 565 1132 -
585 1097 609 1147 3.
628 1103 699 1146 torro
715 1095 776 1157 Sed,
789 1090 892 1158 βκνξχ.
912 1093 976 1158 (non
988 1092 1048 1144 BbT
1066 1107 1117 1144 nec
1133 1097 1200 1146 Pott.
1220 1096 1300 1159 coto.)
1315 1121 1343 1132 -

322 1171 345 1220 6.
365 1172 389 1221 i.
408 1185 482 1234 quen
496 1177 600 1234 uocant,
618 1172 713 1222 Dilcctc
730 1171 864 1220 Maecenas
881 1167 990 1219 Bentleii
1010 1169 1134 1233 suspicio.

290 1333 352 1371 cum
364 1319 532 1372 Scholasticis
547 1319 679 1372 nonnullis
690 1333 740 1385 pro
752 1319 815 1371 sub-
884 1319 909 1368 2.
928 1317 1053 1383 discernis]
1073 1319 1153 1378 «Quis
1164 1331 1284 1383 unquam
1295 1333 1376 1370 sanae

289 1396 378 1446 diticio
396 1395 514 1446 habehit.
540 1397 577 1447 ci.
598 1396 701 1446 Steiner
718 1396 812 1447 Cmnm.
853 1393 949 1443 mentis
960 1394 1049 1456 poete,
1062 1391 1108 1442 ubi
1119 1407 1178 1444 rem
1191 1396 1262 1446 serio
1273 1394 1375 1458 agebat,

289 1472 350 1521 Hor.
370 1473 446 1535 Spec⁴
466 1472 497 1520 ll.
519 1484 546 1536 p.
570 1471 610 1521 li.
637 1497 664 1506 -
688 1471 815 1520 Ceterum
853 1469 964 1517 monstri
981 1468 1095 1518 lormam
1115 1467 1202 1518 induit
1218 1471 1259 1528 et,
1286 1472 1314 1519 ut
1328 1483 1378 1534 per

290 1547 344 1597 iam
365 1545 438 1610 apud
455 1547 571 1596 Graecos
593 1546 645 1596 hoc
663 1545 815 1596 mutationis
853 1547 946 1594 aerem
958 1541 1072 1603 volaret,
1091 1543 1210 1594 humano
1227 1545 1305 1608 capiti
1322 1542 1377 1595 col-

289 1623 315 1670 in
333 1633 449 1684 cycnum
466 1615 627 1685 φάντασμα
645 1622 764 1684 reperire
783 1619 815 1670 li·
853 1616 908 1668 lum
937 1619 1015 1680 cycni
1052 1617 1171 1668 adiunxit
1208 1631 1374 1682 cyaneasque

290 1696 342 1744 oet.
362 1695 450 1759 Eurip.
470 1696 574 1758 Fragm.
593 1697 686 1746 insert.
701 1695 757 1745 ⁴02.
771 1695 813 1745 D.:
853 1692 958 1756 corpori
975 1704 1078 1756 pennos
1090 1690 1214 1743 induxit?
1230 1695 1301 1743 Num
1312 1694 1376 1743 haec

290 1764 422 1839 Χρύσεαι
446 1767 483 1834 δή
511 1784 563 1835 μοι
589 1771 724 1841 πτέρυγες
752 1770 816 1840 περὶ
853 1765 1005 1829 prodigiosa
1030 1766 1118 1830 imago
1143 1765 1233 1817 differt
1258 1767 1293 1818 ab
1323 1766 1374 1825 illa,

291 1839 372 1910 νώτῳ
395 1843 452 1894 Καὶ
473 1839 509 1893 τὰ
531 1842 676 1915 Σειρήνων
698 1841 817 1916 ἐρόεντα
854 1853 935 1904 quam
952 1841 1075 1891 Horatius
1098 1841 1125 1894 iu
1141 1843 1205 1892 Arte
1230 1843 1295 1892 risui
1313 1843 1375 1893 ami-

293 1915 393 1968 πέδιλα
406 1913 577 1990 Ἀρμόζεται·
595 1916 733 1984 Βάσομαι
751 1922 774 1969 τ’
787 1918 817 1983 ἐς
855 1927 948 1965 corum
960 1915 1082 1978 exposuit
1089 1917 1118 1964 i»
1130 1917 1307 1966 Ercasrsnrus.
1326 1917 1375 1966 Vo-

293 1993 398 2064 αἰθέρα
409 1989 500 2045 πολὺν
509 1990 639 2066 Ἀερθείς,
652 1996 721 2062 Ζηνὶ
731 2009 819 2067 προσ-
854 2003 915 2040 runi
932 1990 1042 2040 minime
1054 1990 1226 2054 cogitandum
1243 1990 1278 2042 de
1296 1992 1375 2042 iorma

291 2063 392 2134 μιξων.
427 2069 505 2134 Apud
522 2071 654 2135 aristoph,
675 2073 723 2122 Av,
743 2071 815 2122 4373,
855 2077 888 2114 ex
904 2065 1022 2115 humane
1039 2066 1067 2115 et
1082 2077 1185 2128 cycnea
1201 2065 1377 2130 prodigialiter

294 2144 413 2194 Cinesias
443 2147 535 2207 pocta:
566 2139 754 2212 Ἀναπέτομαι
780 2142 817 2212 δὴ
855 2140 1013 2201 commixta,
1053 2137 1205 2204 cademque
1233 2153 1250 2190 a
1278 2143 1374 2206 pictore

295 2213 367 2290 πρὸς
381 2211 529 2284 Ὄλυμπον
552 2217 722 2293 πτερύγεσσι
746 2219 818 2273 κού.
854 2214 991 2276 lmitaiida;
1018 2215 1067 2266 sed
1085 2218 1218 2280 elpodlue
1235 2217 1376 2269 etleotcris

293 2309 374 2355 φαις.
398 2320 426 2330 -
452 2296 564 2345 Pausan,
584 2298 611 2358 i,
636 2299 681 2359 aa,
706 2299 734 2348 7:
761 2290 817 2364 ἔπη
855 2301 919 2339 eum
942 2293 1016 2340 recto
1042 2290 1211 2354 intelligentis
1232 2293 1376 2360 φαντασίᾳ

295 2368 373 2430 (quae
399 2369 567 2420 Onomaorito
593 2370 691 2434 tribuit)
718 2371 749 2422 ἐν
774 2367 818 2434 οἷς
855 2361 1051 2415 Obversabatur
1074 2378 1177 2428 0l01¹l¹⁵
1201 2379 1252 2430 9⁸¹¹
1277 2367 1376 2418 caelum

294 2441 497 2494 ἐπιπτέσθαι
514 2444 665 2496 Μουσαῖον
685 2440 742 2497 ὑπὸ
760 2447 818 2497 130.
855 2437 902 2490 ulis
919 2437 1001 2502 lutus,
1020 2441 1067 2503 qui
1084 2442 1174 2490 temen
1191 2442 1266 2492 idem
1277 2442 1376 2492 diuinus

292 2517 361 2588 psov
378 2514 479 2588 δῶρον.
499 2519 551 2569 cn.
565 2517 819 2573 nomeriuzoaca
855 2515 983 2564 manserit
1006 2517 1094 2578 poeu.
1129 2516 1242 2566 omnino
1267 2515 1376 2578 κοῦφον

293 2607 341 2643 σιν
359 2605 392 2642 ex
409 2606 503 2643 museo
515 2594 706 2648 Herculanensi
722 2599 749 2648 in
761 2597 818 2648 Hil-
854 2586 956 2658 χρῆμα
973 2585 1096 2656 ποιητής
1112 2587 1175 2641 ἐστι
1197 2591 1247 2641 καὶ
1273 2586 1376 2656 πτηνὸν

293 2665 381 2730 liugan
398 2669 509 2718 Monam.
528 2670 559 2718 ll.
579 2670 607 2720 T.
627 2670 666 2720 43.
686 2674 713 2722 et
728 2672 818 2735 inghi-
854 2663 904 2713 ml
922 2658 1008 2735 ἱερόν·
1044 2664 1109 2716 Plil·
1135 2666 1162 2716 in
1187 2667 1250 2717 lone
1275 2680 1303 2731 p.
1322 2665 1374 2717 53l·

294 2743 362 2792 rami
380 2741 445 2792 Gall.
459 2744 513 2792 dm.
532 2744 575 2793 111.
593 2757 620 2808 p.
640 2746 680 2796 td.
701 2773 728 2782 -
742 2748 819 2797 Tem.
854 2739 884 2789 B.
909 2737 982 2803 (Hire
994 2741 1107 2805 dismanta
1117 2741 1283 2805 explicarunt
1294 2741 1373 2793 Soloi.

293 2829 345 2880 pus
362 2818 462 2877 autem,
481 2830 534 2880 quo
552 2818 604 2868 hoc
621 2833 818 2872 oarmcncom·
856 2815 884 2863 el
908 2815 1068 2867 Lambissuflt
1106 2820 1197 2868 «uates
1229 2816 1329 2880 llffl'sslss
1351 2818 1375 2866 el

294 2892 411 2955 positum
436 2892 484 2954 sit,
512 2890 582 2942 nullo
608 2895 688 2945 modo
714 2895 819 2947 deliniri
856 2889 1014 2953 mirleus-‘l
1043 2917 1071 2926 -
1100 2891 1235 2957 litum]
1263 2891 1374 2943 “Glflfflm

294 2967 391 3031 potest.
410 2964 532 3016 Nonnulli
544 2967 662 3018 referunt
673 2969 708 3020 ad
724 2983 817 3024 a.u.c.
856 2977 888 3013 ³0
912 2962 1057 3016 lucidum-¹³
1092 2965 1163 3029 vird·
1191 2968 1238 3016 Ge·
1267 2965 1372 3028 ⁴14⁰*st

293 3041 363 3102 7³5„
381 3039 556 3092 Walckenaer
573 3042 607 3092 ad
624 3057 648 3094 a.
665 3044 721 3096 iat.
742 3047 821 3097 «Por-
855 3037 967 3100 didimi
999 3039 1094 3099 llllsslM
1126 3040 1239 3090 ⁸¹⁴le
1267 3043 1294 3092 lit
1321 3042 1375 3090 tim

294 3117 736 3183 tentosumveroestPeerlkampii
748 3134 820 3172 com·
855 3114 940 3164 Nim-
974 3113 1098 3164 Similiter
1117 3115 1189 3179 apud
1210 3115 1375 3167 Parffienlum

295 3193 425 3252 mentum,
438 3190 562 3244 ultimum
574 3193 624 3244 hoc
636 3207 697 3244 esse
709 3208 820 3246 carmen
857 3190 884 3238 Ἡ
900 3202 905 3236 ²
933 3183 951 3237 ὁ
974 3183 1028 3256 τὴν
1043 3188 1161 3250 Λέσβου
1184 3193 1279 3242 κτίσιν
1296 3186 1376 3254 ποιή-

295 3265 384 3331 poullo
412 3267 473 3316 ante
501 3266 536 3316 ab
562 3268 668 3318 Horatio
690 3270 819 3334 scriptum
857 3277 921 3326 σας·
949 3261 1057 3314 ιιπολλὰ
1081 3262 1104 3314 δ’
1129 3264 1160 3329 ἐς
1185 3260 1277 3337 ὑγρὴν
1299 3259 1376 3336 Ἧέρα

296 3355 378 3405 quam
395 3343 511 3392 mortem
524 3341 574 3392 sibl
592 3343 648 3405 ipse
661 3345 821 3395 consciverit
856 3343 956 3410 χεῖρας
972 3331 1103 3390 inim·

295 3429 412 3478 ueneno,
435 3417 497 3480 quia
514 3418 659 3468 Maecenati
676 3419 728 3469 iam
746 3432 821 3470 mor·
889 3412 915 3464 l.
932 3415 1078 3476 invidiaque
1092 3415 1189 3481 νησίον]
1208 3416 1307 3466 «Cuius
1324 3413 1377 3478 glo-

296 3493 342 3541 iuo
364 3504 506 3555 superesse
527 3489 609 3541 nollet
629 3505 680 3542 neo
700 3496 819 3557 posset.»
856 3489 895 3538 ria
912 3491 1022 3554 superat
1038 3491 1190 3540 invidiam.»
1209 3491 1302 3540 Scuou.
1321 3487 1377 3540 Cal·

296 3566 488 3616 Drmnuuunoun
497 3569 525 3615 et
534 3566 640 3616 anns.
655 3568 720 3617 Huic
730 3572 819 3618 autem
857 3561 963 3614 llmflch.
982 3565 1030 3629 Ep.
1044 3566 1089 3616 22:
1109 3559 1127 3615 d
1143 3562 1165 3613 δ’
1177 3557 1275 3630 deicae
1286 3565 1377 3635 κρεισ-

296 3633 409 3711 ᾧδαριῳ
422 3640 591 3704 quorundam
603 3642 721 3693 innititur
731 3644 819 3707 opinio
857 3653 933 3688 σονα
947 3637 1119 3706 βασκανίης.

296 3716 414 3780 primum
431 3714 499 3766 duos
516 3714 654 3766 dumtaxat
670 3715 752 3768 libros
766 3719 821 3768 edi·
889 3717 914 3765 t.
943 3715 1026 3780 Urbes]
1046 3716 1077 3765 H.
1105 3714 1123 3765 l.
1150 3719 1234 3766 tarrac
1259 3717 1288 3765 et
1310 3715 1378 3765 uria

297 3795 339 3841 tos
356 3803 427 3852 esse,
446 3789 543 3840 deinde
557 3792 716 3842 Maecenatis
727 3795 819 3855 rogatu
857 3793 1054 3854 componuntur
1074 3791 1104 3840 ut
1128 3789 1176 3840 Od.
1195 3789 1224 3851 3,
1243 3788 1272 3850 i,
1292 3789 1332 3841 to.
1351 3815 1375 3826 -

297 3865 405 3915 tertium
433 3863 575 3914 adiectum.
620 3865 673 3916 Cir,
699 3865 821 3917 vander·
855 3865 1012 3929 ρσνρσννπ]
1035 3865 1108 3915 Inest
1125 3865 1150 3913 in
1168 3863 1209 3914 his
1225 3857 1375 3924 ἀντίθεσις·

297 3939 383 4003 burgii
406 3938 580 3990 Scholiastam
601 3940 636 3991 ad
657 3940 704 3991 Od.
724 3943 754 4004 2,
779 3942 819 3992 ta.
859 3941 941 4003 «Ego,
961 3952 1043 4003 wem
1067 3937 1142 3990 multi
1166 3937 1291 3990 libertino
1307 3941 1376 4004 paim

297 4017 325 4064 et
342 4015 370 4074 3,
390 4016 413 4064 l.
859 4017 951 4066 natum
968 4017 1096 4079 carpunt,
1115 4015 1165 4065 etsi
1182 4027 1236 4064 non
1253 4027 1321 4078 nego
1336 4025 1375 4062 nis

332 4092 356 4139 t.
386 4092 442 4140 Non
467 4089 574 4153 usitato]
609 4091 691 4154 «quia
719 4093 821 4156 primus
859 4089 982 4141 libertino
999 4093 1075 4154 patre
1093 4091 1185 4140 natum
1203 4103 1278 4149 cssa;
1300 4097 1374 4152 quern

297 4165 521 4229 Hocnoncctldiccn
532 4165 629 4226 inruat
645 4191 671 4202 -
686 4165 820 4230 nectendi]
860 4169 886 4214 tu
905 4167 994 4215 tamon
1013 4163 1183 4214 nihilominus
1199 4165 1244 4213 tua
1268 4160 1373 4212 amicitia

299 4239 363 4290 used
380 4241 463 4291 densa
482 4253 513 4291 ao
531 4239 643 4290 valida.»
859 4239 984 4302 dignare,
997 4251 1135 4302 nunquam
1147 4240 1263 4290 mortem
1274 4233 1372 4287 obibo·
