3012 4978
499 488 558 536 Llli.
578 488 619 537 lV.
656 488 684 538 C.
704 489 768 537 Viti.

248 643 431 720 Graiorum,
457 663 564 731 neque
587 653 619 709 tu
643 645 785 731 pessima
807 665 977 710 munerum

246 753 872 842 Ffflmfflmmfflmwmm

248 887 336 964 Quas
359 896 414 951 aut
436 885 626 952 Parrhasius
648 885 778 972 protulit
800 897 854 952 aut
876 888 1013 974 Scopas,

251 1009 308 1075 Hie
332 1029 424 1084 saxo,
448 1006 579 1094 liquidis
602 1006 653 1074 ille
677 1007 840 1074 coloribus

249 1123 1061 1216 &mmmmmmmwefflwmn

248 1249 990 1326 mmmmnmmnnmmmumn

250 1376 311 1440 Res
335 1375 385 1438 est
408 1381 462 1437 aut
484 1371 609 1437 animus
632 1370 821 1438 deliciarum
843 1393 952 1460 egens.
1170 1376 1209 1440 to

187 1574 236 1622 Vv.
251 1573 275 1622 i.
288 1573 312 1622 8.
332 1570 484 1634 Knigbtley,
504 1569 649 1631 Hibernos,
668 1573 698 1620 ut
712 1582 840 1620 versuum
860 1570 1037 1634 persingulas
1054 1574 1177 1637 strophas

154 1647 356 1711 quaternarium
381 1653 524 1696 numerum
551 1645 721 1704 extunderet,
747 1644 903 1695 subditicios
928 1658 987 1696 csse
1013 1647 1111 1696 statuit.
1141 1647 1176 1710 (lu

154 1723 228 1773 idem
247 1721 338 1772 incidit
355 1721 467 1784 Martini
489 1747 515 1756 -
540 1721 563 1770 9.
583 1735 633 1770 non
645 1721 697 1782 tibi]
714 1732 759 1768 nec
776 1719 820 1768 tibi
837 1720 888 1780 ST,
913 1732 975 1770 cum
993 1718 1110 1772 Blandin.
1130 1737 1178 1772 an-

155 1798 260 1860 tiquiss.
281 1797 310 1858 C,
329 1794 376 1858 βκ,
395 1795 539 1846 Bentleius.
571 1796 692 1858 (lituos,
712 1794 805 1858 iibcd.)

120 1973 270 2026 afferendo.
293 1974 362 2036 virg.
381 1977 446 2024 Aen.
460 1974 488 2034 s,
508 1973 569 2024 359:
596 1973 650 2035 clp—
687 1973 751 2022 tiam
768 1973 794 2022 in
811 1971 894 2024 rebus
910 1975 1047 2025 bacchicis
1059 1979 1212 2039 exprimen—

118 2064 196 2113 pcum
208 2075 257 2108 --,
272 2049 438 2110 Didymaonis
452 2053 526 2098 artes.
546 2049 612 2113 Epp.
624 2046 647 2110 l,
687 2047 728 2098 dis
746 2047 972 2108 demonstratam,
998 2050 1094 2113 quoin
1112 2063 1211 2113 geuene

120 2127 151 2184 o,
172 2125 217 2174 tt:
236 2137 351 2174 emmor
367 2129 437 2174 nattis
448 2137 558 2186 ceraque
574 2128 597 2172 et
607 2137 650 2172 nr·
687 2120 862 2172 illustrissima
884 2127 942 2172 erat
962 2125 1020 2174 cius
1037 2121 1149 2188 Μαινάς
1166 2141 1213 2185 χι-

120 2203 157 2249 tes
181 2200 291 2262 Suspice.
329 2199 382 2250 Cic.
402 2198 436 2248 de
463 2200 541 2261 Legg.
561 2199 590 2260 Ξ,
617 2198 646 2246 2:
686 2193 878 2266 μαιροφόρος.
905 2197 998 2248 Miiller
1017 2199 1122 2248 Denlem.
1141 2201 1161 2248 l.
1180 2201 1210 2249 N.

120 2275 254 2336 acquisitis
264 2298 280 2309 -
290 2275 453 2336 antiquorum
470 2272 575 2322 ortibus
688 2270 745 2321 tio.
758 2298 786 2307 -
807 2272 908 2333 liquidis
918 2299 932 2308 -
943 2273 1075 2336 colonibus]
1093 2275 1128 2323 im
1145 2275 1212 2324 Far-

155 2349 213 2398 6-8.
223 2347 381 2410 Parrhasius]
392 2348 532 2411 Ephesius
543 2345 647 2410 olymp.
688 2346 799 2411 bmfltsss.
819 2345 928 2398 Gehlen.
954 2348 1129 2412 Opponuntur
1140 2361 1214 2399 mar·

121 2424 165 2473 95.
182 2423 251 2486 lanta
262 2424 323 2474 Chr.
341 2421 650 2484 decimumnonum
687 2422 755 2470 mori
771 2419 862 2485 liquidi
881 2420 997 2483 colores,
1022 2423 1056 2472 ita
1075 2425 1103 2472 ut
1123 2414 1214 2488 s'plen-

120 2498 203 2547 Zeuxi
222 2495 373 2546 nobilitatus
386 2498 435 2556 est,
452 2509 513 2545 eum
530 2496 573 2545 bic
589 2496 651 2560 pin·
688 2495 760 2545 doris
773 2509 880 2560 quoque
898 2497 958 2546 insit
974 2499 1055 2547 notio.
1072 2522 1100 2533 -
1122 2499 1215 2548 Sollers

118 2573 207 2623 xisset
232 2583 310 2631 uvas,
347 2583 400 2634 quo
428 2583 492 2620 aves
521 2570 650 2633 deceptae
687 2598 724 2608 --
732 2573 834 2636 ponere]
849 2573 964 2636 «peritus
976 2573 1068 2624 artilex
1080 2575 1106 2624 in
1115 2573 1215 2638 lingen-

120 2649 198 2705 sunt,
234 2642 276 2694 ille
306 2644 430 2704 linteum,
467 2657 521 2708 quo
551 2645 650 2694 Zeuxin
688 2645 749 2695 do.»
767 2649 825 2696 Ars.
846 2649 873 2696 P.
893 2647 938 2698 34:
957 2660 1051 2710 ponere
1068 2653 1146 2698 totum
1163 2650 1214 2698 Nc-

120 2723 212 2786 ipsum
224 2719 340 2784 decepit.
370 2719 428 2768 Tria
444 2719 500 2769 eius
513 2719 651 2782 Epigram-
687 2723 754 2770 sciet.
774 2721 848 2771 Ovid.
867 2723 897 2771 Α.
916 2723 946 2770 Α.
966 2721 993 2783 3,
1014 2721 1075 2772 iot:
1094 2723 1122 2772 Si
1136 2724 1213 2772 Vene-

120 2799 196 2848 mata
222 2795 378 2844 conservata
408 2795 470 2843 sunt
492 2794 519 2843 in
539 2793 648 2858 ‚Antbol
687 2809 742 2846 rein
753 2795 816 2845 Cosa
833 2808 963 2856 nunqnam
977 2797 1099 2857 posuisset
1108 2796 1210 2858 Apelles.

121 2869 178 2922 Pal.
191 2869 317 2933 inpiis
329 2881 385 2930 sq,
403 2869 429 2918 in
443 2880 558 2930 quorum
574 2869 651 2917 tertio
689 2868 812 2919 Similiter
824 2882 873 2918 nos
885 2869 1025 2920 durstellcn.
1045 2871 1138 2920 Omnia
1151 2883 1214 2920 con-

121 2944 299 2997 memorabile
309 2943 372 2994 illud
382 2944 497 2994 dictum:
509 2943 587 3008 φημὶ
595 2938 650 3012 γὰρ
689 2945 848 3016 structionis¹
863 2944 985 2994 adieetivi
1009 2957 1071 2994 cum
1088 2945 1215 2994 infinitivo

120 3015 180 3087 ἤδη
216 3020 325 3084 Τέχνης
353 3012 496 3088 εὑρῆσθαι
523 3019 651 3088 τέρματα
690 3016 811 3081 exempla
828 3017 968 3068 Horatiana
987 3019 1059 3069 adh.
1080 3018 1095 3068 l.
1110 3017 1216 3082 collegit

120 3092 212 3160 τῆσδε
221 3091 304 3159 σαφῆ
316 3093 348 3142 X
347 3090 423 3164 ειρὸς
436 3087 486 3154 ὑφ’
499 3087 649 3163 ἡμετέρης.
690 3091 844 3144 Lambinus.

123 3169 280 3232 -protulid
295 3169 340 3218 nul
351 3169 473 3218 inventor
484 3167 583 3230 linxit»,
597 3181 651 3218 non
722 3167 746 3217 9.
772 3169 812 3217 iil.
838 3169 884 3230 cis]
913 3166 1039 3218 «facultas
1062 3169 1089 3218 et
1110 3169 1213 3233 copia.»

121 3257 189 3296 oum
206 3244 276 3296 aliis:
304 3243 484 3309 «spectandas
503 3244 651 3307 exposuit.»
691 3268 719 3279 -
736 3258 787 3293 non
811 3243 863 3305 tibi]
889 3257 939 3293 non
962 3245 1023 3307 apte
1045 3243 1078 3292 ad
1105 3245 1216 3293 senten-

120 3317 218 3371 Tibull.
247 3320 275 3379 l,
304 3317 349 3379 td,
372 3319 400 3367 t:
437 3319 497 3380 Quis
519 3318 569 3380 fnit
592 3319 652 3369 lior-
690 3317 754 3368 tiam
763 3317 1215 3370 concitationemredditorntionem

119 3396 215 3446 rendos
232 3395 275 3456 qni
288 3393 388 3456 primns
405 3393 609 3457 protulitenscs?
622 3421 650 3430 —
690 3405 771 3456 quam
788 3405 845 3454 nee,
873 3395 899 3442 in
917 3393 990 3456 quod
1009 3392 1074 3444 illud
1091 3393 1214 3444 facillime

121 3467 236 3532 Scopas}
258 3468 368 3529 Parius,
388 3465 493 3532 olymp.
514 3468 555 3524 87.
585 3466 649 3518 Pliu.
690 3467 786 3516 mutari
811 3468 908 3530 potuit,
943 3480 995 3517 non
1024 3469 1123 3518 contra.
1160 3467 1212 3518 Clr.

121 3545 169 3605 36,
195 3545 224 3592 n:
253 3543 311 3606 fecit
337 3543 454 3592 Vmorem
476 3548 500 3592 et
520 3543 614 3593 Potltcn
630 3549 654 3593 et
690 3539 1169 3601 0d.t,9‚49.‚ubieademvnrietes.
1185 3567 1211 3578 -

120 3617 311 3678 massionem,
339 3617 383 3678 qui
408 3618 572 3667 Smnotlroee
591 3631 653 3666 scn-
688 3615 747 3677 lies]
774 3614 918 3666 familiaris.
955 3617 1043 3667 «Cum
1069 3619 1124 3667 tute
1150 3619 1215 3668 sotis

121 3691 239 3743 ctisstmis
259 3692 419 3740 caerimoniis
439 3693 568 3754 coluntur,
595 3693 653 3743 itan
688 3689 807 3754 locuples
825 3691 874 3750 sis,
902 3704 970 3755 opus
988 3705 1040 3742 non
1060 3691 1159 3754 habes,
1186 3695 1216 3742 ut

121 3766 263 3828 Apollinea
281 3766 437 3826 Palatium,
466 3767 653 3818 citharoedum
689 3767 749 3830 quis
774 3764 835 3814 talia
852 3765 900 3815 tibi
917 3765 1014 3829 donet,
1039 3780 1127 3830 neque
1150 3780 1214 3818 vero

124 3839 228 3905 (Miiller
243 3839 348 3890 Denlsm.
367 3842 387 3890 l.
401 3843 432 3890 N.
448 3839 524 3904 tit),
542 3843 653 3905 propter
689 3842 765 3891 nimis
782 3840 896 3904 cupidus
913 3855 943 3892 es
961 3841 1091 3891 eiusmodi
1112 3843 1215 3892 delicio

123 3929 209 3980 quem
226 3915 319 3965 artilex
336 3917 414 3965 notus
428 3916 553 3966 Romanis
565 3917 652 3966 omni·
689 3929 772 3976 mm»,
796 3915 1026 3979 quemadmodum
1043 3917 1152 3966 Romani
1170 3929 1215 3967 se-

123 3991 177 4040 bus
196 4003 256 4040 esse
274 3989 401 4040 debebat.
431 3991 493 4041 Eius
505 3991 652 4042 Mercurius
689 3993 808 4042 veriores
821 3992 952 4042 artificum
962 3994 1127 4042 Graecorum
1138 4004 1216 4055 pree-

124 4064 297 4130 praedicatun
307 4066 334 4115 in
348 4065 427 4115 xntn.
441 4063 494 4115 Pal.
507 4067 538 4115 ll.
552 4080 578 4131 p.
593 4063 649 4116 osi:
691 4065 761 4116 clara
773 4079 854 4129 opera
866 4064 1047 4116 nominabant.
1067 4066 1122 4115 Cic.
1136 4066 1212 4114 verr.

120 4131 163 4189 Ὦ.
184 4135 289 4204 λῷστε,
315 4135 358 4204 μὴ
384 4135 482 4205 νόμιζε
505 4136 561 4189 τῶν
581 4138 652 4190 noii-
689 4141 785 4191 Aecus·
799 4139 827 4200 l,
847 4140 891 4190 23:
911 4141 953 4190 Sic
963 4141 1094 4190 Haluntini
1104 4139 1215 4188 mansis

125 4211 184 4264 λῶν
196 4208 246 4264 ivn
254 4209 363 4286 Ἑρμᾶν
373 4215 503 4286 θεωρεῖν·
521 4215 580 4280 sipi
596 4210 651 4285 γὰρ
689 4215 782 4266 deliciis
808 4217 942 4277 [vasorum
965 4213 1135 4276 ornamentis)
1158 4227 1215 4262 oum

125 4290 233 4350 τέχνα
245 4287 355 4340 Σκόπα,
375 4293 488 4342 Maxime
500 4291 652 4342 celebratus
689 4295 866 4355 erpentopuro
875 4291 1147 4340 dommnreuerterunt.
1158 4285 1216 4350 (sol-

127 4369 168 4415 est
190 4369 299 4430 propter
322 4367 503 4418 inventionem
526 4379 558 4417 ac
580 4368 654 4431 peni-
689 4366 778 4418 ctorlti
793 4365 950 4416 detliotlscit
967 4365 1052 4426 Voss.)

213 4459 305 4504 iionxn.
323 4470 377 4504 vox..
395 4459 410 4506 Ι.
445 4471 483 4505 nn.
501 4469 579 4506 ittioti
593 4459 628 4505 iii.
1015 4457 1043 4501 ³7
