2998 4980
344 461 349 472 ⁴
453 455 512 504 tlh.
531 456 550 504 lt
588 455 616 504 C.
635 454 722 504 xvln.

80 608 140 676 Sub
161 609 274 676 divum
296 610 431 698 rapiam.
476 611 582 676 Saeva
604 619 678 676 tene
701 629 775 675 cum
796 609 989 698 Berecyntio

81 733 181 798 Cornu
205 742 373 822 tympana,
398 751 484 819 quae
507 731 717 820 subsequitur
739 751 857 798 caecus
878 731 976 796 Amor
998 731 1056 809 sui,

79 855 112 918 lit
131 853 247 921 tollens
269 875 410 921 vacuum
431 852 504 941 plus
526 853 625 919 nimio
649 851 756 920 Gloria
778 851 947 930 verticem,
1119 853 1159 918 t5

138 1071 177 1122 43.
197 1073 268 1122 diurn
285 1071 440 1122 Glareanus.
462 1097 488 1106 —
506 1069 565 1119 botta
580 1069 679 1131 cynthio
690 1069 718 1118 Τ.
740 1095 767 1104 -
781 1069 820 1118 tt.
833 1068 961 1118 Extollstta
971 1070 1038 1118 nott.
1052 1072 1128 1131 quat-

107 1148 181 1206 tuor,
203 1147 322 1198 Attollens
343 1147 410 1195 Pott.
429 1145 457 1206 l,
482 1145 512 1204 9,
536 1143 681 1194 Glareanus
704 1145 731 1192 et
757 1143 972 1207 Cuninghamius.
1000 1142 1127 1208 (noctem

106 1232 158 1270 uno
176 1223 271 1272 tenore
288 1221 327 1284 T.)

80 1411 132 1476 logo
155 1419 255 1467 conatu
279 1429 376 1466 arcana
405 1417 450 1466 tua
478 1417 504 1466 in
529 1416 601 1466 cistis
638 1413 775 1474 eiciamus,
806 1427 875 1478 quos
897 1415 986 1466 statim
1011 1419 1159 1473 enumerat,

81 1491 193 1552 mysticis
212 1494 330 1556 reposita
347 1495 374 1541 et
394 1491 475 1540 nortis
495 1488 601 1554 (ποικι-
637 1487 809 1550 φιλαυτίαν,
842 1489 968 1552 qloticm,
1001 1491 1160 1554 iactantiam,

82 1560 145 1628 λοις)
184 1568 272 1618 omnis
309 1567 415 1630 generis
452 1565 599 1626 frondibus,
638 1558 800 1613 ἀπιστίαν.»
816 1591 843 1600 -
865 1564 1017 1628 nascentia]
1039 1567 1059 1614 Α
1079 1567 1162 1615 Bere-

84 1641 208 1704 pampinis
237 1643 353 1692 maxime
382 1643 462 1704 atquo
490 1638 599 1699 hedera,
639 1643 730 1703 cynto,
748 1639 995 1702 Phrygiaemonte‚
1014 1639 1060 1688 ubi
1075 1639 1164 1702 Cybe-

86 1711 208 1776 bvoluta,
229 1729 261 1766 ex
279 1717 310 1766 iis
327 1727 450 1780 promam
467 1718 495 1764 et
510 1713 554 1764 urb
565 1715 602 1763 di-
638 1713 677 1764 les
692 1727 768 1764 sacra
786 1713 882 1764 eodem
902 1726 956 1776 quo
973 1715 1069 1766 Bacchi
1090 1717 1163 1778 orgia

85 1799 147 1849 tun,
175 1789 282 1840 caelum
305 1792 443 1854 apertum,
466 1791 492 1840 in
512 1789 602 1853 prola·
638 1789 728 1839 lurore
746 1790 835 1852 peragi
854 1787 984 1840 solebant.
1018 1791 1120 1840 Coruus
1137 1793 1163 1842 in

85 1872 169 1914 norum
195 1866 278 1916 etiam
302 1865 479 1928 conspectum
501 1865 603 1928 protra-
638 1862 846 1914 Bacchanalibus
871 1863 953 1913 habet
972 1865 1051 1915 etiam
1069 1865 1162 1916 Catull.

85 1933 171 1999 bamn;
191 1939 264 2002 quod
281 1940 307 1989 in
325 1940 404 2003 orgiis
419 1952 450 1988 ac
467 1937 602 2002 mysteriis
638 1937 656 1988 l.
675 1937 692 1987 l.
710 1951 737 1987 v.
754 1938 816 1988 263:
834 1939 920 1988 Multis
934 1941 1081 1990 ronchonus
1094 1941 1164 2006 effic-

85 2009 244 2064 oelebrandis
260 2012 418 2078 inexpiabile
436 2011 601 2074 eratscelus‚
639 2013 699 2062 horst
718 2027 814 2062 amnuo
830 2011 944 2072 bombos;
969 2027 1023 2077 quo
1046 2029 1078 2064 cx
1103 2015 1164 2065 loco

85 2085 109 2132 ut
129 2089 240 2138 Penthei
266 2089 337 2152 apud
356 2089 468 2139 Theocr.
491 2089 531 2148 26,
556 2087 601 2136 ts:
639 2089 683 2137 hic
698 2099 806 2150 quoquo
823 2101 903 2136 cornu
919 2087 1009 2138 malim
1033 2088 1163 2154 explicare

86 2154 132 2208 orio
147 2163 170 2210 τ’
197 2159 318 2234 ἐτάραξε
340 2158 501 2228 μανιώδεος
519 2155 603 2232 ὄργια
639 2162 787 2220 Blaschora,
815 2175 896 2226 quam
910 2175 972 2212 cum
988 2162 1044 2213 aliis
1062 2164 1096 2214 de
1116 2179 1163 2214 κι-

86 2229 204 2295 Βάκχον.
230 2237 323 2288 Catull.
343 2237 454 2302 Epithal.
473 2239 501 2288 P.
515 2239 600 2288 etTh.
640 2231 780 2308 ρασφόρῳ
797 2229 891 2302 αὐλῷ,
910 2236 972 2286 tibia
988 2239 1101 2300 Phrygia
1116 2253 1165 2303 ag-

85 2307 140 2359 259:
161 2313 225 2362 Pars
238 2312 345 2361 obsura
364 2313 433 2362 ccum
448 2312 604 2363 celebrabant
640 2310 767 2373 glutinato
785 2324 869 2360 cornu
883 2311 916 2360 ad
933 2324 1030 2362 sonum
1050 2327 1164 2378 exaspe-

86 2385 153 2446 0r9ic
165 2387 241 2448 cistis,
258 2387 346 2450 Orqio,
365 2401 429 2450 quoe
441 2388 540 2451 fnestra
558 2401 604 2437 cu-
641 2385 765 2436 randum.
800 2386 906 2435 Luciau.
934 2385 999 2436 Dial.
1019 2388 1098 2437 Deor.
1118 2391 1162 2438 ta:

87 2459 152 2517 munt
165 2463 253 2512 audire
265 2462 377 2525 prosunt,
413 2463 503 2526 imago
521 2463 603 2514 cistae
641 2451 657 2508 ὁ
674 2456 705 2510 δὲ
722 2453 806 2510 αὐλεῖ
819 2457 859 2526 τῷ
875 2460 982 2530 κέρατι.
1004 2461 1080 2511 Ouid.
1094 2463 1161 2514 Fast.

89 2532 223 2586 Bacchicae
247 2537 377 2600 frondibus
397 2537 490 2588 obtime
509 2542 550 2589 est
575 2540 603 2588 in
641 2533 665 2594 l,
678 2535 1165 2598 l8l:ProlinusinttczoBerceuntiati-

88 2607 162 2660 llusel
185 2610 328 2661 Borbonici
349 2609 407 2661 Vol.
429 2612 483 2662 Vll.
504 2613 533 2663 T.
560 2614 601 2664 36.
640 2609 767 2659 Ιιίαιοηιιι
775 2611 863 2660 muto.
877 2611 939 2660 hist.
950 2610 974 2669 3,
986 2611 1047 2661 533:
1066 2613 1164 2663 αάιιιιιο

88 2681 165 2735 Plenus
186 2687 321 2750 formidine
341 2686 416 2736 cistas
438 2686 504 2738 tales
525 2692 605 2739 vocat
640 2683 700 2734 titio
724 2697 811 2734 cornu.
847 2684 898 2734 Sed
922 2685 1045 2736 Horatius
1067 2687 1111 2736 vix
1132 2689 1165 2738 ti-

89 2754 165 2810 l'aler.
184 2759 268 2810 Flacc.
286 2761 312 2821 2,
330 2761 387 2811 267.
412 2762 502 2812 luerat
518 2763 544 2812 in
562 2764 603 2814 his
640 2759 713 2808 biam
745 2757 900 2824 simpliciter
927 2773 1006 2809 cornu
1030 2766 1162 2823 vocasset,

90 2835 222 2898 praecipue
239 2830 371 2904 δράκων,
390 2829 488 2905 ὄργιον
504 2833 605 2888 Διονύ·
639 2836 670 2883 ut
686 2833 748 2882 fecit
764 2847 828 2884 sanc
844 2833 974 2884 luvenalis
987 2836 1011 2895 ἲ,
1027 2835 1071 2884 90:
1090 2838 1166 2900 yenit

91 2917 137 2957 σου
152 2903 467 2980 Βασσάρου--ῥοιαὶ-
478 2913 528 2960 καὶ
543 2909 603 2977 μή.
639 2909 678 2958 hic
694 2907 797 2958 tibicina
812 2921 898 2957 corum

90 2993 168 3046 κωνες
183 2982 243 3033 κτλ.
280 2983 403 3036 Clemens
419 2985 493 3036 Alex.
516 2989 601 3038 Protr.
673 2985 713 3032 ts.
740 2982 856 3046 omnum]
885 2985 979 3046 «caput
1003 2985 1090 3044 inane,
1117 2999 1165 3034 va-

91 3063 113 3114 li.
130 3058 165 3108 ⁴9.
180 3060 249 3109 Item
265 3055 377 3121 φάλλος
393 3059 504 3112 velatus.
523 3061 603 3114 Millin
641 3071 731 3124 num.»
761 3057 888 3119 Loquitur
905 3071 968 3118 ergo
983 3057 1017 3106 de
1035 3071 1101 3108 vana
1118 3061 1166 3109 ho·

92 3127 138 3180 Gal.
154 3133 232 3194 Mun.
254 3131 295 3194 ot,
314 3133 371 3184 243.
640 3131 744 3181 minum
752 3129 900 3193 volgarium
909 3131 1040 3190 iactantia,
1054 3133 1098 3196 qui
1110 3132 1166 3182 tru-

118 3205 152 3256 tt.
169 3207 220 3257 Sub
235 3207 328 3272 dicuin]
346 3205 528 3260 illumilium.
551 3211 602 3261 sed
641 3207 695 3255 stra
721 3206 755 3255 de
789 3205 843 3255 suis
873 3205 975 3254 meritis
1006 3203 1164 3268 gloriantur;

93 3277 159 3332 etiam
183 3282 210 3332 in
237 3283 292 3332 Cic.
321 3281 397 3332 Verr.
419 3287 482 3334 hcc.
507 3287 531 3346 t,
562 3287 602 3336 ts,
643 3280 790 3340 «otiosum,
829 3279 875 3342 qui
909 3276 1047 3329 nullodum
1073 3279 1166 3332 laboro

92 3350 215 3419 Zumptius
249 3369 312 3407 cum
342 3357 426 3408 Codd,
455 3359 603 3422 antiquiore
640 3354 752 3418 gloriam
778 3355 892 3404 meruit»
922 3353 1089 3417 [Doederlein
1112 3357 1167 3406 He-

93 3429 340 3492 inipturaaubdioo,
360 3430 511 3494 abradote,
531 3435 604 3498 quod
640 3433 699 3494 pias
723 3430 754 3479 N.
774 3431 813 3479 ts.
836 3442 862 3492 p.
884 3427 928 3490 bl,
952 3429 1100 3491 significare
1123 3431 1165 3480 vir

93 3504 202 3561 praetulit
223 3508 347 3556 Garaton.
371 3533 398 3542 -
425 3507 516 3572 Saeva]
539 3522 605 3573 pro·
640 3505 742 3568 potest:
769 3517 831 3554 nam
849 3504 921 3567 quod
947 3506 1109 3556 contrarium
1126 3506 1168 3554 ui·

93 3579 141 3635 pter
155 3579 301 3630 terribilem
319 3593 424 3632 sonum.
447 3581 518 3645 virg.
536 3586 602 3633 Aen.
642 3579 721 3629 detur
744 3579 815 3643 apud
836 3579 910 3629 Ovid.
936 3579 1010 3629 Pont.
1033 3581 1057 3640 t,
1078 3581 1102 3642 7,
1121 3582 1166 3630 77:

94 3647 113 3710 9,
130 3653 187 3704 tis:
217 3669 295 3704 socna
318 3655 448 3706 sonoribus
471 3670 555 3706 amru.
575 3685 603 3694 -
642 3655 770 3704 Smtineas
783 3659 811 3704 ut
824 3668 904 3715 antu,
930 3655 1058 3704 nitendum
1076 3656 1168 3705 vertice

94 3726 143 3791 teuc]
161 3730 255 3780 Nescio
273 3729 409 3792 quomodo
421 3731 532 3782 Vossius
546 3744 606 3780 ver-
638 3731 712 3791 pleno
729 3734 777 3790 ost,
790 3729 822 3780 At
836 3730 902 3793 ticoli
917 3742 1006 3779 uentos
1021 3730 1042 3778 si
1055 3731 1167 3790 patiare,

93 3799 275 3865 terepotuerit:
293 3803 390 3853 Hernmt
401 3805 604 3856 mindoniam!
642 3805 722 3866 cunct,
744 3804 771 3853 id
790 3805 889 3854 Horatii
911 3818 991 3853 nocuo
1012 3805 1100 3854 vertici
1116 3805 1168 3854 mi·

93 3871 509 3940 tonnuhmscyntischssllomund
522 3881 607 3930 Trom-
642 3881 713 3930 nime
748 3880 907 3943 opponitur,
943 3891 1006 3928 cum
1040 3879 1170 3940 significet

93 3949 220 4013 wlueroth
235 3953 312 4016 quasi
329 3951 435 4004 sodales
446 3951 604 4018 alloquatur.
645 3955 789 4004 averticem
824 3953 948 4004 omnihus
980 3953 1036 4002 suis
1067 3951 1169 4002 viribus

94 4020 133 4072 Est
148 4028 244 4088 potius:
263 4027 370 4078 «Sedtu
381 4040 499 4090 quoquc,
516 4029 605 4092 Liber,
644 4029 861 4088 contendentem,
881 4031 910 4076 ut
926 4037 993 4076 onus
1014 4027 1168 4077 sustineat.»

95 4099 196 4160 contine,
213 4101 319 4162 cohibe,
339 4105 458 4166 tempera
476 4103 607 4154 cornuum
647 4131 673 4140 -
688 4103 747 4166 plus
763 4103 848 4166 nimio]
866 4095 1019 4172 ὑπεράγαν.
1054 4101 1101 4150 Est
1118 4102 1170 4150 ium

96 4171 240 4236 strepitum»
262 4179 329 4236 cet,
351 4175 377 4226 id
395 4179 445 4236 est,
473 4177 545 4229 «noli
566 4180 607 4229 ni·
644 4178 716 4242 apud
741 4176 862 4227 Plautum
886 4177 936 4226 llil.
963 4175 1000 4226 Gl.
1020 4175 1045 4236 Ξ,
1068 4176 1092 4234 6,
1112 4174 1168 4223 too.

97 4245 138 4296 mis
153 4253 268 4301 montem
285 4253 403 4302 nostram
416 4254 558 4314 concitare,
573 4267 607 4304 ne
646 4253 741 4302 Bacch.
763 4253 791 4312 t,
816 4253 846 4312 i,
871 4249 911 4302 li.
937 4251 999 4300 Erat
1015 4251 1094 4300 etiam
1111 4261 1170 4298 ser-

98 4317 118 4366 in
133 4319 243 4376 furorem
263 4327 314 4376 acti
335 4340 382 4378 eos
399 4327 425 4376 in
444 4341 549 4378 errores
568 4328 608 4378 in·
624 4369 628 4385 .
647 4328 733 4378 rnonis
750 4326 881 4375 cotidiani
910 4325 1038 4374 Antonius
1060 4323 1093 4371 ad
1114 4323 1168 4374 Cio.
