2986 4974
514 440 574 491 Llll.
593 439 622 489 ll.
658 438 687 488 C.
706 437 759 487 Vll.

290 596 355 665 Sed
377 617 429 663 me
451 617 511 684 per
534 597 642 662 hostes
664 593 843 661 Mercurius
864 592 953 660 celer

292 721 402 786 Denso
424 727 596 806 paventem
618 715 747 782 sustulit
768 723 859 794 acre,

187 957 227 1007 is.
244 957 321 1007 iouis
335 956 402 1006 BST.

122 1200 150 1209 -
163 1170 284 1236 minaces]
302 1169 531 1233 qrdanimiscerti
546 1166 651 1218 luerent
687 1163 748 1218 ἐπεὶ
773 1165 825 1234 τῆς
850 1167 881 1218 ἐν
901 1159 1015 1234 Ἐφέσῳ
1038 1163 1210 1236 συγγνώμης

118 1247 259 1297 victumae.
294 1246 333 1295 De
357 1242 429 1294 voltu
452 1243 549 1294 minaci
569 1243 650 1292 etiem
687 1239 840 1305 ἐπύθοντο,
859 1243 950 1295 ἱκέται
966 1240 1135 1314 προσήισαν
1148 1243 1208 1294 κτλ.

119 1322 332 1387 prostratorum,
366 1321 396 1368 ut
430 1317 477 1368 luit
508 1315 648 1376 Catilinae,
687 1319 729 1370 Sic
751 1325 825 1382 torpe
844 1319 924 1370 solun
944 1331 1024 1370 suum
1042 1297 1133 1370 locum
1151 1321 1210 1370 tue-

118 1398 191 1447 haec
212 1394 299 1458 accipi
321 1393 467 1456 nequeunt.
498 1391 552 1442 Cir.
571 1390 606 1441 ad
622 1403 648 1440 v.
688 1395 743 1444 tur:
758 1396 862 1458 «turpe,
875 1394 1082 1458 ignominiosum
1093 1393 1212 1458 luitsup-

118 1485 179 1534 seq.
217 1471 256 1520 Da
274 1469 342 1518 vitiis
360 1467 582 1530 harumpartium
594 1465 648 1515 rid.
687 1467 801 1533 plicibus
826 1469 861 1518 ita
878 1470 960 1518 vitam
978 1467 1048 1518 dono
1072 1469 1209 1532 accipere;

120 1543 259 1597 Plutarchi
276 1545 348 1594 Brut.
368 1555 392 1592 c.
411 1542 499 1592 30-35.
687 1555 731 1592 me
756 1545 847 1592 contra
870 1542 931 1605 iuga
950 1542 1042 1606 (prope
1065 1542 1209 1604 honestior)

154 1619 198 1668 ta.
221 1619 301 1680 Taspa
317 1616 404 1681 solum]
422 1618 478 1666 Nec
493 1628 543 1680 pro
560 1613 651 1665 excla-
688 1617 829 1666 servavit.»
860 1616 941 1678 (Ouid.
960 1617 1037 1666 Triet.
1058 1617 1085 1676 l,
1110 1616 1139 1678 3,
1164 1615 1209 1665 9³:

119 1695 242 1745 matione
258 1706 285 1743 v.
304 1697 384 1755 nepe·
395 1692 433 1754 (ut
450 1694 491 1742 est
507 1693 534 1741 ln
551 1691 653 1754 lugien-
690 1689 1212 1753 thueressereoitfosdotieputoeretmpl

119 1773 163 1819 tas
183 1765 256 1832 apud
268 1765 311 1817 Sil.
324 1768 353 1826 2,
371 1766 434 1817 232:
452 1766 507 1816 Heu
516 1762 651 1829 &tenneli
688 1765 820 1828 ίτὶοῶντ.)
846 1794 873 1802 -
898 1765 981 1816 Allert
1002 1767 1071 1816 inter
1092 1763 1157 1815 allos
1178 1765 1210 1814 ll.

119 1856 174 1894 nec
191 1855 243 1906 pro
260 1840 389 1892 adverbio
406 1841 526 1903 turpiter,
551 1841 582 1889 ut
596 1837 652 1888 volt
689 1838 845 1906 Peerlkamp
862 1841 912 1891 hos
929 1840 1017 1891 locos:
1036 1837 1145 1892 llartlel.
1164 1840 1210 1900 ⁴0,

118 1917 301 1982 Porphyrion,
317 1915 514 1980 haberipotast.
533 1909 653 1966 lamvol-
689 1916 735 1976 Ἠ,
754 1917 782 1965 6:
801 1917 833 1964 lit
851 1916 1103 1980 semitoniusque
1116 1914 1213 1977 mppli·

119 1994 196 2058 garis
208 1992 391 2054 interpretatio
403 1990 471 2040 haee
482 1991 538 2040 est:
565 1985 652 2038 solum
688 2001 775 2050 coequo
790 1991 915 2041 Pictorum
931 1989 985 2042 solu
1006 1989 1100 2040 ὁοιὶστι
1114 2001 1211 2053 repsere.

119 2079 224 2118 cruore
242 2064 379 2115 foedatum
394 2065 496 2126 tettpore
511 2068 606 2123 mento,
625 2061 653 2112 id
690 2065 762 2114 Curi.
781 2065 810 2126 8,
829 2067 857 2116 5:
883 2066 1056 2116 Almanam
1070 2063 1214 2114 emorti-
1255 2101 1257 2106 ,

120 2143 182 2200 est,
208 2152 272 2190 cum
288 2139 515 2198 interficerentur,
539 2137 653 2188 humum
690 2139 735 2188 bru
749 2140 1033 2203 PorsisPotpsperclton,
1052 2141 1095 2202 poi
1108 2139 1215 2189 amatu

121 2230 173 2267 ore
209 2213 445 2264 momorderunt.»
492 2212 655 2276 comparant
690 2225 766 2276 suaper
789 2227 887 2278 repon,
913 2228 992 2264 unum
1018 2228 1051 2264 an
1075 2215 1108 2263 tta
1132 2218 1215 2263 morto

119 2289 200 2342 Iliad.
213 2285 243 2348 β,
256 2286 319 2338 tta:
338 2285 508 2358 Πρηνέεςέν
521 2287 653 2358 κονίῃσιν
690 2289 871 2351 eontinpottem
891 2289 994 2338 tomum
1010 2301 1059 2350 per
1079 2287 1216 2336 ludthrtwn

121 2359 201 2427 ὀδὰξ
219 2361 356 2426 λαζοίατο
373 2367 468 2429 γαῖαν.
502 2363 573 2424 virg.
587 2363 652 2412 Aen.
690 2364 770 2426 coepit
780 2365 888 2426 tortari,
903 2362 1142 2413 moelnamtiteld
1152 2373 1216 2422 qua·

121 2442 172 2499 td,
194 2437 258 2490 stu:
277 2441 305 2487 ot
320 2437 362 2486 ille
378 2437 469 2487 Fronte
484 2437 543 2500 [οτι
558 2441 655 2486 coram
690 2444 752 2491 teret
763 2440 798 2488 od
809 2443 912 2489 ιοινσιο.
930 2439 1062 2488 Ammian.
1079 2438 1160 2488 llure.
1174 2437 1213 2486 ⁴8.

125 2521 151 2566 et
168 2513 378 2564 σνοιοιιιονοιοὶι
391 2523 567 2562 eremmon.
587 2509 653 2561 ibid.
691 2527 718 2580 p.
747 2513 809 2564 ⁴39:
838 2513 946 2564 Desiluit
970 2525 1033 2574 equo
1057 2512 1217 2572 motisque

122 2587 259 2649 ridelli:
286 2585 655 2636 hoeutnitmorieuetto-
691 2585 1217 2648 mmdrnnmmmvouopaenecmuin-

121 2676 198 2714 mann
215 2661 289 2711 seond
304 2674 349 2710 ore
363 2661 504 2710 moowrdit.
533 2659 656 2711 Adhano
691 2677 751 2727 pens
773 2663 906 2724 retenuit,
929 2666 1068 2724 patronem
1089 2659 1218 2722 appeltam

120 2734 653 2800 interpretationemlaceratetiamsoph.
693 2743 717 2788 et
732 2738 868 2787 mannum.

121 2811 223 2864 Tmch.
237 2809 300 2860 28⁴:
319 2808 416 2859 Κοῖνον
431 2807 454 2858 δ’
469 2801 657 2880 ὖπορχὶιδῶν-
727 2811 767 2861 ⁴3.
795 2811 834 2862 ll.
864 2809 1017 2874 Μονοτιήτιι]
1047 2809 1108 2860 «lle
1134 2805 1218 2868 hepi-

123 2901 174 2950 τες
198 2884 232 2935 ἐκ
255 2879 390 2951 γλώσσης
406 2879 499 2949 κακῆς
515 2881 655 2948 (mauras),
694 2885 802 2936 dantem
819 2887 930 2950 propter
941 2882 1058 2943 cladem,
1078 2895 1131 2944 qun
1142 2877 1219 2929 nndi-

123 2956 220 3014 Αὐτοὶ
233 2951 389 3024 murder
401 2956 504 3022 πάντες
515 2955 566 3009 eio'
577 2957 658 3024 οἰκή-
694 2973 747 3024 qne
775 2958 972 3009 circumdatum
1001 2969 1046 3006 me
1073 2953 1216 3013 videbam,

123 3051 222 3107 ισρος.
252 3033 305 3084 Sed
322 3039 457 3098 nectwpo
472 3047 562 3098 perse
575 3035 657 3098 signi·
694 3035 843 3087 Mercurius
871 3033 989 3082 servavit
1016 3027 1218 3090 involutumque

125 3113 214 3163 linare
240 3111 328 3173 potest
351 3121 468 3159 tcrnnre
491 3105 655 3172 pollutum»,
694 3108 778 3160 densa
790 3106 862 3158 nnhe
872 3107 933 3170 (lroc
941 3105 1013 3156 enim
1021 3106 1064 3154 est
1073 3105 1142 3163 atie,
1155 3095 1219 3172 ἠέρι

126 3189 159 3250 (a.
174 3183 569 3248 wandelmarumtenlo,
588 3183 656 3248 832.)
695 3177 801 3253 πολλῇ,
825 3182 855 3230 ut
874 3181 944 3243 virg.
963 3181 1029 3229 Aen.
1048 3179 1077 3238 l,
1100 3175 1162 3227 lli:
1188 3177 1220 3227 At

126 3275 183 3312 nec
200 3265 311 3310 moutam
326 3259 390 3323 poni
407 3271 457 3323 pro
474 3271 524 3308 ore.
553 3256 657 3310 idcirco
697 3259 776 3309 Venus
798 3255 902 3306 obsessro
923 3253 1066 3318 parimus
1085 3253 1146 3300 aare
1162 3263 1219 3300 roa-

127 3349 195 3388 cum
221 3335 253 3385 H.
272 3333 456 3398 Peerlkampio
483 3333 518 3384 ad
545 3331 657 3384 alteram
691 3332 764 3397 psit.)
776 3343 825 3397 par
836 3329 940 3382 medios
951 3329 1043 3378 hostes
1054 3339 1098 3378 me
1110 3337 1220 3376 sursnrn

126 3410 335 3477 explicationem
342 3409 658 3473 redeopropositamlanr
696 3405 790 3458 tossens
807 3405 906 3470 eripuit
922 3402 1094 3454 discrimini.»
1112 3401 1142 3451 ln
1153 3401 1221 3451 ller-

127 3488 165 3539 ah
190 3489 309 3538 Acrone:
334 3485 435 3548 «rope
455 3485 536 3534 sotum
550 3510 564 3521 -
578 3511 593 3521 -
604 3497 658 3548 quo
696 3483 762 3533 curii
779 3482 869 3530 antem
881 3477 962 3529 tutela
980 3480 1043 3528 sunt
1057 3474 1221 3528 Nemetatoi

127 3561 247 3626 turpiter
285 3561 409 3624 prostrati
450 3560 657 3624 precarentur.»
694 3549 1221 3621 otrtldd.t,l7,29.),poittae.lleraost

128 3637 200 3687 Nam
217 3635 248 3682 nt
264 3637 341 3684 antea
358 3636 420 3698 post
436 3635 522 3684 aciem
543 3634 659 3684 Pharsa-
695 3629 857 3694 φαντασία,
874 3641 963 3691 neque
976 3626 1146 3690 cogitandum
1158 3637 1220 3674 cum

128 3709 213 3759 licam
236 3709 305 3758 teste
329 3709 445 3759 Caesare
467 3709 496 3758 B.
516 3708 546 3758 C.
565 3707 593 3769 3,
617 3707 657 3758 98.
696 3704 783 3757 schol.
809 3703 844 3753 de
876 3703 936 3766 luge
968 3694 1141 3753 clandestina}
1177 3699 1220 3749 Sic

130 3784 290 3847 Pompeiani
304 3785 387 3846 poesis
400 3783 495 3846 palmis
507 3782 615 3846 protecti
625 3782 660 3832 ud
696 3779 768 3832 lllad.
788 3796 815 3846 y,
834 3778 891 3828 380.
910 3778 1001 3826 Venus
1012 3774 1136 3826 Paridem
1147 3771 1219 3824 nube

130 3864 231 3909 terrm
251 3859 337 3922 penus
357 3858 390 3908 ud
412 3872 440 3908 so
461 3857 566 3907 solutor
579 3857 660 3919 petie·
696 3855 825 3906 tectume
841 3851 987 3902 certamine
1003 3849 1093 3914 eripit,
1110 3846 1183 3897 iliad.
1197 3859 1220 3908 a,

131 3938 208 3993 mit,
228 3932 268 3984 sic
285 3933 367 3983 etiam
382 3933 445 3997 poet
461 3930 659 3995 Philippensem
695 3929 736 3980 2³.
755 3927 891 3990 Phegenm
907 3923 1054 3981 Volcanus;
1080 3920 1144 3971 ibid.
1163 3919 1220 3971 sit.

132 4005 210 4058 multi
221 4007 331 4056 victoris
342 4005 513 4058 clementiam
524 4003 659 4070 supplices
696 4001 822 4053 Phoebus
843 4003 972 4052 Aeneam.
993 4025 1020 4034 -
1038 3995 1110 4060 colar]
1131 3995 1220 4058 Eurip.

132 4080 321 4146 implorarunt.
350 4082 487 4146 Appianus
504 4081 533 4132 B.
548 4081 576 4131 C.
589 4081 619 4138 t,
631 4078 657 4127 7:
695 4073 753 4128 liei.
760 4075 821 4128 tta:
832 4071 884 4125 τὸν
890 4064 1223 4134 ὥκύνιοον-Μσιάῠοςγό-

131 4152 280 4226 Hspsi'drn
306 4152 329 4204 d
353 4149 489 4222 Ἀντωνίῳ
521 4149 557 4204 τὰ
587 4145 657 4217 ἔθνη
694 4165 756 4202 νον.
766 4149 918 4203 Alexander
926 4147 1035 4200 Aetolus
1044 4145 1116 4210 apud
1124 4143 1221 4218 Parthe

133 4227 258 4294 Λεύκιός
283 4244 315 4280 τε
337 4223 355 4278 ὁ
378 4230 510 4282 Κασσίου
532 4222 658 4290 ἀδελφὸς
696 4228 772 4278 nium
789 4225 835 4278 it:
853 4218 968 4286 Ἀνθιὺς
981 4216 1097 4292 Ἑρμείῃ
1114 4231 1221 4284 wilm?

133 4305 186 4354 zat
214 4296 282 4357 ὅσοι
308 4298 392 4357 ἄλλοι
424 4299 481 4354 τῶν
513 4297 656 4364 δεδιότων,
697 4299 793 4364 φίλος.
819 4327 845 4336 -
866 4297 1007 4362 pauentem]
1030 4307 1125 4346 varum
1142 4293 1222 4344 animi
