3012 4978
317 461 378 525 594
671 468 674 474 ’
702 461 829 511 uoalrrr
849 460 1018 512 cremnon

316 622 388 672 enim
405 618 440 670 ob
459 629 582 672 caussam
600 620 688 670 minus
706 619 846 670 honestam
858 616 969 669 Lollium
988 621 1060 668 esset
1071 613 1209 667 numatam
1224 645 1251 652 -
1270 618 1396 666 incertum

317 707 358 756 est
374 705 408 755 Μ.
427 701 499 754 Lollii
517 715 684 766 cognomen;
704 714 766 752 nam
784 702 810 751 in
828 702 1001 765 lnseriptione
1026 699 1106 764 (apud
1128 701 1215 763 Sigon.
1235 703 1262 750 et
1279 700 1348 762 Pigh.
1366 699 1397 749 ad

316 801 340 836 a.
360 787 427 850 732.)
454 789 564 838 vocatur
588 784 744 850 simpliciter
759 785 795 836 Μ.
814 785 907 834 Lollius
922 785 959 834 ll.
978 783 1007 834 F.
1037 786 1064 834 et
1090 784 1159 834 Fasti
1185 782 1320 847 Capitolini
1344 784 1398 832 eius

317 871 378 920 anni
404 870 509 920 desunt.
555 869 705 920 Politcooum
730 869 848 919 nominat
873 869 1025 919 Torrentius
1051 870 1108 918 sina
1135 869 1207 918 certa
1233 868 1397 926 auctoritate¹

317 953 366 1004 sed
384 954 440 1004 eius
457 951 576 1016 aequalis
593 955 620 1003 L.
639 953 711 1002 Lollii
727 953 842 1002 Pottlccot
861 955 966 1002 exstant
991 952 1111 1011 nummi;
1142 949 1189 1000 cir.
1208 949 1305 1000 Eolrliel
1322 953 1350 1001 D.
1369 953 1397 1001 N.

316 1037 348 1086 V.
367 1050 427 1101 pag.
446 1036 503 1086 235.
542 1037 656 1099 Ryckius
674 1036 709 1086 ad
725 1037 786 1086 Tac.
805 1037 872 1086 dnn.
892 1036 937 1096 ia,
957 1037 981 1085 4.
1001 1039 1028 1086 et
1044 1034 1175 1086 Obborius
1193 1034 1229 1084 ad
1245 1035 1310 1098 Epp.
1329 1035 1356 1094 l,
1375 1036 1397 1084 2.

317 1133 377 1184 pag.
392 1122 431 1170 it.
450 1120 592 1170 Pauttioam
608 1121 717 1180 vocant,
743 1120 805 1184 quia
821 1119 908 1183 neptis
926 1121 984 1170 eius
996 1119 1077 1169 Lollio
1088 1119 1206 1169 Patauino
1223 1121 1251 1168 et
1266 1121 1301 1168 lt.
1313 1117 1401 1168 Lollius

316 1204 446 1254 Pontinos
463 1202 554 1254 consul
567 1202 694 1254 suffectus
712 1216 736 1252 a.
750 1216 777 1252 u.
791 1217 815 1252 c.
830 1202 887 1253 olo.
907 1203 962 1252 luit.
998 1203 1050 1252 Sed
1068 1203 1120 1253 hoc
1136 1215 1244 1266 quoque
1262 1203 1398 1260 incertum,

318 1300 446 1351 comper
463 1285 530 1336 duas
547 1288 636 1336 tresve
654 1287 756 1336 aetates
773 1289 832 1335 tum
849 1287 1006 1348 cognomina
1024 1285 1188 1351 permultum
1208 1287 1312 1336 ramore
1334 1283 1400 1335 sole-

320 1371 388 1420 rent.
423 1371 574 1421 Piranesius
599 1369 626 1419 in
643 1369 726 1420 Fastis
744 1370 829 1434 Capit.
855 1368 889 1419 ad
906 1383 931 1420 a.
951 1368 1008 1419 732.
1035 1382 1099 1421 eum
1116 1368 1231 1434 appellat
1247 1371 1283 1420 ll.
1301 1369 1400 1419 lolliam

316 1455 436 1505 Paccium
454 1455 545 1504 Verum
562 1467 595 1502 ex
611 1453 785 1516 inscriptione
797 1453 933 1504 Ursiniana
951 1452 1023 1516 apud
1035 1455 1107 1504 Grut.
1122 1453 1182 1504 4034
1197 1493 1203 1515 ,
1222 1452 1247 1504 i.
1267 1453 1400 1504 manifesto

317 1537 430 1589 confictu
448 1550 480 1586 ex
498 1538 588 1587 itcrat.
602 1537 667 1601 Epp.
686 1538 715 1598 4,
734 1537 781 1598 20,
802 1537 843 1586 28.
863 1539 890 1587 et
907 1535 957 1587 alio
974 1539 1043 1601 turpi
1061 1551 1154 1588 errore
1172 1539 1201 1600 Q.
1223 1539 1296 1587 lanio
1315 1537 1400 1598 Lepido

316 1635 365 1686 pro
390 1621 493 1671 Amullio
518 1622 664 1684 inquinata.
698 1621 804 1682 Lollius,
832 1621 866 1670 ad
892 1633 976 1684 quem
1001 1622 1042 1671 est
1064 1621 1132 1686 Epp.
1157 1623 1186 1682 4,
1204 1622 1248 1680 t„
1274 1621 1352 1671 huius
1368 1621 1398 1670 il.

318 1704 389 1756 Lollii
407 1703 475 1755 tilius
491 1703 598 1754 videtur
615 1705 704 1755 luisse.
719 1732 746 1742 —
767 1707 924 1755 «Poetarum
941 1706 1104 1755 Graecorum
1116 1706 1271 1768 Lyricorum
1291 1702 1401 1768 (quibus-

318 1801 380 1839 cum
406 1787 521 1838 lidenter
546 1801 612 1850 ego,
638 1790 768 1839 Romanos
799 1790 888 1852 fidicen
923 1789 1009 1850 lyrae,
1036 1801 1080 1838 me
1107 1789 1240 1852 consocio)
1269 1787 1397 1846 carmina,

317 1872 424 1923 tametsi
440 1872 541 1935 primas
558 1870 627 1921 ultro
645 1871 790 1922 deferimus
808 1874 941 1932 Homero,
971 1873 1062 1922 tamen
1079 1873 1232 1923 etiamnunc
1250 1873 1357 1922 exstant
1371 1883 1399 1920 ac

224 1967 227 1976 ¹
317 1967 422 2006 summa
440 1953 694 2006 cumadmiratione
712 1954 746 2005 ab
765 1955 889 2006 omnihus
907 1955 1045 2018 leguntur3
1071 1956 1109 2006 sic
1127 1969 1187 2006 mea
1204 1968 1315 2020 quoque
1332 1957 1400 2004 aeta-

316 2040 373 2088 tem
390 2037 532 2088 durabunt.
569 2038 622 2088 Sed
646 2038 771 2103 permulti
796 2040 948 2103 priscorum
972 2037 1078 2089 illorum
1104 2039 1230 2100 heroum,
1258 2041 1306 2103 qui
1331 2042 1400 2088 ante-

317 2123 458 2172 cesserunt
474 2123 586 2172 Troiana
605 2124 741 2186 tempora,
762 2137 778 2172 a
794 2121 866 2174 nullo
883 2125 963 2188 poeta
980 2121 1121 2173 collaudati
1137 2135 1208 2173 nunc
1226 2123 1327 2173 misera
1344 2120 1400 2172 obli-

316 2205 395 2256 vione
411 2207 586 2269 premuntur;
613 2218 683 2269 quae
710 2207 799 2271 iniqua
824 2207 929 2257 fortuna
956 2221 989 2257 ne
1007 2209 1033 2256 te
1051 2219 1159 2270 quoque
1175 2209 1298 2268 maneat,
1325 2204 1398 2264 Lolli.

317 2289 369 2339 hoo
387 2289 504 2339 carmine
523 2289 633 2340 eximias
650 2291 709 2340 tuas
725 2291 837 2341 virtutes
850 2289 1023 2354 praedicante
1040 2290 1118 2352 satis,
1137 2293 1167 2339 ut
1183 2302 1278 2351 spero,
1298 2293 1399 2340 cautum

317 2372 393 2421 erit.»
428 2373 561 2435 scriptum
586 2371 692 2423 videtur
714 2387 824 2424 carmen
841 2377 902 2438 post
918 2373 990 2424 Lollii
1007 2371 1187 2434 consulatum,
1215 2373 1330 2425 tortasse
1347 2375 1400 2438 post

318 2453 439 2516 cladem,
467 2467 548 2517 quam
569 2457 596 2506 in
617 2458 758 2507 Germania
779 2471 875 2522 passus
898 2459 950 2519 est,
979 2459 1050 2508 circa
1068 2469 1091 2506 a.
1111 2471 1137 2506 u.
1156 2470 1179 2506 c.
1199 2455 1258 2508 738.
1287 2455 1331 2506 vel
1347 2455 1398 2506 439.

317 2538 434 2588 mamma
449 2540 561 2601 propter
576 2551 601 2588 v.
620 2539 668 2589 35:
687 2541 799 2590 mcwsdts
816 2541 974 2604 Tempon'boo
990 2541 1117 2603 mulsoue
1135 2541 1187 2592 cet.
1223 2541 1326 2601 Quodsi
1347 2541 1401 2604 post

318 2621 388 2671 hanc
411 2622 590 2686 compositum
613 2625 672 2685 est,
699 2622 887 2675 consolationis
910 2626 968 2676 alce
991 2625 1108 2687 fungitur
1129 2624 1400 2687 existimationemque

318 2703 392 2755 Lollii
409 2702 451 2754 illa
475 2704 659 2770 imminutam,
690 2709 822 2770 quatenus
857 2707 977 2760 civilibus
1003 2709 1060 2760 eius
1085 2706 1226 2759 mutibus
1252 2705 1400 2760 extollendis

320 2787 377 2839 lieri
394 2790 517 2854 poterat,
536 2789 717 2855 redintegrare
736 2792 834 2842 studet.
