3002 4974
303 417 366 482 298
695 417 824 469 4444444444
841 416 1009 469 4444444444

559 573 672 640 Sidera
694 573 819 652 nautis;

477 732 586 799 Otium
609 730 693 797 bello
716 717 838 796 furiosa
859 729 995 806 Thrace,

474 853 583 920 Otium
605 852 687 919 Medi
712 851 862 940 pharetra
884 851 1013 930 decori,

473 974 639 1063 Grospho,
663 994 727 1039 non
749 975 884 1061 gemmis
908 995 1015 1061 neque
1038 995 1183 1061 purpura
1205 995 1259 1040 ve-

559 1095 632 1162 nale
653 1115 760 1183 neque
783 1115 872 1160 auro.

472 1255 542 1319 Non
565 1254 650 1320 enim
673 1274 772 1341 gazae
794 1273 901 1341 neque
924 1252 1102 1320 consularis

472 1376 660 1442 Summovet
680 1374 773 1441 lictor
794 1374 931 1441 miseros
953 1373 1107 1440 tumultus
1345 1376 1380 1440 40

368 1613 393 1663 8.
411 1625 455 1662 neo
471 1623 537 1662 ooro
554 1612 604 1662 cti
622 1613 650 1661 et
666 1609 749 1662 Bentl.
769 1610 864 1674 (Nostri
882 1621 976 1662 omnes
992 1612 1090 1675 neque.)

303 1831 406 1883 pernox
431 1818 485 1878 est,
512 1830 606 1868 secure
633 1815 717 1868 lidere
739 1817 829 1880 potest
897 1818 938 1866 44.
963 1816 1175 1882 lomento-Tecto]
1200 1821 1290 1868 «44444
1305 1817 1382 1868 tricli-

303 1893 597 1955 mercatornavigans»‚
610 1893 765 1944 nominatim
777 1894 828 1942 lie-
864 1892 968 1942 ntorum
990 1890 1162 1954 laquearibus
1179 1892 1236 1942 sive
1257 1891 1381 1943 4444444444-

303 1965 352 2017 4444
365 1969 392 2016 et
401 1967 548 2029 Cynosura.
568 1967 622 2016 Cio.
636 1967 706 2016 44444.
720 1966 751 2016 37
764 1979 824 2029 sqq.
863 1965 915 2016 bus
932 1964 1090 2030 plerumque
1113 1979 1178 2016 auro
1202 1969 1283 2031 atque
1305 1967 1381 2018 ebore

303 2039 390 2091 llanil.
405 2041 434 2100 4,
453 2039 514 2090 4644
532 2041 668 2102 Praecipue
678 2041 759 2090 niedio
770 2054 827 2090 cum
863 2039 905 2091 vel
923 2053 1006 2104 opere
1024 2041 1127 2092 musivo
1147 2041 1291 2104 picturisve
1308 2056 1381 2092 orna·

302 2115 365 2164 luno
389 2113 531 2176 4444044444
555 2115 627 2176 orbe,
655 2115 730 2165 04444
749 2116 828 2165 olunt
863 2115 896 2164 tis
914 2115 1053 2179 magnifiee
1070 2117 1293 2179 variegatorum.»
1321 2119 1382 2167 Pro-

302 2190 396 2239 moodo
408 2189 506 2240 sidera,
522 2188 615 2240 Tibull.
628 2192 654 2251 4,
668 2189 697 2252 9,
711 2191 754 2240 404
773 2191 828 2240 Du·
862 2193 951 2256 prium
968 2193 1059 2240 autem
1076 2193 1118 2241 est
1134 2189 1305 2242 vocabulum.
1332 2193 1380 2242 Cic.

302 2269 363 2314 eunt
378 2265 504 2314 instabiles
519 2266 603 2315 sidero
619 2269 688 2315 nerto
704 2270 780 2315 rates.
863 2267 897 2316 de
915 2267 994 2328 Legg
1012 2265 1042 2325 t,
1062 2265 1090 2314 l:
1112 2265 1260 2327 pavimento
1275 2280 1382 2318 4444444-

337 2341 362 2390 44.
381 2339 405 2390 6.
425 2339 486 2390 04444
501 2341 607 2404 tunimo]
624 2353 742 2403 asperis
752 2338 828 2390 bellis
862 2353 908 2391 reo
924 2341 1303 2402 atloqoeototenioeoniemno.
1323 2343 1380 2392 Stat.

304 2426 413 2476 semper
430 2412 586 2476 implicatam
609 2408 702 2478 Τὴν
684 2412 825 2484 αρειμανῆ
862 2415 946 2466 Theb.
961 2416 989 2476 4,
1002 2413 1065 2465 ill:
1083 2415 1384 2480 erossolaqooosioselto

302 2484 346 2536 vel
374 2483 516 2556 δοριμανῆ
544 2487 693 2550 significare
721 2489 827 2538 videtur
861 2490 1019 2540 metallan·
1039 2489 1198 2540 coruscum
1216 2487 1325 2541 alitibus
1348 2489 1383 2540 lu-

302 2558 436 2610 intellectu
454 2563 539 2611 notivo
556 2561 689 2613 Lobeckio
707 2563 824 2614 4444444.
862 2567 945 2616 uestis
973 2565 1009 2614 444
1037 2565 1189 2628 comparat,
1224 2565 1253 2614 444
1284 2565 1383 2616 volatus

303 2635 359 2685 443.
379 2633 826 2722 Sopbool.1intig.970:69qxo‘›v
862 2641 1005 2702 imaginem
1021 2637 1128 2698 leviter,
1156 2639 1382 2702 quemadmodum

302 2703 514 2775 --ἅγχίπτολις
526 2702 619 2782 ’.Αρης
650 2713 739 2777 Eurip.
758 2715 823 2764 lleo.
863 2727 912 2779 par
929 2715 994 2772 4444,
1014 2713 1154 2776 significet.
1189 2713 1242 2764 Cir.
1262 2717 1382 2766 4444444444.

304 2785 379 2836 40834
399 2784 460 2876 69:7¹
449 2803 515 2853 κης
531 2781 774 2876 Aoyxoqidoov‚³‘
760 2803 826 2838 nvo-
862 2789 903 2838 si.
928 2789 1059 2851 Theognis
1081 2789 1138 2838 729.
1164 2790 1208 2840 B.:
1238 2787 1384 2878 Φροντίδες

302 2859 383 2921 πλον,
402 2857 533 2923 odiosos,
543 2855 619 2934 'Apo
635 2859 763 2923 κάτοχον
778 2865 825 2931 γέ·
862 2857 1024 2933 ἀνθρώπων
1040 2856 1148 2923 ἔλαχον
1172 2861 1262 2934 πτερὰ
1285 2863 1383 2916 44044444ι

302 2950 360 2998 νος.
380 2937 450 3000 llirg.
462 2940 528 2988 4444.
542 2938 571 2999 3,
585 2939 629 2988 434
651 2940 827 3001 smaprowt
863 2931 1059 2997 ἴχουσαικτλ.

300 3011 479 3062 vostiaoolt'tur
489 3013 735 3075 beverlacensis
749 3014 827 3062 44444-
895 3012 936 3063 43
966 3013 1062 3062 Vivitur
1078 3025 1163 3075 pawn
1183 3012 1255 3077 04444]
1275 3013 1385 3064 beate·

301 3099 340 3136 ces
363 3092 448 3137 oront
484 3087 570 3138 4444444.
590 3087 620 3148 4,
643 3089 705 3140 6864
734 3090 826 3138 veneo
863 3100 915 3150 que
934 3087 958 3136 ei
977 3086 1019 3150 (ab
1032 3087 1084 3150 eol,
1103 3088 1145 3138 oui
1157 3087 1220 3138 nibil
1232 3087 1323 3150 deest,
1340 3091 1385 3138 etsi

301 3163 410 3212 llortom
433 3163 523 3212 sortito
547 3164 669 3213 4444444444.
697 3191 725 3200 -
749 3163 824 3228 lieni]
863 3161 966 3212 divitias
983 3173 1036 3211 non
1053 3161 1199 3225 possidet.»
1226 3163 1276 3222 Qui
1294 3163 1385 3215 distin-

302 3236 403 3297 Parthi‚
424 3239 455 3287 nt
470 3249 562 3301 saepe.
861 3249 939 3286 xere:
962 3235 1058 3286 Vivitur
1064 3249 1148 3298 pomo
1159 3235 1226 3286 bens.
1246 3237 1293 3288 Cui
1300 3244 1386 3304 pote»

334 3311 358 3360 9.
376 3312 433 3360 Non
449 3312 515 3361 4444444
530 3312 620 3378 gozae]
637 3313 721 3362 Varro
733 3314 760 3363 in
770 3314 827 3363 444-
861 3324 923 3360 omn
931 3315 994 3372 eet,
1007 3323 1060 3361 non
1072 3309 1196 3361 viderunt
1204 3313 1294 3374 priora
1305 3313 1384 3363 verba

301 3383 365 3435 tliol.
385 3386 441 3434 Lat.
459 3386 551 3436 iiurm.
571 3387 590 3436 l.
608 3398 669 3450 pag.
688 3388 751 3438 nis:
769 3388 827 3437 lion
862 3389 926 3436 tune
937 3384 1000 3435 nihil
1009 3387 1144 3436 continere
1158 3386 1206 3436 uisi
1217 3384 1307 3437 locum
1317 3401 1386 3438 oom-

299 3461 329 3522 ltt
344 3459 482 3520 4444444444,
503 3473 555 3509 ooo
571 3473 637 3510 euro
654 3463 736 3523 peotu'
756 3461 826 3512 solo-
862 3473 972 3511 munem
983 3473 1099 3523 eumque
1110 3459 1255 3511 admodum
1268 3463 1384 3522 tenuem,

301 3538 367 3590 tenu
392 3533 450 3583 Non
472 3534 563 3584 animis
580 3535 681 3585 4444444444
697 3549 773 3586 euros
794 3549 825 3586 44
863 3537 891 3586 44
912 3549 962 3600 pro
984 3535 1035 3584 Neo
1059 3537 1121 3584 tuno
1144 3536 1243 3598 requiri
1266 3537 1333 3586 Non.
1358 3561 1384 3572 -

300 3607 572 3669 religioiwsl’ersomm
580 3616 683 3672 monto,
695 3625 746 3661 oon
757 3613 827 3661 44444
863 3611 996 3662 pedestris
1018 3609 1144 3660 orationis
1165 3611 1238 3660 esset
1255 3611 1288 3661 ii.
1307 3613 1335 3661 Ρ.
1347 3610 1386 3660 obi

301 3681 379 3730 dioitl'
398 3681 491 3732 044444.
861 3699 911 3750 pro
928 3686 977 3736 4444.
999 3711 1026 3720 -
1035 3689 1173 3747 4444444444
1183 3711 1198 3722 -
1208 3685 1328 3750 4444444444]
1341 3699 1385 3735 nox

334 3757 375 3805 40.
394 3757 544 3821 summovet]
563 3758 677 3808 verbum
688 3761 825 3822 proprium
862 3761 947 3825 patria
964 3760 1113 3810 hereditate
1133 3763 1312 3824 acceptum»,
1334 3771 1385 3824 quo

301 3829 335 3880 de
365 3829 513 3880 lictoribus.
556 3832 660 3882 Festus:
693 3834 827 3884 4444444444
863 3835 1026 3898 significatur
1042 3835 1124 3898 patris
1141 3835 1194 3884 iam
1211 3835 1317 3886 modios
1334 3835 1386 3885 444

300 3919 350 3954 noo
367 3905 585 3956 sammouebonno
600 3920 618 3956 o
628 3907 824 3970 magistratibus.
863 3913 926 3960 tuna
944 3923 960 3960 4
977 3908 1031 3960 illio
1047 3923 1137 3974 neque
1151 3911 1227 3960 aucta
1240 3922 1330 3972 neque
1341 3910 1386 3959 im·

300 3979 361 4028 sins
379 3979 507 4042 imagine:
528 3993 594 4030 «nec
612 3980 720 4032 divitiae
738 3996 825 4047 neque
863 3985 973 4034 minuta.
996 3985 1052 4035 lloo
1072 3987 1162 4036 44444444
1175 3997 1273 4035 aureae
1285 3983 1385 4035 medio-

301 4055 398 4105 summi
411 4055 527 4106 honores
539 4057 610 4106 euris
622 4069 671 4108 nos
685 4055 825 4110 liberant.»
864 4059 963 4110 enitatis
975 4060 1034 4109 erat
1044 4059 1117 4124 apud
1128 4061 1274 4120 Romanos,
1288 4058 1383 4110 baben

303 4157 330 4165 -
349 4129 476 4194 nonullos]
491 4141 572 4195 saepe
585 4131 619 4182 de
631 4133 711 4184 animi
722 4137 828 4198 pertur-
863 4132 976 4186 salinum
998 4147 1031 4184 ex
1054 4138 1164 4199 argento
1181 4133 1263 4185 veluti
1279 4147 1327 4185 vas
1343 4145 1383 4183 ss·

300 4201 452 4256 bationibus
470 4217 503 4255 ex
517 4205 720 4268 cogitationibus
738 4209 764 4258 in
784 4209 826 4258 di·
864 4221 948 4259 crum
984 4211 1057 4260 Pers.
1076 4209 1106 4271 3,
1128 4210 1174 4260 io:
1200 4223 1263 4259 niro
1280 4213 1383 4272 goim

300 4291 379 4329 versa
397 4277 571 4330 trahentibus.
598 4281 652 4331 Sat.
670 4283 699 4342 4,
718 4282 747 4342 3,
766 4283 823 4334 408.
863 4283 1176 4348 444444044444444444444444,
1190 4281 1382 4346 messim
