3012 4978
482 469 541 518 ΗΒ.
566 469 607 518 lv.
643 469 671 518 C.
691 467 755 518 xm.

291 625 424 692 Lentum
447 624 608 692 sollicitas.
654 623 709 692 llle
730 625 862 691 virentis
885 635 918 690 et

333 748 454 815 Doctae
477 745 616 834 psallere
642 746 740 814 Chiae

381 867 526 934 Pulchris
549 866 688 964 excubat
711 867 741 933 in
764 869 865 956 genis.

291 1031 495 1116 lmportunus
517 1028 603 1094 enim
626 1027 800 1094 transvolat
822 1026 929 1094 aridas

292 1151 441 1230 Quercus
462 1159 495 1215 et
515 1149 632 1236 refugit
652 1160 699 1224 te,
724 1149 800 1236 qnia
822 1147 918 1214 luridi
1166 1149 1206 1214 l0

334 1271 470 1348 DenteS,
495 1281 526 1337 te
548 1273 624 1358 quia
647 1292 747 1359 rugae
772 1330 777 1339 .

378 1395 520 1480 Turpant
541 1402 573 1460 et
594 1393 706 1480 capitis
729 1394 828 1460 nives.

291 1553 357 1618 Nec
380 1552 466 1620 Coae
489 1551 631 1618 relorunt
653 1549 717 1618 iam
740 1552 796 1617 tibi
819 1573 983 1640 purpurae

293 1675 358 1740 Nec
380 1673 457 1740 clari
480 1671 605 1759 lapidos
628 1683 788 1762 tempora,
813 1695 898 1762 quae
921 1674 1022 1740 semel

188 1865 229 1914 ⁴0.
249 1864 358 1914 umen
374 1877 442 1914 unus
459 1864 589 1913 Torrentii
606 1876 639 1914 ex
656 1865 745 1915 Carm.
765 1865 858 1928 mo,
873 1865 912 1914 ts.
933 1893 960 1900 -
980 1864 1019 1915 rt.
1039 1863 1174 1923 caribST,

153 1938 273 1989 Blandin.
301 1940 458 2002 antiquiss,
484 1935 554 1998 βκ,Ο
573 1940 601 1988 et
622 1937 755 1989 Bentleius
778 1937 918 2002 (probante
942 1937 1068 1990 Paldamo
1088 1939 1173 1989 libolo.

155 2013 223 2064 Mac.
241 2015 272 2062 N.
292 2015 320 2063 F.
339 2013 380 2062 Vl.
399 2026 426 2077 p.
446 2013 531 2076 633.)‚
549 2013 607 2062 ruit
624 2025 759 2078 superscr.
779 2015 805 2063 in
822 2013 849 2064 b.
870 2015 909 2077 (Ut
925 2027 988 2074 nos,
1007 2014 1065 2076 Bd.)

118 2185 253 2232 saevus«,
280 2173 310 2220 ut
334 2183 415 2235 saepe
438 2171 509 2235 apud
532 2172 586 2222 Cic.
612 2171 646 2222 de
685 2185 717 2222 ac
733 2185 820 2236 paene
841 2171 1004 2236 pellucidae,
1031 2171 1129 2236 quibus
1146 2174 1209 2222 tunc

118 2247 241 2311 tyrannis
262 2248 342 2309 atque
366 2245 518 2297 hominibus
540 2247 647 2296 iracun-
684 2247 763 2298 buius
775 2248 881 2310 generis
898 2245 1037 2296 libertinae
1054 2246 1208 2297 utebantur.

118 2321 162 2372 dis
175 2323 203 2371 et
213 2317 375 2372 crudelibus.
393 2323 443 2370 Pro
454 2319 519 2370 nab.
533 2321 609 2385 perd.
624 2334 645 2371 r.
685 2323 737 2370 sat.
752 2323 823 2382 Η,
838 2321 900 2371 tol:
919 2321 1117 2384 Cotsts'bipoooe
1127 2323 1212 2372 vitice

119 2398 155 2446 5:
174 2409 208 2445 ec
224 2395 269 2444 illc
285 2395 396 2456 enneli,
419 2396 579 2458 importuna,
597 2410 649 2446 noo
684 2400 720 2446 est
732 2397 875 2446 Utendum.
895 2395 1030 2456 Tibullt,
1044 2396 1133 2456 3‚56:
1164 2397 1212 2446 llio

118 2471 259 2520 tribunicio
291 2471 402 2530 octone„
437 2471 479 2520 sed
506 2471 586 2534 repta.
618 2495 645 2506 -
686 2469 823 2534 (Nemesis)
842 2475 1118 2534 consumsimus,
1146 2483 1210 2532 quas

118 2545 210 2594 aridas
228 2545 349 2609 Οιωναιε]
376 2545 418 2594 Sic
442 2546 535 2595 Graeci
559 2545 649 2596 homi·
683 2545 969 2608 tantumlocuti,
996 2551 1104 2596 auratos
1124 2545 1209 2607 ‹lispo-

119 2632 171 2670 nes
183 2619 260 2668 senio
276 2618 412 2669 conlectos
423 2616 582 2690 γεράνδρυα
598 2634 648 2670 vo-
685 2621 783 2682 sus'tque
798 2622 861 2671 uias.
880 2623 910 2683 2,
922 2621 952 2680 l,
966 2621 1013 2671 29:
1033 2627 1056 2671 et
1071 2623 1124 2671 Gon
1137 2621 1210 2682 puel·

120 2695 193 2744 cant.
229 2693 295 2742 llam
307 2691 510 2754 0d.l,ao‚ts.
536 2694 648 2756 Lydiam
685 2696 716 2744 lis
733 2697 808 2745 Vestis
826 2701 850 2745 et
869 2710 883 2746 e
899 2697 978 2746 msbro
1004 2697 1089 2746 luem
1116 2695 1211 2745 conabo

121 2768 283 2819 cumanus«
296 2767 426 2830 frmdibtoe
443 2771 590 2832 comparat.
618 2771 649 2819 Et
684 2771 761 2820 omri.
781 2771 866 2831 (llum.
887 2771 984 2833 Hymn.
1006 2771 1033 2819 in
1049 2768 1132 2832 Apoll.
1151 2769 1209 2820 Del.

121 2842 303 2901 Pers.u‚59:
320 2843 605 2907 celebramurafapt.
619 2870 646 2878 —
686 2844 732 2895 lb:
773 2839 856 2904 Κόως
881 2857 924 2900 τε,
963 2839 1047 2905 πόλις
1067 2840 1211 2912 Μερόπων

120 2916 170 2968 Alii
188 2917 276 2966 minus
293 2919 354 2982 apte
373 2918 551 2981 distinguunt:
578 2917 649 2980 reso·
686 2911 855 2986 ἀνθρώπων.
874 2916 1006 2980 Meleager
1022 2918 1049 2966 in
1062 2918 1139 2967 Antb.
1154 2915 1207 2966 Pal.

121 2993 161 3056 pil
178 2997 216 3051 te,
244 2992 305 3052 qula
321 2991 398 3044 luridi
414 2995 507 3043 Dentes
526 2997 561 3053 to,
588 2991 649 3054 quia
686 2994 716 3042 11.
736 2991 801 3042 lssli:
829 2986 962 3056 Ὀλβίστη
979 2989 1120 3060 Μερόπων
1149 2987 1212 3063 ἱερὰ

122 3068 285 3129 Μωοει.,
304 3066 491 3128 nlii‚utlubn:
510 3067 649 3131 resupinis
686 3063 788 3129 πόλις.)
808 3094 836 3102 -
861 3066 926 3116 clari
942 3066 1050 3130 lapides]
1078 3067 1212 3116 «uniones

120 3140 184 3202 quio
202 3141 279 3190 tutat
293 3141 399 3200 Dentes,
419 3145 442 3192 te
458 3143 581 3203 quincei.
618 3142 647 3190 ln
685 3140 809 3206 pellucidi
840 3153 872 3189 ao
898 3138 1133 3204 resplendentes.»
1169 3141 1212 3190 Sic

120 3215 212 3264 nostre
230 3213 411 3272 distinctione.
431 3229 512 3278 quam
524 3213 648 3280 praetulit
685 3229 776 3266 reram
793 3220 884 3265 oulen
904 3217 930 3264 et
944 3215 1089 3276 pelluciduli
1111 3215 1213 3263 delicia

119 3287 306 3352 Dillenburger
322 3303 381 3354 pag.
396 3290 451 3348 99„
471 3289 647 3354 particulae,
685 3291 777 3354 lapidis
793 3291 877 3353 iungit
893 3287 987 3340 Catuli.
1007 3289 1053 3350 69,
1072 3288 1097 3338 3.
1115 3287 1209 3338 Tibull.

119 3369 151 3416 ut
174 3365 216 3416 ille
239 3369 324 3427 notat,
357 3368 411 3416 vim
438 3368 572 3430 quondam
599 3367 649 3417 lin-
687 3368 714 3426 l,
739 3365 769 3426 8,
794 3365 842 3414 39:
877 3365 935 3414 Noc
956 3364 1022 3426 lupis
1044 3363 1123 3426 (unio)
1147 3363 1212 3412 bone

119 3441 168 3491 bet
193 3443 407 3492 consecutivam:
440 3445 482 3491 «et
506 3446 648 3506 propterea
685 3439 1001 3502 peomneqnstnoenrcet.
1020 3439 1109 3488 Lectio
1121 3438 1211 3486 aulem

119 3515 217 3579 refugit
228 3518 281 3567 te«
295 3543 325 3552 -
344 3516 429 3580 lutus]
449 3516 551 3566 «illuvie
569 3529 649 3579 squa-
685 3515 749 3563 olori
766 3513 809 3564 vel
826 3516 937 3577 propter
953 3509 1103 3582 ἐνάργειαν
1119 3509 1211 3562 oculos

122 3589 167 3642 lidi
194 3593 223 3641 et
243 3593 332 3642 crocei
358 3591 481 3644 coloris«
505 3618 532 3628 -
559 3592 649 3652 eapitis
685 3591 839 3638 moventem
865 3587 1041 3651 praelerenda
1066 3585 1122 3640 aliis
1142 3588 1210 3647 cari,

118 3666 200 3730 nicos]
224 3668 362 3730 Antipater
381 3667 473 3717 Thess.
493 3667 570 3716 anui.
593 3665 645 3716 Pal.
684 3665 749 3714 rori.
776 3664 829 3712 Cic.
849 3664 912 3713 Acc.
931 3664 958 3712 in
969 3663 1000 3712 V.
1014 3663 1042 3724 l,
1055 3665 1101 3713 27:
1117 3663 1212 3726 poeula

120 3743 140 3791 Ι.
159 3753 221 3804 pag.
248 3741 306 3791 aas.
333 3753 428 3791 senem
453 3743 532 3791 vocat
556 3737 647 3808 πολιῷ
684 3740 787 3802 perionis
804 3738 920 3788 dictincta
939 3737 1092 3788 «wasme.
1124 3742 1210 3802 Atque

119 3811 211 3885 γήραΐ
232 3811 401 3880 νιφόμενον.
442 3814 547 3875 Quintil.
567 3815 598 3875 8,
617 3816 645 3876 6,
685 3812 845 3874 recordare,
865 3826 917 3876 qua
935 3813 1078 3877 cupiditate
1096 3813 1211 3864 Corinna

120 3889 165 3939 l'l:
193 3893 252 3938 ssent
272 3894 296 3938 et
312 3891 406 3950 durae,
432 3890 459 3939 te
474 3895 528 3950 est,
558 3903 575 3938 a
592 3889 648 3937 too·
685 3889 812 3939 meretrix
835 3888 906 3952 apud
930 3889 1037 3939 Lucien.
1057 3888 1121 3939 Dial.
1142 3901 1209 3938 mer.

119 3964 217 4027 pupius
241 3963 402 4013 sisntltlodlce
423 3965 512 4014 onemo
534 3963 648 4014 transla-
685 3963 713 4024 6,
727 3963 751 4011 l.
771 3961 822 4013 sibi
834 3965 908 4027 optet
920 3959 1046 4029 ψήφους
1064 3955 1144 4024 τινός
1156 3977 1211 4012 πυ-

120 4039 213 4099 tiones,
231 4043 259 4087 ut
276 4038 369 4101 capitis
387 4039 469 4088 nives.
685 4040 809 4108 ραυγεῑς.
839 4037 906 4088 Alibi
924 4039 1015 4101 utique
1033 4039 1088 4087 cort
1105 4037 1211 4100 aptissi-

154 4113 264 4163 l³=l6.
300 4113 544 4177 Coae-purpurae]
578 4114 647 4162 seri·
685 4123 759 4161 mum
776 4115 865 4174 potest
888 4124 949 4164 esse
975 4112 1088 4174 lapideam
1113 4109 1211 4160 ἐπίθε-

121 4199 169 4238 cae
189 4200 221 4237 ex
239 4187 328 4238 subtili
340 4186 505 4250 bombycino
517 4187 561 4238 tilo
582 4201 648 4237 eon·
684 4199 752 4247 τον,
770 4188 800 4235 nt
817 4199 879 4236 cum
891 4185 998 4236 Ovidius
1016 4187 1045 4235 Α.
1058 4185 1088 4234 Α.
1103 4183 1133 4243 3,
1148 4185 1204 4234 ⁴29.

120 4263 209 4312 textae
222 4263 248 4312 ln
261 4263 316 4313 Coo
328 4261 426 4324 insula,
440 4264 466 4314 in
479 4275 560 4326 quarn
573 4263 649 4312 bom·
685 4261 765 4312 dicit:
800 4263 844 4312 Vos
863 4275 960 4324 nmque
979 4275 1029 4310 oon
1048 4259 1116 4312 coris
1136 4271 1212 4309 aures

120 4334 206 4398 hyces
230 4351 262 4387 ex
289 4339 395 4388 Oriente
420 4337 644 4402 apportabantur,
686 4342 787 4388 nocete
804 4336 903 4399 lapillis.
928 4363 954 4372 -
976 4336 1101 4384 «Frustra
1122 4334 1209 4394 ism«,

207 4427 299 4474 ilonrr.
318 4441 372 4475 ron.
391 4429 406 4476 1.
439 4441 477 4476 en.
494 4441 570 4477 »tiron
588 4429 621 4474 lli.
1014 4425 1041 4470 39
