3002 4974
532 442 592 492 LlB.
613 443 643 492 ll.
680 443 709 492 C.
729 443 782 492 xx.

311 598 361 663 hle
385 595 524 664 Colchus
546 606 579 663 et
600 597 656 685 qui
679 597 859 664 dissimulat
880 609 1000 663 metum

312 720 436 786 Marsae
459 718 601 786 cohortis
623 721 731 786 Dacus
753 729 785 786 et
807 719 907 785 ultimi

349 843 489 908 Noscant
511 839 644 914 Geloni.
668 863 720 907 me
743 842 866 929 peritus

394 963 509 1029 Discet
525 963 625 1030 Hiber
647 961 858 1052 Rhodanique
880 974 982 1052 potor.
1183 965 1226 1027 20

310 1121 422 1188 hbsint
443 1121 528 1187 inani
552 1122 664 1190 funere
687 1123 802 1190 neniae

310 1246 497 1332 Luctusque
522 1255 634 1332 turpes
656 1257 690 1311 et
710 1244 954 1333 querimoniae3

351 1366 530 1454 Compesce
553 1365 727 1433 clamorem
749 1388 787 1434 ac
809 1365 951 1454 sepulcri

396 1486 482 1554 blitte
505 1507 726 1575 supervacuos
748 1487 899 1555 honores.

202 1651 244 1700 20.
264 1649 319 1700 lber
335 1650 396 1700 act.

638 1707 645 1732 4

132 1767 327 1843 Ὑπερβορέων
343 1765 401 1821 ἀνὰ
417 1769 521 1837 δῆμον.
558 1772 663 1822 «Visam
701 1771 795 1822 ihoad.
814 1773 842 1822 9:
862 1773 1047 1835 qut-septena
1066 1774 1162 1824 Tarmia
1179 1789 1226 1825 cra

135 1859 250 1912 campos
272 1846 329 1898 iilos
350 1846 440 1898 felices
457 1859 538 1911 supra
554 1845 664 1911 Aquilo-
697 1847 849 1908 paeantem
859 1847 926 1898 bitu.
946 1875 973 1884 -
993 1849 1049 1898 Hoc
1067 1862 1131 1912 ergo
1148 1849 1223 1899 dicit:

135 1934 202 1973 nem
228 1925 255 1972 et
282 1923 413 1986 Rhipaeos
437 1925 544 1972 montes
571 1923 663 1973 sitos.»
702 1924 768 1972 «Per
793 1925 877 1973 totum
899 1921 994 1974 orbem
1017 1925 1150 1974 terrarum
1174 1925 1227 1974 Ro-

136 1993 212 2060 (Plin.
232 1997 263 2046 H.
282 1998 312 2047 N.
331 1994 359 2058 4,
379 1997 430 2059 26.)
702 2009 781 2046 mano
806 1998 918 2061 imperio
951 1997 1102 2050 subiectum
1127 2011 1226 2049 nomen

171 2071 213 2122 48.
242 2072 346 2120 Merrae
370 2069 489 2135 cohortis]
518 2072 597 2122 Marsi
614 2083 663 2135 pro
701 2085 793 2122 meum
809 2071 1025 2137 propagabitur.»

136 2145 289 2196 fortissimis
312 2144 401 2196 ltaliae
421 2144 527 2209 populis
544 2147 572 2195 et
587 2145 664 2210 pedi-
734 2147 774 2196 24.
794 2147 835 2196 22.
859 2147 931 2196 tecet
948 2147 1050 2211 senae]
1078 2147 1226 2210 uquoniam

136 2222 209 2272 tatus
227 2222 337 2271 Romani
355 2220 453 2271 robore
476 2220 663 2280 habebantur;
701 2221 812 2283 quidem
830 2218 909 2270 abest
924 2233 1037 2285 corpus,
1056 2220 1129 2284 quod
1146 2233 1227 2285 sepe-

136 2297 207 2345 ·hoc
240 2295 319 2358 igitur
345 2294 429 2345 robur
455 2297 551 2346 metunt
577 2297 664 2346 Dacus
701 2294 742 2345 liri
758 2296 868 2359 possit»
889 2321 917 2332 -
934 2295 1034 2360 nanim]
1061 2308 1128 2358 ques
1145 2308 1226 2359 prae-

136 2368 263 2432 rebellis,
283 2369 331 2420 sed
347 2383 412 2434 prae
429 2369 532 2434 pudore
550 2369 664 2433 fingitse
702 2369 769 2421 heae
788 2383 885 2420 canere
902 2369 1038 2429 solebant;
1057 2371 1228 2432 ammoniae

136 2445 233 2494 timore
250 2457 373 2495 vacare.»
394 2471 421 2481 -
442 2442 491 2494 Alii
509 2444 663 2508 (bertarius,
702 2446 848 2496 amicorum
875 2447 946 2496 sunt.
982 2446 1045 2496 Mire
1071 2444 1227 2499 Sanadonus

136 2518 315 2569 Wetcireuaer
330 2521 361 2569 Il.
381 2533 408 2584 p.
432 2519 500 2583 208.)
525 2520 666 2584 interpuu-
702 2522 801 2571 iunxit:
828 2525 851 2571 et
873 2521 1044 2584 cummanire
1062 2520 1130 2584 (geu.
1150 2519 1225 2582 sing.)

137 2597 204 2656 gunt
222 2596 282 2658 pest
299 2609 325 2644 v.
337 2596 459 2658 colatis,
477 2596 564 2646 uthis
580 2609 623 2646 vv.
642 2600 666 2645 et
701 2609 825 2658 corruperas
835 2597 978 2646 cumaea.
995 2623 1022 2632 -
1035 2597 1127 2660 turpes]
1147 2608 1228 2659 «qua-

138 2669 353 2730 ere--cebore's
369 2670 551 2734 significentur
566 2671 662 2721 Parthi.
702 2675 780 2722 tenus
806 2671 901 2722 taciem
928 2671 1105 2722 deformant.»
1151 2668 1225 2720 ovid.

136 2745 194 2794 Non
220 2743 310 2807 piacet
334 2749 444 2810 propter
464 2746 664 2796 incommodum
702 2749 732 2797 4.
751 2749 781 2796 Α.
801 2747 830 2806 4,
850 2746 913 2797 534ε
951 2746 1082 2797 Clamabat
1105 2745 1228 2810 ttebotqm

136 2813 419 2870 achaemeniam
439 2822 532 2870 Dacos.
701 2821 792 2880 amul,
819 2823 861 2870 sed
877 2826 1011 2883 ciuemque
1035 2821 1147 2880 decebat,
1177 2820 1228 2868 Nec

171 2895 214 2946 49.
232 2895 346 2960 Noscant]
366 2895 490 2946 «audient
501 2910 592 2947 meum
605 2909 666 2947 cen-
700 2896 771 2959 fecte
795 2900 829 2944 est
854 2896 966 2944 marianis
990 2897 1089 2957 turpior
1105 2895 1151 2943 illc
1167 2894 1225 2941 ruis.

139 2973 222 3020 tum.»
257 2971 354 3021 Statius
371 2969 454 3020 Theb.
468 2972 512 3032 42,
526 2971 591 3022 844;
610 2973 666 3022 lam
703 2969 801 3022 Ennius
810 2969 880 3033 apud
890 2971 944 3019 Cic.
958 2971 1035 3020 Tusa.
1050 2971 1073 3028 4,
1088 2969 1131 3018 ta:
1149 2969 1228 3018 Nemo

137 3050 161 3094 te
178 3043 331 3107 (Thebaida)
352 3045 531 3108 cumeanus
547 3047 667 3110 dimeter
701 3059 741 3095 me
757 3045 877 3094 mammis
893 3047 991 3094 decoret
1006 3058 1051 3093 aec
1067 3045 1159 3106 neme
1168 3045 1229 3107 flete

138 3131 255 3170 noscere
281 3119 388 3180 Caesar,
426 3121 493 3169 Itale
512 3122 565 3170 tom
585 3121 667 3171 studio
703 3120 788 3169 Fecit.
815 3117 888 3169 Cur?
919 3120 996 3168 Vctitc
1019 3120 1086 3167 cicu'
1109 3131 1156 3180 per
1181 3131 1228 3166 cre

139 3207 225 3246 urscrr
236 3196 535 3256 maneretqueiucmtus.
551 3223 578 3232 -
593 3197 667 3247 Gete-
701 3197 794 3244 einen
830 3193 931 3244 Seneca
950 3194 996 3258 Ep.
1020 3193 1069 3242 92:
1099 3193 1228 3242 Naainem

137 3270 178 3334 ni]
196 3268 272 3320 Conl.
292 3268 339 3319 Od.
356 3270 387 3329 2,
406 3269 436 3330 9,
454 3269 495 3320 23.
516 3293 543 3306 -
560 3271 664 3336 peritate]
703 3271 864 3332 derupreaw
882 3267 963 3332 officio
979 3281 1050 3331 rupo.
1085 3267 1155 3317 Nulli
1170 3265 1229 3315 reli-

138 3357 189 3408 per
205 3342 359 3408 prolepsin:
379 3343 440 3395 «ubi
457 3343 600 3409 aliquando
617 3347 668 3396 erit
703 3344 1017 3407 quicsmecrccrameadc.
1051 3343 1230 3392 Diserteltee·

135 3419 248 3482 mats,
267 3418 387 3478 cultus»;
407 3418 538 3481 absolute,
556 3422 664 3486 utEpp.
702 3433 777 3470 cenes
797 3419 896 3480 inquit:
926 3419 992 3468 «Nec
1009 3417 1133 3466 tumetum
1148 3429 1227 3474 οπο,-

138 3497 167 3556 2.
186 3497 216 3554 2.
235 3495 298 3546 2⁴32
317 3495 405 3544 exeso
417 3496 514 3557 peritis.
542 3497 666 3561 «Hispani
702 3495 787 3557 sepelit
803 3495 905 3542 Natura
920 3493 1044 3542 relicinae

139 3573 167 3620 et
177 3568 242 3620 Gabi
254 3568 432 3634 Transalpini,
446 3573 491 3634 qui
503 3583 573 3621 nunc
584 3572 666 3624 rudes
736 3569 776 3620 24.
795 3581 963 3629 superaccms
978 3566 1095 3630 tonores]
1123 3566 1228 3631 Epicuri

139 3647 202 3696 suut
218 3645 299 3708 atque
317 3642 421 3705 inculti,
440 3645 604 3696 humanitate
622 3645 667 3696 ali·
705 3645 757 3694 tam
790 3642 876 3693 luerat
900 3638 1013 3708 δόγμα,
1048 3637 1099 3691 τὸν
1131 3637 1228 3703 σοφὸν

139 3718 247 3783 quando
270 3718 364 3769 imbuti
391 3719 487 3783 cupide
505 3733 581 3772 meos
597 3735 667 3784 quo-
704 3713 772 3769 οὐδὲ
780 3713 879 3782 ταφῆς
887 3723 1042 3787 φροντιεῖν.
1055 3717 1129 3780 Diog.
1141 3719 1226 3767 baert.

138 3807 192 3858 que
211 3795 306 3844 cantus
322 3793 458 3845 audient.»
704 3795 749 3855 to,
768 3794 824 3844 448.
845 3792 908 3843 Pliu.
922 3794 987 3858 Epp.
1002 3793 1031 3854 a,
1045 3793 1089 3842 ta:
1114 3794 1229 3854 impenso

171 3870 213 3920 20.
232 3869 393 3931 Rhodanique
406 3869 495 3934 potor]
525 3869 664 3931 «accolam
702 3869 855 3919 moawnerui
871 3882 1029 3931 supervacue
1045 3873 1088 3918 est.
1107 3867 1229 3917 hanoea

139 3958 170 3994 er
203 3943 387 4006 antiquissima
421 3944 523 3994 ratione
554 3943 666 4008 populos
703 3945 784 3994 metri
809 3945 923 4006 durabit,
959 3946 981 3994 ri
1004 3945 1059 3992 cite
1082 3943 1226 3992 maulam

139 4018 305 4081 designandi.
341 4017 413 4068 lliad.
432 4013 466 4080 β,
485 4019 547 4072 825ι
568 4021 667 4070 πίνον-
705 4019 962 4082 (interemptores,
982 4019 1027 4082 qui
1045 4017 1229 4081 nobissuper-

139 4085 375 4163 τεςῧδωρμέλω
386 4089 539 4159 Αἰσήποιο.
559 4094 664 4144 Pindar.
704 4096 780 4156 sunt,
807 4094 858 4144 hac
879 4093 964 4144 torma
981 4094 1083 4158 primus
1106 4103 1170 4141 usus
1188 4093 1229 4140 est

140 4166 246 4232 Olymp.
265 4168 295 4226 6,
308 4167 357 4217 85:
382 4164 498 4233 Θήβαν,
511 4166 589 4231 -τᾶς
600 4166 666 4239 ἐρα-
704 4170 844 4230 Horatius,
872 4169 966 4219 Cicero
987 4180 1095 4231 semper
1112 4164 1229 4229 praefert

140 4237 233 4292 ιεινόν
272 4233 348 4313 ὕδωρ
388 4242 508 4308 Πίομαι.
564 4245 665 4294 Seneca
704 4242 925 4306 arpeueccueus.)

592 4361 775 4370 m-——noe
