3080 4980
694 433 821 485 llOllAl’ll
839 433 1007 486 CAlilllNUll

501 594 609 660 Certat
630 591 813 679 tergeminis
835 590 946 659 tollere
968 589 1162 670 honoribus;

542 712 648 788 lllum,
673 713 699 777 si
723 713 854 800 proprio
877 711 1019 778 condidit
1040 711 1174 788 horreo,

375 951 397 999 8.
418 951 496 1000 certet
513 951 543 1006 S.
564 962 610 1000 sex
627 950 693 998 Poll.

309 1176 379 1237 Quod
399 1174 465 1223 onim
485 1174 590 1236 frenco,
613 1171 830 1234 comsumptio
866 1170 1022 1235 respuebat,
1046 1169 1095 1222 sed
1114 1171 1277 1233 homonymo
1294 1172 1389 1232 tollore,

308 1253 342 1298 lot
358 1253 451 1310 motas,
469 1253 554 1297 tantm
569 1251 622 1296 tam
637 1247 725 1295 carim
740 1245 830 1296 ladem
866 1243 970 1303 Salustii
986 1245 1120 1309 Tacitique
1142 1245 1328 1296 auctoritatem
1345 1259 1390 1296 se-

303 1323 400 1385 patctis
415 1323 564 1386 opiwtioocs
573 1323 702 1387 tlawtowo,
721 1325 830 1383 maeatas
866 1318 911 1381 qui
929 1317 1018 1369 malui.

303 1396 504 1458 perturbationes
520 1401 543 1446 at
560 1401 666 1458 munem
683 1400 765 1445 cestra
780 1395 828 1444 io-
898 1393 922 1443 9.
945 1394 967 1442 Α
984 1393 1117 1444 senatorio
1134 1392 1226 1443 ordine
1244 1395 1340 1445 transit
1355 1393 1391 1444 ad

306 1470 426 1520 deiratio
448 1469 624 1520 coriticam?
656 1483 705 1534 pro
722 1467 827 1520 Plancio
866 1468 969 1530 equites
986 1465 1028 1516 vel
1041 1467 1218 1530 negotiatores
1229 1467 1271 1518 vel
1284 1468 1391 1520 lstimn-

305 1545 330 1607 t,
340 1546 369 1595 9:
382 1545 439 1595 Noc
450 1550 485 1595 cst
495 1545 560 1594 caim
568 1545 698 1595 cundiam
706 1543 732 1594 io
742 1544 827 1608 colpe,
864 1543 969 1592 diorum
980 1555 1159 1606 possessores,
1178 1541 1275 1593 deinde
1293 1543 1330 1594 ad
1341 1544 1392 1594 ho·

304 1620 451 1682 acerelio,
469 1634 519 1669 noo
536 1619 680 1680 (4444444444,
702 1634 753 1669 ooo
770 1619 828 1668 dili-
865 1619 951 1668 mines
967 1617 1129 1678 rusticanos,
1151 1618 1245 1682 postea
1262 1617 1299 1668 ad
1316 1631 1391 1669 mer-

303 1695 395 1759 944444.
418 1723 444 1730 -
463 1697 538 1744 Anno
556 1708 582 1744 u.
601 1707 625 1743 c.
644 1694 701 1743 767.
731 1693 828 1744 'liberii
865 1693 978 1752 catores,
997 1694 1133 1756 postremo
1151 1692 1184 1742 ad
1203 1706 1260 1754 eos,
1281 1695 1390 1758 quince

305 1771 378 1820 iussu
396 1770 509 1830 pannem
530 1781 651 1830 scampe
672 1768 773 1816 comdto
794 1769 828 1816 cd
864 1766 997 1816 honomm
1009 1765 1096 1829 cupidi
1109 1779 1196 1830 nequo
1209 1765 1252 1817 ulli
1265 1770 1390 1830 quaestui

300 1849 387 1906 patres
404 1844 530 1894 tromtoto
551 1849 622 1892 nont:
644 1855 705 1892 nam
721 1843 755 1890 ad
771 1855 828 1891 eom
864 1839 974 1898 addicti,
997 1852 1046 1889 suo
1063 1841 1176 1904 quisque
1196 1841 1284 1893 studio
1302 1840 1391 1892 indul-

304 1919 368 1966 dicm
384 1917 429 1966 etsi
436 1918 567 1979 potissim
578 1917 684 1966 arbitio
693 1917 825 1978 principis,
865 1915 935 1975 gent.
949 1939 976 1950 -
989 1913 1123 1975 4440ρή44444
1140 1917 1291 1978 granarium
1303 1930 1390 1982 oppo-

304 1993 429 2054 quaedam
444 1997 528 2040 tomen
547 1993 635 2041 stadiis
655 1991 766 2040 tribuam
780 1993 826 2056 flo-
864 1987 935 2038 nitur
950 1988 1048 2050 partim
1064 1987 1179 2052 publico,
1198 1991 1294 2053 partim
1316 2003 1391 2042 mer-

304 2065 371 2116 bcot.
390 2065 451 2116 Tac.
470 2068 536 2115 Anu.
556 2067 580 2124 4,
600 2067 641 2115 rs.
864 2062 930 2112 cede
949 2062 1089 2112 conducto.
1120 2064 1184 2125 Fuit,
1204 2065 1247 2127 qui
1266 2067 1325 2115 sina
1337 2063 1389 2114 ulla

335 2140 360 2190 8.
391 2140 540 2204 torporaiats]
560 2139 664 2189 «tribus
681 2138 826 2190 maioribus
864 2151 944 2187 eausa
956 2136 1167 2200 reprehenderet
1177 2151 1322 2189 numerum
1334 2140 1391 2189 sin·

303 2213 520 2278 magistratibus,
560 2213 693 2265 aedilitate
728 2213 824 2275 curuli,
863 2210 992 2274 gadaram,
1012 2224 1064 2260 non
1077 2213 1390 2276 sentiensquamingra-

302 2292 441 2354 praetura,
460 2287 611 2350 consulatu,
630 2290 675 2352 qui
692 2289 751 2340 finis
770 2292 827 2340 erat
863 2289 920 2336 lum
941 2285 1034 2336 luisset
1050 2287 1164 2347 propriis
1179 2314 1193 2324 -
1209 2288 1306 2338 4444444
1327 2290 1389 2340 ante

303 2365 464 2415 honorum.»
501 2365 658 2428 Torpentem
674 2365 746 2414 enim
763 2363 825 2414 nihil
862 2359 959 2420 Libycis
969 2361 1044 2408 arcis.
1059 2362 1125 2410 -ln
1137 2375 1179 2410 vv.
1195 2363 1321 2424 Quidquid
1334 2364 1387 2413 oet.

302 2437 374 2488 aliud
401 2451 483 2502 quam
510 2439 602 2501 triplae
627 2439 767 2502 significat,
797 2441 827 2489 ut
863 2434 938 2486 lacilc
963 2448 1092 2498 agnoscas
1113 2432 1277 2507 ὑπερβολὴν
1301 2438 1389 2502 potiti-

303 2514 374 2579 apud
391 2515 445 2564 Liv.
459 2515 482 2574 6,
502 2514 530 2564 7:
549 2515 827 2578 triponinaeotctorioe
863 2522 923 2560 eam
940 2523 989 2575 pro
1011 2511 1064 2561 his:
1089 2512 1191 2563 «Omne
1214 2513 1388 2572 trumentum,

302 2591 423 2652 triplicem
439 2590 605 2652 triumphatam
623 2589 694 2653 apud
706 2590 826 2640 Pseudo-
863 2585 935 2649 quod
953 2585 1067 2636 efferunt
1088 2586 1144 2636 eius
1166 2586 1301 2638 latinmdia
1319 2589 1390 2640 anr-

304 2662 424 2714 tibullum
442 2663 466 2724 3,
485 2663 509 2723 4,
528 2663 557 2712 8:
578 2664 748 2728 Topeninam
760 2664 827 2715 Cer·
863 2674 956 2710 cana.»
991 2660 1039 2710 0d.
1059 2659 1083 2720 3,
1103 2661 1143 2720 46,
1162 2662 1207 2711 26:
1228 2663 1389 2726 siqctdqutd

303 2737 362 2786 beri
379 2743 468 2799 copul:
486 2738 560 2786 Statii
577 2735 667 2786 Silvar.
687 2739 710 2798 4,
724 2739 749 2800 2,
763 2739 824 2790 tsi:
863 2739 923 2784 arat
938 2735 1045 2797 impipcr
1060 2735 1164 2796 Apulus,
1183 2736 1314 2787 Occatltare
1327 2738 1390 2786 meis

301 2812 639 2873 saptempaatno--liomo
669 2812 740 2874 Virg.
759 2815 823 2864 Aen.
863 2811 958 2859 dicerer
973 2809 1076 2859 torrem.
1097 2811 1149 2858 Sal.
1168 2811 1192 2870 2,
1211 2811 1236 2869 3,
1255 2812 1300 2862 87:
1319 2813 1390 2862 Fra-

303 2887 327 2946 6,
338 2885 398 2936 487ι
412 2887 621 2950 contemperatam
631 2887 760 2949 Briareus,
774 2901 826 2936 non
862 2884 938 2934 mooli
955 2889 1079 2946 pacatum
1098 2886 1169 2933 nictit
1183 2885 1278 2949 Africo.
1314 2887 1390 2937 lianc

305 2961 425 3010 «centies
442 2958 573 3025 duplex»,
593 2963 622 3010 ut
638 2958 693 3010 volt
709 2962 824 3024 servius,
862 2959 1027 3022 provinciam
1044 2959 1163 3008 omnium
1178 2973 1232 3010 una
1249 2973 1310 3010 curn
1322 2962 1390 3011 Sici·

303 3035 352 3085 sed
371 3036 575 3096 «centimanus»,
594 3034 636 3085 vel
649 3036 825 3099 «centiceps»
863 3032 897 3083 lia
919 3035 946 3082 el
967 3035 1087 3097 Aegypto
1104 3031 1181 3096 longe
1200 3035 1389 3086 fertilissimam

303 3109 380 3170 Quod
396 3112 486 3159 autem
503 3111 528 3158 in
541 3111 700 3160 contrariam
717 3111 827 3160 senten·
864 3111 995 3158 memorat
1013 3107 1173 3158 Claudianus
1191 3108 1306 3160 debello
1319 3111 1386 3161 Gild.

304 3185 367 3234 tiam
384 3185 497 3236 aderunt
512 3184 635 3236 Martialis
647 3185 671 3246 3,
690 3185 731 3246 lo,
750 3183 777 3236 8:
796 3186 829 3236 At
863 3184 908 3233 55:
928 3182 1007 3243 libya
1022 3188 1046 3232 44
1055 3183 1279 3234 Nilne-dominam
1291 3184 1389 3247 plebem

304 3259 347 3308 litt
367 3261 530 3323 torporiosam
549 3261 643 3322 mapiot
667 3261 708 3310 ille
729 3261 824 3323 sopitos,
863 3257 1053 3319 oaucwrompoc
1069 3262 1182 3308 44444444
1199 3259 1322 3310 classibus
1342 3273 1389 3310 aa·

303 3335 409 3397 proprie
432 3347 483 3382 non
507 3335 548 3382 est
565 3335 613 3384 nisi
632 3339 669 3384 ter
685 3337 824 3398 repetitum.
863 3333 932 3382 stiois
948 3333 1020 3382 aloa
1035 3337 1059 3382 44
1074 3333 1167 3381 torreo
1182 3333 1310 3395 coraploot.
1339 3336 1390 3384 Se-

304 3408 466 3470 dmplisss'mis
492 3405 646 3471 simpliciter
678 3410 825 3474 significare
863 3420 929 3458 neca
947 3407 994 3469 Ep.
1008 3406 1051 3456 89:
1072 3407 1202 3469 anatspua
1216 3409 1278 3472 tinas
1289 3421 1389 3470 posses·

305 3481 404 3545 nequit.
431 3481 480 3540 Qui
497 3480 531 3530 dc
548 3479 642 3544 plausu
653 3483 773 3534 theatrali
785 3487 826 3535 in·
862 3483 960 3531 sonmo
976 3480 1170 3544 propapotltts?
1193 3482 1260 3546 Aper
1274 3484 1320 3533 oni
1341 3485 1388 3534 do-

304 3557 440 3620 terpretoti
457 3557 530 3616 sunt,
548 3555 693 3608 verborum
707 3560 825 3623 ipsorum
862 3557 939 3616 mino,
969 3555 1012 3616 cai
1032 3555 1154 3617 populum
1170 3559 1243 3619 cepit,
1266 3563 1388 3622 4494444444

305 3629 403 3681 nullam
420 3631 549 3680 rationem
565 3630 724 3683 habuerunt.
740 3661 768 3670 -
780 3635 827 3684 ho-
862 3635 905 3682 est.

304 3704 415 3768 matio]
437 3707 505 3756 Casu
527 3710 614 3768 sexto,
638 3709 674 3757 uti
696 3707 746 3758 Sal.
769 3709 823 3773 lug.
897 3707 936 3756 444.
965 3705 1084 3769 condor]
1111 3707 1174 3756 Post
1194 3707 1387 3757 triturationem
1473 3703 1477 3714 '

305 3779 351 3832 ts:
369 3785 398 3829 ct
414 3782 700 3843 pomtouo--pocsmio
720 3787 766 3832 out
780 3785 827 3833 lo-
864 3781 952 3845 scopis
961 3793 994 3830 en
1005 3779 1181 3831 araasubdio
1193 3779 1318 3830 collocata
1331 3779 1388 3830 col·

304 3867 366 3904 acra
392 3855 524 3904 4444444444.
560 3857 620 3905 Tac.
649 3860 716 3906 Ann.
747 3857 771 3918 4,
796 3857 824 3907 3:
864 3853 950 3918 ligitur
966 3856 994 3904 et
1008 3867 1095 3904 vanno
1112 3858 1248 3919 purgatur,
1270 3857 1299 3904 ul
1315 3867 1387 3906 nuuc

305 3929 437 3980 Claudiano
463 3929 611 3980 Marcellam
634 3930 781 3994 pontificata
805 3935 828 3981 44
865 3928 1107 3994 quoqueltalorum
1119 3942 1178 3980 mos
1196 3931 1244 3981 est.
1274 3931 1389 3980 Venitur

305 4005 387 4054 widi
403 4005 615 4055 4444444444--44
633 4004 772 4068 Aprippcm
782 4019 827 4068 po-
864 4005 953 4054 autem
975 4001 1129 4068 simpliciter
1149 4004 1201 4054 hoe
1222 4015 1290 4068 opus
1306 4003 1388 4054 rusti-

305 4079 408 4129 minoas
423 4079 590 4128 ommibus
600 4079 697 4128 «4444444.
724 4078 781 4140 Alii,
800 4082 829 4130 ut
865 4091 926 4130 etun
942 4078 1071 4142 significat
1088 4080 1145 4130 sine
1166 4077 1218 4128 ulla
1235 4078 1387 4142 cupiditatis

307 4153 423 4216 liniter,
442 4167 490 4219 pro
502 4152 591 4204 dativo
602 4153 742 4218 accipiunt,
754 4139 830 4206 utsii
864 4154 985 4213 notione,
1009 4165 1090 4216 quarn
1110 4152 1152 4203 alii
1169 4154 1193 4203 ei
1209 4165 1233 4202 v.
1261 4153 1386 4204 obtruso-

308 4229 357 4280 «ad
369 4230 510 4280 honores.»
536 4229 600 4292 Ego,
614 4227 735 4294 momnis
749 4231 827 4293 poem
863 4231 934 4278 runt.

308 4317 360 4352 non
372 4315 436 4354 usus
444 4304 509 4353 situ⁴
520 4305 617 4367 efferre,
630 4303 702 4368 quod
711 4307 826 4354 metrum
895 4305 951 4354 lam
968 4303 1159 4368 simplicissima
1173 4303 1239 4354 ratio
1251 4305 1300 4360 est,
1319 4303 1348 4350 ut
1359 4301 1385 4348 in
