3078 4978
541 427 641 476 urnun.
679 386 776 477 canu.
796 428 825 476 v.
872 449 876 458 ·

290 581 417 661 Quibus
440 581 615 669 superbam
638 583 716 670 sugit
737 582 802 648 ulta
825 581 989 670 pellicem,

334 704 438 791 Magni
464 703 609 771 Creontis
633 703 745 781 filiam,

292 827 373 892 Cum
395 825 494 913 palla,
520 825 593 892 tabo
616 847 733 892 munus
755 825 924 900 imbutum,
949 845 1066 892 novam
1166 829 1206 892 65

334 947 486 1014 lucendio
508 957 639 1035 nuptam
663 947 801 1014 abstulit.

291 1069 384 1157 Atqui
408 1089 470 1136 noo
492 1069 592 1136 herba
615 1089 675 1136 neo
697 1069 800 1136 latens
824 1071 855 1134 in
879 1071 1003 1156 asperis

332 1191 433 1258 Radix
456 1189 564 1257 fefellit
586 1212 639 1259 rne
661 1190 751 1258 iocis.

293 1312 448 1379 indormit
470 1313 574 1380 unctis
597 1313 738 1378 omnium
762 1313 920 1380 cubilibus

336 1434 507 1502 Oblivione
529 1432 690 1522 pellicum.
712 1472 756 1482 -
1166 1439 1206 1502 70

184 1617 226 1666 63,
245 1615 353 1678 superba
364 1615 409 1676 Bc,
420 1632 463 1681 γκ.
480 1614 518 1678 (Ut
529 1628 591 1676 nos,
604 1613 649 1676 bS,
663 1614 747 1664 Codd.
761 1614 908 1679 Blendium]
923 1643 949 1652 -
965 1617 1087 1679 poeticam
1099 1618 1127 1667 B.
1144 1647 1171 1654 -

152 1692 194 1741 65.
215 1691 363 1754 insectumlt
382 1691 505 1750 meus‚B
524 1688 640 1740 Oberlini
658 1691 685 1739 et
702 1703 769 1740 unus
781 1691 883 1740 Bersm.
903 1719 930 1726 -
953 1692 993 1741 70.
1004 1692 1131 1755 poeticum
1141 1694 1170 1742 B.

118 1842 241 1900 inanem,
272 1840 317 1902 qui
344 1837 386 1888 illo
406 1841 540 1902 unguento
561 1852 641 1900 usus,
683 1852 808 1902 arrogans
820 1839 933 1891 videtur.
960 1841 1206 1906 Longehocsigni-

117 1915 191 1978 quod
218 1915 274 1978 ipsa
295 1913 328 1963 ad
349 1925 430 1963 canes
450 1914 477 1963 in
494 1926 557 1963 eum
576 1914 644 1962 inci·
682 1914 803 1966 licentius
812 1927 894 1978 quam
906 1914 988 1966 altera
999 1914 1077 1967 lectio
1088 1917 1204 1979 roperta

119 1989 215 2040 landas
234 1987 644 2061 temperaverat,mcretriclbus
683 2017 711 2024 -
728 1990 805 2053 [ιιμίι]
832 1991 977 2052 «Athenas,
1005 2005 1086 2041 curru
1110 1991 1206 2042 draco-
1280 1991 1286 2040 .'

116 2063 265 2114 Suburanls
297 2061 455 2127 placiturum
485 2077 515 2113 se
543 2064 641 2127 speret.
681 2062 760 2113 nibus
778 2063 867 2114 iuncto
884 2078 933 2128 per
950 2069 1041 2115 aerem
1059 2068 1179 2116 avecta.»

116 2139 153 2188 lis
174 2138 218 2188 llis
234 2137 402 2201 potissimum
419 2149 462 2187 vv.
482 2136 643 2188 scholiastae
714 2136 801 2186 eti-68.
825 2139 907 2202 pullu]
931 2138 999 2189 Misit
1023 2139 1137 2191 Glaucae
1159 2138 1206 2190 λε-

115 2211 255 2274 collegisse
274 2212 406 2272 ridentur,
427 2211 563 2262 Canidiam
580 2224 643 2276 pro·
681 2207 754 2260 πτόν
770 2225 802 2260 τε
819 2211 926 2262 πέπλον
942 2213 992 2262 καὶ
1009 2211 1118 2264 πλόκον
1135 2229 1205 2286 κρυ-

116 2287 207 2351 palam
225 2285 305 2336 luisse
333 2287 548 2349 unguentariam,
575 2287 643 2336 intra
680 2281 816 2351 σήλατον.
843 2287 932 2351 Eurip.
951 2289 1020 2338 Med.
1039 2289 1096 2340 786.
1118 2317 1145 2327 -
1164 2295 1206 2341 ta·

117 2361 282 2412 domesticos
295 2361 411 2425 parietes
422 2373 523 2424 sagam.
542 2361 642 2411 Verum
679 2361 751 2424 bum,
776 2375 816 2425 pr.
835 2363 943 2424 sanguis
961 2365 1118 2427 corruptus,
1140 2365 1168 2415 ir.
1187 2364 1203 2415 l.

115 2439 169 2487 tota
197 2448 242 2485 res
264 2437 305 2485 est
324 2435 388 2485 satis
405 2436 519 2485 incerta:
546 2434 642 2499 philtra
680 2450 728 2500 pro
745 2450 866 2498 veneno,
885 2435 944 2500 lue,
967 2441 997 2488 ut
1013 2439 1084 2502 Virg.
1108 2441 1154 2490 Ge.
1173 2440 1203 2500 3,

116 2509 229 2574 quidem
246 2523 316 2573 quae
339 2511 433 2560 miscet
450 2509 557 2573 mulier,
576 2523 642 2560 oon·
680 2511 740 2562 lat:
771 2513 855 2576 infecit
874 2512 972 2575 putata
993 2513 1066 2574 lat03
1094 2527 1127 2564 ex
1151 2528 1205 2578 quo

115 2587 276 2636 sentaneum
294 2586 347 2646 est,
367 2587 396 2635 ut
411 2586 491 2635 etiam
508 2587 642 2650 unguenta
679 2585 738 2636 loco
762 2585 871 2637 fluxisse
894 2588 1001 2638 ridetur
1022 2589 1204 2653 antiquissima

118 2671 283 2725 praeparare
313 2660 413 2723 possit;
451 2661 541 2710 utrum
572 2662 641 2712 hano
680 2664 707 2711 el
732 2661 855 2712 notabilis
873 2661 951 2712 lectio
968 2665 1103 2728 insertum,
1133 2663 1206 2726 quod

113 2737 204 2784 artem
236 2747 266 2782 re
296 2745 359 2783 uera
388 2737 514 2784 exerceat
540 2747 640 2798 necno,
679 2737 849 2786 manilestum
868 2739 910 2787 est
927 2735 1066 2799 glossema.
1095 2762 1122 2771 -
1152 2739 1206 2787 Na-

115 2808 179 2860 nilrii
199 2809 298 2858 attinet.
679 2811 791 2874 phtham
819 2812 847 2859 et
873 2809 958 2860 suilur
987 2810 1069 2860 luisse
1098 2809 1206 2861 tradunt

147 2880 238 2933 ul-ol.
264 2883 316 2932 Cor
332 2883 400 2945 dira]
418 2884 489 2933 «Cur
506 2883 562 2947 ipsa
581 2897 641 2933 mea
679 2897 828 2944 venenum,
846 2897 900 2948 quo
912 2882 1046 2934 aemulam
1058 2884 1206 2949 perdiderit

113 2969 234 3018 venena,
262 2970 314 3006 non
340 2959 428 3008 minus
450 2957 570 3021 proiecto
591 2972 642 3022 po-
680 2958 783 3010 llledea.
798 2957 945 3021 Clr.Epocl.
960 2957 1075 3020 3,t3.-
1093 2957 1205 3021 inaspe-

114 3031 199 3084 tentia
222 3044 303 3095 quam
326 3046 370 3093 ea,
395 3032 492 3096 quibus
515 3047 562 3084 usa
585 3035 642 3084 lte-
679 3032 848 3096 rannus]
878 3033 920 3081 Sic
944 3034 1047 3084 aconita
1067 3037 1206 3082 noscuntur

114 3107 169 3157 dea
188 3107 318 3157 Creusam
334 3119 356 3157 s.
375 3105 491 3157 Glaucen
514 3110 641 3159 ettotam
679 3107 1028 3168 duraoivoetncautaovid.
1039 3107 1099 3158 uel.
1110 3105 1202 3167 alls.

114 3183 238 3233 Creontis
257 3183 357 3246 regiam
374 3183 496 3232 incendio
514 3197 641 3234 consum·
712 3181 743 3232 69
755 3209 770 3218 -
782 3182 822 3230 lt.
847 3181 968 3230 ludmmit
988 3182 1054 3243 oet]
1074 3181 1162 3244 Pergit
1179 3182 1204 3231 in

113 3258 181 3322 psit,
209 3255 271 3306 nihil
289 3251 360 3307 nun'c
377 3257 441 3308 mihi
463 3261 576 3323 prosunt
593 3273 641 3309 ne·
680 3255 835 3307 enarrandis
853 3256 908 3306 suis
925 3253 1042 3316 artibus,
1061 3269 1112 3306 neo
1129 3269 1203 3316 vero,

114 3345 170 3395 que
198 3329 279 3382 ullam
302 3333 357 3381 vim
385 3333 411 3382 in
437 3333 537 3383 Varum
563 3347 642 3383 exer·
678 3333 709 3382 ut
732 3329 826 3382 volunt
851 3329 906 3391 alii,
943 3343 973 3380 se
999 3329 1034 3379 ab
1065 3328 1114 3379 alia
1141 3343 1205 3393 saga

114 3407 218 3456 conti»
248 3407 290 3456 Sic
316 3407 387 3458 enim
413 3406 483 3457 malo
509 3406 640 3472 explicare
680 3404 784 3456 aemula
804 3405 901 3455 victam
919 3404 1024 3455 latetur.
1050 3405 1136 3454 immo
1153 3404 1205 3456 hoc

114 3492 199 3544 quam
223 3492 285 3530 cum
307 3479 378 3532 aliis:
409 3483 479 3532 “Cur
499 3481 556 3531 dira
580 3495 641 3532 mea
680 3493 787 3545 quoque
813 3481 882 3530 inter
904 3481 972 3529 ritus
995 3479 1130 3542 magicos,
1150 3481 1207 3543 qui-

113 3567 221 3605 venena
240 3555 327 3606 minus
344 3555 433 3606 valent
452 3557 563 3606 venenis
586 3557 642 3606 lle·
679 3555 731 3606 bus
754 3558 815 3605 ante
838 3567 886 3604 usa
910 3556 957 3614 sit,
993 3557 1138 3616 memorat,
1168 3556 1207 3605 in·

113 3629 217 3679 deaei»
239 3630 370 3680 Theocrit.
389 3632 414 3691 i,
428 3629 468 3682 ll.
480 3631 522 3681 ed.
536 3630 639 3681 Ameis:
679 3631 786 3681 unxisse
799 3642 828 3679 se
841 3629 901 3678 Vari
917 3629 1000 3693 ipsius
1012 3628 1139 3680 lectulum
1151 3643 1207 3680 ma·

114 3703 202 3774 Xaip'
225 3697 331 3754 Ἕνάτα
355 3702 511 3770 inculpa,
537 3705 586 3754 καὶ
612 3703 642 3767 ἐς
679 3707 738 3769 gioo
756 3717 838 3764 suco,
863 3706 938 3755 cuius
955 3718 986 3755 ea
1003 3706 1044 3756 vis
1062 3705 1154 3768 luerit,
1177 3709 1206 3756 ut

114 3778 196 3842 τέλος
224 3773 318 3846 ἄμμιν
348 3774 466 3843 duddan,
499 3777 642 3852 Φάρμακα
680 3780 721 3831 ille
740 3779 943 3830 oblivisceretur
959 3779 1204 3832 omniumaliarum

114 3849 193 3905 ταῦτ’
215 3848 334 3924 aptoton
359 3858 491 3926 χερείονα
516 3853 591 3922 μήτε
616 3871 642 3907 τι
680 3856 828 3906 amicarum
844 3856 953 3919 practer
964 3855 1059 3919 ipsam.
1088 3855 1142 3905 Sed
1157 3869 1206 3906 ne-

115 3929 225 3998 Ktpaag
233 3924 313 3994 Μήτι
325 3944 351 3980 τι
359 3928 485 3996 Μηδείας
495 3929 570 3996 μήτε
579 3926 643 3995 ξαν-
680 3943 732 3994 que
751 3929 804 3979 hoc
820 3927 986 3980 aemularum
1002 3929 1158 4000 μίσηθρον,
1177 3930 1207 3977 ut

114 4001 356 4072 θᾶςΠεριμήδας.
375 4005 643 4067 rin.l,a,5l:s‹1ta
680 4005 812 4055 contraria
829 4003 960 4075 φίλτροις
976 4003 1123 4064 vocabant,
1143 4005 1206 4054 tuno

115 4079 287 4129 teneremulas
295 4082 398 4131 Medeae
407 4081 498 4129 dicitur
505 4081 640 4144 tarbossq.
682 4093 742 4130 eam
760 4080 871 4129 iuverat.
893 4109 921 4116 -
941 4081 1025 4130 Minus
1042 4080 1132 4128 rectae
1144 4080 1207 4127 sunt

115 4153 258 4216 aripertum]
276 4155 305 4203 ut
322 4155 409 4205 omnis
429 4153 548 4216 aemula,
567 4168 643 4219 prae·
681 4153 747 4204 aliae
760 4154 1005 4218 interpretationes:
1026 4153 1048 4216 t)
1063 4151 1206 4202 «indormit

116 4227 196 4278 latam
221 4241 253 4278 ac
276 4227 420 4279 feliciorem
446 4241 475 4280 se
498 4230 641 4294 reputans,
681 4227 814 4279 cubilibus
835 4230 953 4280 omnium
972 4239 1093 4277 mearum
1111 4237 1206 4276 oemu-

117 4304 153 4362 οἱ,
174 4304 248 4354 cuius
267 4315 372 4354 amores
392 4303 486 4364 laedit,
506 4304 595 4368 iniqua
617 4306 644 4354 ct
681 4302 768 4354 larum
787 4305 872 4354 unctis
890 4301 1022 4353 obliuione
1041 4301 1131 4358 mei;»
1152 4299 1205 4360 vei,
