3078 4978
638 475 641 481 .
736 429 864 479 llOllATll
883 429 1011 480 Erotion

457 587 633 672 Postquam
656 583 777 652 relictis
799 586 969 655 moenibus
991 608 1049 654 rex
1072 588 1209 676 procidit

395 769 400 786 ,
458 708 528 772 Heu
551 706 729 794 pervicacis
752 707 794 774 nd
817 707 920 795 pedes
941 708 1084 775 Achillei.

459 829 573 894 Sctose
596 827 685 894 duris
709 849 829 897 exuere
853 828 991 916 pellibus

457 951 623 1018 Laboriosi
650 951 789 1038 remiges
817 950 919 1019 Ulixei

456 1072 588 1139 Volente
612 1072 704 1140 Circa
729 1072 891 1152 membra3
914 1083 990 1141 tunc
1012 1096 1103 1142 mens
1125 1085 1158 1142 et
1184 1095 1286 1144 sonus

455 1192 614 1281 Relapsus
640 1204 737 1281 atque
759 1203 854 1260 notus
882 1194 914 1258 in
934 1193 1039 1262 voltus
1064 1194 1178 1263 honor.

454 1314 536 1381 Dedi
564 1315 640 1380 sotis
661 1336 826 1403 superque
850 1335 1030 1403 poenarum
1053 1317 1125 1394 tibi,

455 1439 566 1502 Amata
591 1435 697 1502 nautis
721 1435 856 1502 multum
882 1447 915 1502 et
937 1436 1145 1504 institoribus.
1374 1443 1409 1506 20

456 1555 548 1644 Fugit
572 1557 719 1623 iuventas
742 1567 774 1622 et
798 1556 1005 1626 verecundus
1029 1557 1119 1626 color

456 1675 595 1765 Reliquit
622 1697 697 1742 osse
721 1675 805 1764 pelle
832 1679 947 1746 amicta
970 1678 1094 1758 luride3

393 1851 433 1899 li.
453 1849 522 1900 Circe
539 1846 606 1909 bic,
630 1847 740 1899 Bentleii
758 1861 852 1900 omnes
869 1851 977 1915 praeter
994 1865 1063 1902 corr.
1081 1849 1111 1914 β,
1124 1851 1185 1902 LCt.
1207 1853 1249 1917 (ut
1265 1867 1328 1915 nos,
1346 1856 1378 1914 B,

361 1925 476 1977 Petticrii
493 1923 517 1986 3,
531 1924 562 1985 7,
574 1923 616 1982 8.,
635 1921 755 1974 Valerius
773 1923 875 1976 Probus
892 1939 919 1990 p.
939 1925 1012 1978 itte.
1031 1926 1070 1989 P.)
1090 1954 1117 1964 —
1141 1927 1181 1978 ⁴8.
1202 1929 1306 1980 iiolutm
1320 1928 1380 1988 iilic,

363 2001 413 2051 [Ο.
442 2001 480 2064 (Ut
496 2012 559 2059 nos,
579 1999 607 2060 T,
625 1996 664 2059 βκ
682 2011 761 2050 «cum
779 2001 897 2065 quinque
922 1997 979 2051 eliis
996 1999 1119 2060 Bentleii.
1147 2003 1194 2065 qui
1221 2015 1285 2054 cum
1309 2005 1377 2055 Torr.

360 2074 496 2140 praetulit,
516 2075 582 2124 Pott.
601 2085 661 2136 sex,
680 2073 758 2136 Fili.)
778 2101 806 2112 -
826 2076 866 2125 te.
886 2074 939 2136 tibi,
958 2075 1088 2126 Odmutu
1105 2073 1226 2128 malebat
1242 2077 1379 2129 Bentleius.

362 2178 389 2186 -
408 2151 449 2200 m.
469 2162 525 2200 erra
541 2148 617 2199 Bth
634 2161 697 2200 cum
715 2149 811 2200 ceteris
829 2149 914 2200 codd.
932 2151 1015 2210 notis.
1035 2151 1117 2202 LCtF:
1145 2165 1194 2201 ora
1211 2153 1298 2205 Bentl.
1316 2154 1379 2206 euni.

362 2228 389 2275 et
405 2227 438 2275 Μ.
468 2251 495 2262 -
526 2225 633 2274 amictus
658 2225 691 2285 B,
709 2239 761 2286 κν,
788 2225 895 2274 amictus
916 2239 944 2284 χ.
971 2224 1091 2288 (Amlrtus
1115 2225 1257 2291 amplexus
1275 2231 1316 2281 est
1333 2229 1382 2279 Cu·

360 2298 449 2361 ningh.
469 2299 525 2349 sic:
544 2299 651 2359 Reliquit
667 2297 742 2362 (mel,
761 2309 818 2348 esra
831 2299 896 2361 pello
912 2299 1019 2350 amictus
1036 2299 1112 2364 (sum)
1130 2301 1241 2368 lurida.)

326 2438 423 2489 Priami
444 2437 571 2501 precihus
588 2437 698 2488 tandem
716 2438 852 2488 exorato.»
891 2441 918 2489 et
943 2438 1083 2502 dignitas.»
1111 2441 1219 2492 Etenim
1235 2439 1253 2493 l.
1272 2439 1290 2492 i.
1310 2455 1335 2492 v.
1354 2441 1407 2490 att:

326 2509 394 2560 Illud
410 2511 527 2560 minetur
542 2506 572 2560 ll.
590 2521 632 2574 ψ,
652 2511 712 2562 tes:
730 2505 853 2581 Ἕκτορα
883 2505 996 2583 Ἄνδρες
1012 2512 1035 2563 δ’
1055 2507 1104 2579 ἂψ
1126 2513 1262 2581 ἐγένοντο
1286 2511 1408 2584 νεώτεροι

326 2582 350 2634 δ’
365 2577 430 2636 οὔτι
443 2581 534 2635 Δώσω
543 2581 707 2654 Πριαμίδην
724 2587 792 2656 πυρὶ
806 2583 855 2636 δα·
891 2581 912 2652 ἢ
931 2585 1025 2658 πάρος
1041 2579 1118 2654 ἦσαν
1135 2589 1192 2640 Καὶ
1210 2586 1286 2642 πολὺ
1303 2588 1407 2641 καλλίο-

327 2653 533 2725 πτέμεν,ἀλλοὶ
544 2655 690 2710 κύνεσσιν.
706 2683 732 2694 -
747 2660 853 2712 morici-
890 2677 937 2726 νος
973 2663 1023 2714 καὶ
1056 2664 1185 2728 μείζονες
1213 2661 1406 2735 εἰσοράασθαι.

326 2737 394 2800 dum]
413 2736 458 2786 hic
476 2749 538 2786 cum
555 2735 634 2786 laude
652 2736 761 2786 devino
779 2736 851 2798 lorti,
891 2737 946 2786 liec
966 2738 1157 2800 significatione
1174 2743 1322 2804 usurpatur
1337 2739 1406 2790 etiem

327 2811 374 2875 qui
392 2809 489 2862 multos
506 2811 532 2861 in
544 2809 652 2875 proeliis
664 2811 800 2862 occiderit.
822 2811 851 2862 ll.
890 2811 917 2861 in
933 2824 1007 2862 num.
1028 2811 1097 2877 plur.
1120 2813 1190 2876 Vir-g.
1213 2815 1282 2866 Aen.
1309 2817 1336 2876 l,
1352 2813 1405 2864 tiit:

327 2902 362 2948 α,
380 2885 443 2937 ili:
462 2877 519 2936 οὔτ’
531 2879 570 2935 ἄν
582 2884 684 2937 πολλοὶ
695 2881 744 2948 ὑφ’
755 2879 854 2938 ‘'liure-
889 2886 967 2937 luctor
988 2886 1067 2937 oeulis
1088 2887 1195 2952 opturet
1221 2889 1342 2950 ὴοιιοιιι,
1365 2885 1405 2938 ubi

326 2975 379 3030 ρος
395 2953 593 3030 ἀνδροφόνοιο
610 2957 793 3026 Θνήσκοντες
810 2963 854 3014 rri-
890 2961 979 3012 stetim
996 2961 1104 3012 additur
1119 2964 1201 3014 decus.

327 3047 427 3085 πτωσι.
446 3034 559 3085 Theocr.
574 3035 619 3098 li,
638 3035 683 3086 53:
702 3031 852 3097 λαοφόνον
922 3036 1012 3087 iti-se.
1025 3038 1087 3087 sutis
1097 3039 1231 3104 asperque]
1243 3039 1318 3091 Ceut.
1330 3033 1404 3102 spot.

326 3104 482 3174 Διομήδεα,
503 3135 531 3146 -
547 3109 665 3173 precidit]
682 3107 711 3160 il.
731 3125 767 3171 ω,
786 3111 849 3160 tto:
890 3110 914 3170 l,
928 3109 969 3160 3l.
988 3137 1015 3146 —
1036 3111 1152 3174 mutim]
1175 3114 1365 3166 «vehementer
1379 3123 1406 3160 rc

325 3181 407 3235 mar
433 3177 532 3244 ἁδινὰ,
551 3181 730 3256 προπάροιθε
755 3181 852 3235 ιιοδῶν
889 3183 962 3234 diu.»
991 3184 1045 3235 Cir.
1065 3185 1142 3236 llund
1160 3187 1238 3238 Tum.
1257 3189 1298 3238 ill.
1316 3201 1342 3252 p.
1354 3183 1404 3235 669.

323 3252 455 3324 Ἀχιλῆος
480 3255 620 3320 ἐλυσθείς.
646 3287 673 3296 -
697 3259 762 3323 Heu]
790 3260 851 3311 «Ad
891 3285 918 3296 -
937 3260 1100 3323 institerimus]
1117 3259 1166 3311 ed.
1185 3260 1214 3322 3,
1234 3263 1263 3324 e,
1281 3263 1320 3313 30.
1349 3258 1406 3308 Sunt

325 3334 444 3384 animum
453 3333 601 3398 respiciens
610 3329 772 3397 procidentis
782 3335 853 3385 Prin·
889 3333 906 3382 ii
923 3335 1094 3398 praesertim,
1113 3336 1159 3398 qui
1175 3333 1271 3400 puellis
1286 3333 1405 3386 mundum

324 3408 361 3458 mi
379 3407 413 3459 nd
431 3406 517 3473 pedes
533 3405 640 3458 Achillis
657 3406 692 3457 oh
710 3408 851 3471 indignitu-
889 3405 1049 3460 muliebrem
1066 3409 1195 3460 vendunt.
1213 3435 1241 3446 -
1254 3404 1404 3468 eormredo]

324 3486 381 3534 tem
399 3482 460 3535 iacti
477 3483 529 3535 hoc
541 3482 632 3533 dicit.»
650 3483 743 3533 senon.
761 3482 852 3534 lieter-
889 3482 1085 3545 «rubicundus,
1109 3481 1196 3548 qualis
1212 3485 1283 3538 inest
1305 3487 1331 3535 in
1347 3481 1405 3534 ndo-

208 3545 214 3576 ²
323 3559 368 3606 tur
394 3557 474 3620 igitur
501 3556 536 3608 nd
563 3559 647 3608 tetam
674 3557 849 3618 sententiam,
888 3554 1065 3620 merentibus,
1092 3557 1167 3610 color
1183 3558 1308 3612 discessit
1322 3571 1337 3608 ο
1352 3569 1403 3613 me.

325 3643 379 3682 non
401 3631 436 3681 ud
459 3643 542 3683 unum
564 3645 623 3682 voe.
639 3632 797 3694 neutericis,
822 3631 850 3682 id
888 3631 924 3682 ita
941 3633 971 3682 ut
987 3631 1051 3684 nihil
1068 3634 1135 3684 mihi
1151 3636 1291 3686 remanent
1307 3633 1405 3698 praeter

325 3707 379 3765 est,
405 3705 466 3770 «qui
483 3703 547 3756 aiios
563 3707 619 3757 tom
636 3707 762 3771 pervicax
778 3711 849 3768 eret,
888 3719 949 3758 esso
962 3708 1059 3762 amicta
1073 3709 1134 3760 cute
1149 3707 1273 3773 pallide.»
1291 3705 1404 3760 Moscius

324 3781 388 3829 tunc
409 3789 475 3827 vero
497 3780 594 3830 Priami
622 3792 717 3846 preces
741 3781 851 3832 exaudi-
887 3779 917 3842 l,
935 3783 965 3832 2:
983 3776 1018 3832 τὸ
1034 3783 1101 3853 πρὶν
1117 3781 1149 3834 δι’
1159 3797 1205 3834 τοι
1216 3775 1320 3835 οὖνὲν
1332 3773 1403 3850 ἔριν-

324 3854 388 3906 vit.»
409 3877 435 3889 -
454 3852 592 3918 ιαιοιιοιι]
612 3855 665 3906 cn.
682 3856 729 3920 up.
743 3855 788 3916 ie,
808 3855 848 3906 eo.
887 3852 1263 3928 ιοςῑιςετίιιιρινιισσι.
1279 3883 1306 3892 -
1319 3849 1403 3914 usui

327 3955 354 3964 -
372 3927 470 3978 Veiente
482 3928 565 3992 Circa]
578 3929 636 3980 Vid.
647 3931 742 3994 Odyss.
758 3931 850 3994 κ,388
889 3929 1067 3996 «luitpoldi
1094 3933 1171 3983 Voss.
1190 3931 1272 3982 Plaut.
1292 3928 1401 3993 capti.

324 4015 385 4067 sqq.
395 4027 421 4038 —
433 4003 516 4065 roure]
531 4015 597 4052 ivor
608 4002 752 4055 humana.»
765 4031 791 4040 -
803 4007 851 4056 iir-
887 4005 917 4064 ἢ,
936 4005 981 4054 se:
1002 4006 1127 4067 illucesce,
1145 4017 1288 4056 οοιιοιιιιιοο
1303 4009 1326 4054 ιι
1341 3999 1404 4052 teto-

323 4077 416 4140 tanne]
437 4075 589 4143 “paullatim
608 4076 639 4126 iis
659 4077 728 4128 ultro
745 4079 850 4128 rediit.»
888 4091 929 4128 see
945 4079 1036 4140 mirem·
1053 4081 1116 4132 Ossa
1127 4086 1202 4144 etque
1214 4081 1286 4143 pellis
1296 4073 1402 4128 ammi

324 4151 423 4202 lielutus
434 4155 506 4203 esset
517 4151 641 4202 «externe
659 4151 685 4200 vi
696 4151 850 4204 reductus.»
889 4165 929 4202 rer
950 4154 1125 4206 macritudiue.
1161 4155 1243 4206 Nimis
1266 4153 1299 4204 nd
1321 4151 1402 4200 tivum

324 4224 377 4275 Cir.
390 4225 509 4290 Bentley.
523 4251 550 4262 -
562 4227 674 4275 cuturn
684 4224 771 4289 donor]
785 4227 852 4290 apri·
888 4240 948 4278 rem
966 4229 1084 4279 resecuit
1100 4227 1233 4280 Bentleius
1247 4221 1401 4278 contendens

323 4300 392 4351 stine
409 4299 511 4352 iormee
530 4301 663 4351 humanae
681 4297 850 4364 pulchritudo
889 4301 942 4352 dici
966 4315 1021 4354 neu
1044 4315 1140 4368 posse:
1169 4301 1318 4354 redimetur
1340 4295 1401 4347 color
