3014 4978
506 433 565 484 ΗΒ.
585 434 627 484 lV.
663 435 692 483 C.
712 435 742 483 ll.

240 593 363 678 Teque,
387 588 465 654 durn
486 588 648 676 procedit,
673 589 704 654 io
728 587 919 676 Triumphe,

240 715 308 778 Non
332 709 433 776 semel
456 709 620 786 dicemus,
646 710 677 776 io
701 708 891 797 Triumphe,

241 833 360 900 Civitas
381 831 487 898 omnis
509 830 725 918 dabimusque
747 830 831 897 divis

370 952 475 1020 Thura
496 951 653 1039 benignis

239 1097 282 1161 Te
304 1092 419 1160 decem
443 1093 525 1158 tauri
549 1090 748 1178 totidemque
771 1110 908 1166 vaccae,

178 1254 218 1306 l9.
238 1255 317 1316 repe
334 1253 442 1314 Bhscd,
462 1255 516 1304 tres
533 1250 636 1313 Bland,
655 1251 747 1314 scripti
759 1263 856 1301 omnes
867 1251 1027 1302 vetustiores
1038 1251 1165 1314 Bentleii,

146 1342 238 1380 omnes
250 1327 367 1379 Pottierii
378 1329 485 1392 praeter
496 1339 589 1386 unum,
603 1325 672 1375 LCJ:
693 1326 777 1388 Tuque
787 1327 854 1376 Pott.
866 1326 919 1386 ἢ,
933 1326 996 1385 till,
1008 1326 1079 1389 leprae
1089 1327 1167 1378 Bent-

146 1404 210 1456 leius
227 1404 297 1454 coni.
324 1426 352 1438 -
373 1403 486 1463 procedit
502 1402 537 1462 li,
564 1401 673 1450 firmans
694 1401 725 1450 l).
745 1399 843 1450 lleinsii
865 1401 933 1451 coni.
953 1413 968 1450 a
986 1402 1124 1464 liutgersio
1141 1404 1168 1451 et

144 1477 261 1530 Bentleio
276 1477 426 1542 receptam:
442 1476 557 1538 procedis
571 1473 644 1525 bSed
656 1488 719 1525 cum
730 1476 828 1526 ceteris
839 1473 913 1526 libris
925 1477 993 1526 notis
1005 1477 1033 1526 et
1043 1476 1163 1528 LCtFllJ.

116 1619 231 1669 omnium
264 1615 480 1678 antiquissimum
517 1616 637 1666 nostrum
674 1614 799 1678 ponendo
824 1615 897 1677 isque
920 1628 969 1680 pro
991 1615 1089 1666 Horatii
1110 1615 1198 1677 Teque.

117 1691 177 1743 Cod.
195 1692 214 1742 B
232 1691 399 1751 firmantem,
424 1689 497 1752 quod
514 1690 545 1739 D.
559 1689 638 1738 licin-
674 1689 798 1739 Omnium
824 1691 915 1739 autem
941 1689 1057 1738 inarime
1074 1689 1141 1738 mira
1159 1691 1201 1739 est

116 1767 167 1816 sins
184 1769 210 1816 et
221 1764 356 1816 Bentleius
371 1763 502 1826 sagaciter
513 1762 638 1812 viderunt
674 1761 807 1813 distinctio
841 1761 889 1813 Ed.
918 1761 1197 1813 Gesnerobothianae:

116 1853 161 1904 pro
177 1853 202 1890 v.
217 1840 349 1902 procedis,
368 1841 431 1889 nato
448 1851 481 1888 ex
498 1851 580 1902 preve
593 1851 639 1887 ee·
673 1850 783 1898 ranem,
801 1841 900 1899 recepto
912 1837 1019 1887 Caesare
1034 1837 1097 1900 [elin
1111 1837 1196 1900 Teque.

116 1914 326 1964 commodatione
344 1913 380 1963 ad
396 1912 456 1964 lect.
483 1917 569 1973 tuque,
596 1911 637 1962 le·
673 1913 742 1962 Dran
763 1912 886 1974 procedis.
916 1937 944 1950 ·-
976 1913 1103 1962 Ceterum
1124 1915 1198 1962 recte

116 1989 227 2051 gendum
264 2001 326 2039 esse
351 1988 465 2051 procedit
492 1989 634 2050 Angustus.
673 1986 727 2036 iem
738 1985 900 2037 scholiastae
917 1987 1022 2036 cuncti:
1043 1985 1098 2037 «Ad
1110 1987 1199 2050 ipsum

118 2063 184 2124 illim
201 2064 295 2113 entem
312 2075 344 2112 ac
366 2075 452 2126 paene
474 2059 637 2111 incredibili·
673 2061 848 2123 Triumphum
864 2073 1011 2112 conversus
1021 2074 1098 2111 sacru
1110 2059 1200 2111 accla-

116 2139 154 2186 ter
169 2135 248 2200 liegel
275 2137 425 2196 contendit,
452 2137 522 2186 hane
547 2148 637 2186 meam
674 2134 854 2184 mationehoc
872 2134 962 2185 dicit.»
981 2161 1010 2172 -
1030 2135 1119 2184 «Nicer
1136 2135 1199 2184 bloet

116 2209 266 2272 lectionem,
294 2224 364 2276 quae
392 2211 511 2262 innititur
535 2210 635 2269 codici,
674 2211 754 2271 teque
772 2209 833 2258 oder
848 2211 947 2272 tuque,
974 2209 1200 2270 pecudumque

116 2287 142 2334 ut
156 2286 206 2336 hoc
223 2285 315 2336 denno
332 2285 477 2346 inculcem,
508 2285 638 2348 antiquis·
674 2283 759 2333 lloraz
780 2284 846 2332 naeu
868 2285 924 2332 den
943 2288 1024 2334 ersten
1040 2283 1123 2334 Baete
1142 2285 1199 2333 ntr-

116 2360 179 2410 simo
204 2361 276 2411 inter
301 2372 396 2411 omnes
425 2359 513 2410 adhuc
541 2360 635 2420 notos,
672 2359 738 2422 peod
753 2358 780 2407 io
797 2358 845 2408 deo
859 2358 983 2408 Carmine
1000 2359 1131 2408 aoweodet
1146 2359 1199 2408 rmd

116 2434 206 2486 idonea
222 2436 381 2486 auctoritate
399 2434 553 2485 destitutam
565 2445 635 2484 esse.
673 2432 806 2497 etoipemut
821 2431 855 2498 (z.
871 2433 900 2484 B.
919 2433 964 2482 Od.
984 2433 1012 2494 2,
1028 2433 1072 2494 ⁴2,
1085 2433 1126 2483 att.
1145 2433 1198 2482 und

117 2507 179 2568 Quid
190 2513 282 2560 anum
295 2508 461 2560 manifestius
474 2521 555 2572 quam
567 2521 635 2558 exv.
672 2508 699 2557 in
716 2509 795 2570 lipod.
815 2509 846 2568 tt,
865 2509 906 2558 55.
929 2507 977 2556 mit
993 2507 1040 2557 dm
1056 2509 1131 2568 lim,
1157 2521 1198 2557 ruo

116 2583 217 2634 &aare
237 2585 284 2634 hic
302 2581 424 2634 laeiflime
441 2584 525 2646 repeti
543 2583 638 2633 Caesur
673 2595 736 2632 cum
759 2583 804 2645 fur
828 2583 876 2632 deo
896 2582 997 2646 depelli
1014 2595 1062 2630 zur
1086 2583 1141 2632 Zeit
1158 2595 1198 2632 wo

112 2659 236 2716 puseus
253 2657 290 2708 de
302 2670 370 2721 quo,
388 2659 479 2721 utpote
491 2657 638 2721 triumphe-
673 2659 719 2706 dos
736 2657 839 2720 hessere)
856 2656 1039 2707 zuvmueihen
1049 2657 1092 2718 tet,
1105 2657 1198 2708 ectetot

115 2733 182 2792 tore,
201 2733 371 2798 aptissimum
388 2733 431 2782 est
447 2733 498 2782 hoe
511 2731 634 2792 verbnm,
673 2734 713 2783 eto
737 2732 806 2782 Fttce
835 2736 896 2781 ttctt
921 2732 966 2781 der
989 2732 1198 2795 urrpdtopllcltcn

115 2805 146 2856 de
157 2807 354 2871 spectatoribus
370 2819 435 2856 vero
452 2805 529 2870 longe
547 2807 636 2856 minus
671 2807 760 2856 lesere
781 2819 816 2855 zu
839 2807 916 2855 min.»
949 2806 1108 2856 Bennmnnr.
1145 2805 1198 2856 Sed

115 2893 258 2944 congruum
270 2881 394 2944 videtur.)
423 2883 453 2931 ln
472 2882 523 2930 hoc
544 2883 636 2930 numm
672 2880 736 2945 quid
758 2879 976 2931 substituendum
999 2881 1034 2929 sit
1049 2877 1195 2944 particulae

115 2957 203 3016 poetae
232 2952 440 3022 ἐνθουσιασμῷ
470 2956 580 3006 minime
609 2957 635 3006 in
672 2956 746 3016 dum,
764 2953 900 3018 quomodo
914 2952 1043 3016 legendus
1056 2955 1198 3004 totnsver-

116 3041 146 3077 eo
161 3029 299 3081 offendere
326 3029 473 3092 debemus,
501 3029 575 3093 qnod
591 3030 635 3080 hic
673 3028 786 3090 siculus,
806 3027 896 3079 dicere
912 3027 991 3078 nobis
1008 3027 1130 3090 dignatus
1143 3041 1196 3078 non

115 3101 285 3169 Triumphum
312 3106 339 3153 et
359 3105 468 3168 stropha
485 3107 634 3167 sequente,
673 3107 722 3156 est.
758 3104 789 3154 Et
806 3101 1006 3167 nouaprolecto
1021 3103 1086 3151 mihi
1102 3103 1198 3153 accidit

115 3175 266 3241 interposito
284 3179 374 3228 tamen
392 3179 527 3228 communi
550 3177 635 3228 verbo
672 3179 791 3230 doctrina
825 3178 874 3229 ista
901 3177 935 3227 de
960 3179 1027 3241 part.
1055 3178 1132 3239 dum,
1162 3177 1197 3228 ab

115 3250 223 3303 dabimus
248 3253 325 3315 (sego
351 3253 379 3301 et
400 3253 429 3301 tu
451 3265 537 3316 aeque
554 3255 635 3316 etque
672 3255 778 3306 Horatio
811 3255 873 3317 post
906 3253 1060 3302 Carminum
1090 3251 1147 3302 Lib.
1176 3253 1195 3302 l.

115 3337 204 3378 ornnes
224 3326 323 3388 cives»)
350 3327 485 3376 secundae
503 3339 635 3391 personae
672 3340 805 3393 nusquam
816 3328 962 3390 usurpete3
980 3327 1113 3390 reperitur
1125 3327 1197 3378 enim

114 3403 268 3461 pronomine
281 3413 374 3452 rursus
386 3399 527 3465 alloquitur
538 3399 632 3452 lulum.
671 3403 718 3454 Od.
738 3404 766 3463 ἓ,
788 3402 816 3463 3,
836 3402 875 3452 ld.
901 3401 948 3462 lii,
966 3401 992 3450 2.
1019 3401 1064 3461 il,
1084 3401 1124 3450 ld.
1153 3402 1194 3462 li,

16 3505 19 3514 -
114 3475 172 3526 Post
194 3479 314 3526 nostram
339 3474 481 3526 lectionem
506 3488 522 3526 a
548 3475 632 3527 Codd.
670 3480 711 3529 25.
731 3476 778 3527 Od.
797 3475 827 3537 3,
847 3476 876 3536 7,
897 3477 936 3526 ts.
962 3475 1008 3536 tl,
1026 3475 1067 3524 23.
1088 3472 1194 3536 ll,‘t3.

114 3551 254 3602 maximam
280 3549 362 3600 hahet
387 3549 571 3601 auctoritatem
590 3551 635 3600 Te-
670 3554 716 3614 20,
736 3551 760 3602 9.
789 3548 891 3610 listi.
922 3548 1006 3610 30‚e.
1037 3548 1133 3609 Odi,
1153 3550 1194 3610 ⁴2,

115 3635 170 3683 pue,
194 3627 255 3676 dien
267 3625 399 3687 procedis,
426 3624 527 3685 idest,
553 3624 634 3675 «dum
670 3627 726 3686 264
755 3637 819 3688 ergo
837 3625 946 3689 praeter
962 3625 1085 3674 nostrum
1106 3621 1195 3676 locum

114 3697 155 3758 tu,
173 3699 334 3763 triumphe,
353 3699 491 3764 procedis,
510 3700 536 3749 in
554 3702 635 3766 Cepi·
670 3701 808 3752 undecies.

116 3771 204 3824 toltum
220 3775 355 3825 duceris.»
389 3775 476 3825 Tertia
493 3788 525 3824 ex
543 3789 635 3828 eorre-
703 3777 744 3826 52.
764 3775 855 3836 litura]
873 3772 978 3825 Adoleri
1000 3771 1122 3825 solebant
1138 3775 1197 3825 thu-

115 3846 197 3898 ctione
222 3850 285 3899 neta
310 3849 367 3898 eet:
397 3849 480 3912 raquo
498 3850 558 3900 dien
570 3864 635 3913 prc-
670 3865 699 3902 rn
721 3852 748 3900 in
768 3850 821 3900 cris
841 3849 1009 3913 temporariis
1028 3861 1078 3913 per
1094 3847 1196 3913 plateas

114 3923 189 3983 redu,
217 3925 357 3986 «Antoni»,
385 3927 414 3975 ut
435 3925 555 3990 plerique
578 3929 634 3978 ete-
671 3929 698 3977 et
716 3939 809 3986 ereas,
829 3938 896 3988 ques
913 3937 1011 3989 pompa
1029 3923 1195 3988 triumphalis

115 3997 201 4059 tnunt,
228 3997 270 4048 elii
287 3997 363 4058 olim,
383 4012 414 4048 «ο
432 3998 500 4050 Sol.»
534 4000 634 4050 Verum
671 4001 820 4062 attingeret,
834 3999 984 4050 exstructis.
1002 3999 1192 4060 SicVirg.Aen.

116 4081 193 4131 quern
211 4073 315 4137 ineptae
333 4086 427 4124 omnes
448 4075 513 4125 istae
525 4075 577 4124 sint
594 4074 634 4124 le·
671 4077 699 4136 8,
711 4076 771 4126 roe:
791 4073 1007 4124 oenum-lituro
1019 4073 1129 4132 wioni,
1148 4070 1194 4120 uhi

116 4146 228 4209 ctiones,
252 4147 320 4198 adeo
346 4147 417 4199 clere
443 4149 633 4200 demonstravit
671 4149 790 4200 Servius:
807 4149 911 4200 «Verbo
920 4159 1059 4199 sacrorum
1067 4158 1132 4196 usus
1142 4147 1192 4195 cst.

116 4217 256 4282 Bentlcius,
281 4225 310 4273 ut
331 4223 439 4274 refutari
460 4225 567 4274 omnino
586 4237 634 4274 ne-
670 4226 736 4274 Nnm
763 4223 815 4274 dici
840 4222 945 4274 solebat
961 4224 987 4272 in
1005 4221 1105 4272 sacris:
1136 4221 1192 4276 Dr,

117 4298 204 4358 queat,
227 4299 275 4349 etsi
292 4299 381 4350 minus
394 4297 454 4350 felir
469 4297 517 4352 luit
533 4299 558 4348 in
571 4311 635 4362 pro·
670 4309 736 4357 ouon
753 4309 849 4360 paens,
868 4310 903 4348 nn
918 4309 987 4348 imru
1003 4306 1099 4346 nsrrru
1112 4305 1192 4344 anisa
