3012 4978
522 475 624 527 ninia.
659 477 756 528 Citari.
776 479 794 527 l.

325 629 459 707 Amice,
485 633 742 718 propugnacula,

286 753 422 818 Paratus
447 772 544 820 omne
567 755 717 821 Caesaris
739 755 917 842 periculum

327 873 464 952 Subire,
489 875 682 954 Maecenas,
706 885 771 943 tuo.

287 993 372 1074 Quid
394 1017 469 1073 nos,
497 995 616 1084 quibus
640 1006 670 1064 te
692 997 757 1062 vita
779 998 805 1062 si
829 998 1001 1085 superstite
1184 1001 1205 1063 5

329 1116 489 1194 Iucunda,
515 1119 543 1183 si
567 1127 696 1192 contra,
721 1118 852 1206 gravis?

285 1239 441 1306 Utrumne
465 1238 546 1304 iussi
569 1260 805 1328 persequemur
827 1240 944 1315 otium,

328 1361 398 1426 Non
421 1358 536 1436 dulce,
561 1361 594 1425 ni
616 1369 722 1428 tecum
743 1361 856 1438 simul,

284 1484 331 1547 An
354 1481 441 1548 hunc
462 1480 609 1548 lahorem
630 1491 737 1549 mente
759 1481 874 1559 laturi,
898 1482 993 1550 decet

181 1623 205 1673 3.
225 1625 328 1676 Caesari
339 1653 353 1662 -
365 1651 380 1662 -
391 1627 433 1674 tuo
443 1624 527 1674 Bothe
540 1626 568 1673 et
579 1624 629 1674 lll’.
649 1650 677 1660 -
696 1623 720 1674 l.
740 1626 776 1674 tari
794 1623 951 1676 Wakefield.
990 1626 1115 1690 [firmant
1129 1633 1171 1678 tuo

148 1698 281 1763 unsred.)
300 1727 329 1737 -
356 1701 380 1750 o.
398 1701 453 1750 uita
470 1697 532 1762 (om.
556 1698 584 1760 sil
602 1697 673 1758 hSc,
691 1699 745 1748 vitu
761 1701 792 1749 sil
808 1697 903 1760 Aldus,
922 1700 983 1750 Lct.
1002 1699 1066 1764 (vito
1082 1703 1103 1751 si
1120 1703 1169 1763 BT,

147 1770 244 1839 βγξω,
262 1789 302 1840 pr.
316 1773 367 1834 xi,
386 1787 484 1824 novem
501 1773 625 1824 Pottierii.
659 1775 691 1823 ln
708 1773 805 1837 dapr.
819 1787 900 1824 mauu
918 1776 1062 1837 incertum,
1081 1778 1172 1828 utrum

145 1849 201 1898 uita
217 1850 252 1910 si,
277 1863 311 1899 en
331 1851 386 1899 vita
402 1850 449 1908 sit3
473 1861 488 1898 a
512 1861 566 1900 sec.
585 1847 700 1898 verbum
717 1849 787 1898 inter
801 1849 856 1899 uita
873 1849 901 1898 et
916 1851 1047 1912 superstite
1063 1863 1171 1902 erasum

147 1923 208 1984 est.)
228 1951 255 1959 —
274 1925 298 1974 6.
317 1925 430 1974 iocunda
446 1923 493 1974 Td.

114 2031 642 2086 bebanttesiePlut.inAnt.6ii.etDione
679 2035 745 2085 eris»
765 2037 804 2085 et:
825 2037 866 2086 «te
877 2035 1047 2098 superstite.»
1072 2037 1114 2087 Sic
1131 2038 1203 2088 enim

112 2107 156 2166 50,
167 2107 210 2158 23.
228 2109 267 2158 De
276 2109 372 2160 iisdem
383 2110 455 2173 Virg.
465 2110 530 2160 Aen.
543 2109 567 2170 8,
578 2109 622 2160 est
634 2125 639 2158 :
679 2108 769 2159 malim
779 2107 904 2173 expedire
916 2122 998 2172 quam
1008 2122 1069 2160 oum
1080 2110 1150 2162 aliis:
1165 2113 1204 2161 «si

110 2181 642 2246 paloqocredorinnarereoolscsoyctadcs
678 2185 704 2233 te
722 2184 864 2247 superstite
884 2183 952 2246 (vita)
975 2183 1010 2234 sit
1030 2197 1051 2234 s.
1072 2186 1201 2235 vivatur.»

112 2261 262 2306 uumerus
272 2271 421 2310 comum
433 2259 558 2310 muudus
568 2259 641 2317 altos
679 2257 816 2321 (audiatur
828 2259 918 2308 tamen
929 2259 1010 2307 etiam
1023 2258 1138 2320 lierbst,
1157 2261 1202 2322 qul

118 2331 200 2380 Tanta
209 2332 274 2381 mole
289 2335 340 2382 oiri
356 2335 455 2384 turritis
467 2333 594 2396 puppiano
604 2334 643 2382 io-
677 2330 820 2382 lectionem
831 2331 924 2381 vitosit
935 2331 1111 2396 amplectitur,
1125 2335 1202 2384 lecu.

110 2410 190 2454 eant.
209 2407 258 2456 Dio
275 2408 318 2468 50,
339 2408 379 2458 48.
398 2409 527 2460 Antonius
544 2406 579 2457 ad
590 2408 642 2458 mi·
680 2406 767 2456 Voltus.
780 2407 799 2455 l.
813 2419 840 2470 p.
853 2406 901 2456 to:
923 2404 1025 2456 «Altera
1042 2405 1148 2472 lectio(
1168 2409 1173 2420 '

113 2480 191 2532 lites:
215 2475 312 2552 Ὁρᾶτε
334 2478 389 2554 γάρ
408 2497 470 2535 ,που
491 2483 541 2533 καὶ
557 2477 642 2534 αὐτοὶ
677 2480 708 2544 si)
721 2481 792 2531 unde
805 2483 865 2531 nata
878 2483 929 2542 sit,
948 2479 1060 2530 dublum
1072 2495 1132 2533 esse
1147 2495 1202 2532 non

112 2556 165 2605 καὶ
176 2551 211 2604 τό
224 2556 348 2624 μέγεθος
365 2559 415 2609 καὶ
427 2553 462 2609 τὸ
475 2554 570 2621 πάχος
583 2555 641 2609 τῶν
677 2557 773 2620 potest.
792 2557 849 2607 Non
861 2555 988 2606 videbant
1004 2555 1103 2606 librarii
1119 2562 1143 2608 te
1157 2571 1202 2608 sc-

112 2626 261 2701 ἡμετέρων
273 2630 405 2694 σκαφῶν.
425 2633 492 2684 llor.
506 2633 534 2694 i,
549 2636 576 2683 tt
589 2671 595 2694 ,
608 2634 639 2684 s:
673 2632 775 2694 perstiti
792 2631 864 2682 idem
880 2643 940 2682 esse
956 2644 988 2681 ac
1005 2633 1027 2682 si
1045 2631 1199 2695 legeretur:

111 2707 640 2771 Augustoqoudrinpentueampliusacves,
676 2707 697 2756 si
713 2707 747 2756 sis
761 2711 897 2768 moesus,
917 2719 1055 2770 quumque
1071 2706 1157 2757 semel
1171 2708 1203 2757 sit

110 2781 232 2830 emmane
248 2795 299 2831 non
309 2783 392 2832 onnus
402 2784 522 2842 Antonii;
543 2785 641 2834 sedau-
678 2783 703 2831 in
714 2782 748 2842 si,
767 2780 840 2845 quod
856 2781 995 2844 sequentia
1013 2794 1055 2830 vv.
1075 2781 1097 2830 si
1112 2787 1203 2831 conae

110 2857 507 2919 mmmapiiitudcpensobot,
521 2857 641 2919 qoippeo
676 2854 811 2920 postulare
840 2855 1006 2914 viderentur,
1036 2857 1198 2918 mutassent,

112 2931 179 2980 omis
200 2930 227 2978 io
248 2943 355 2981 nouem
371 2945 499 2982 ruriaciam
513 2931 641 2982 ordinibus
677 2941 729 2980 non
739 2941 803 2979 sane
814 2930 912 2978 mirum
922 2929 1069 2980 estcriticis
1078 2931 1131 2978 tam
1141 2942 1202 2992 per-

112 3005 205 3066 (immo
233 3001 372 3073 δεκήρους
399 3007 551 3056 memorant
572 3003 637 3056 Plut.
676 3002 782 3067 plexum
794 3005 943 3054 orationem
955 3005 1073 3067 potuisse
1082 3003 1199 3068 probari,

110 3080 172 3129 Ant.
184 3076 224 3129 til.
237 3079 336 3137 niolio,
347 3079 409 3142 iil,
426 3081 460 3129 cd
470 3080 516 3130 loc
529 3079 641 3130 turribus
676 3079 775 3142 quippe
793 3079 851 3142 qui,
870 3080 899 3127 ut
911 3091 1033 3142 quaeque
1052 3077 1130 3128 lectio
1142 3092 1201 3129 ma-

110 3152 442 3213 atcuctclmlutisatleoatoe
449 3155 608 3204 castcdomn
617 3159 640 3204 et
675 3155 746 3204 rime
758 3166 773 3202 a
785 3151 951 3216 simplicitate
963 3152 1075 3213 recedit,
1092 3154 1127 3202 ita
1140 3166 1200 3203 eam

109 3227 213 3276 orbim
228 3228 307 3289 specie
323 3241 373 3278 non
390 3229 443 3278 dno
455 3228 549 3292 qemitu
559 3230 641 3282 mucis
676 3229 794 3293 arripere
815 3225 919 3277 soleant
942 3225 1150 3290 cupidissime»)
1171 3256 1198 3263 -

109 3307 135 3352 ct
154 3300 240 3352 tutore
254 3306 385 3352 ventum
405 3303 563 3367 [medontam
589 3303 637 3353 sed
674 3302 800 3366 decumo]
811 3300 939 3352 Particula
947 3303 987 3351 sin
996 3314 1126 3364 nusquam
1137 3314 1201 3351 usus

110 3379 227 3440 utroque
239 3378 352 3442 sriptore
369 3380 437 3430 teste
455 3381 512 3443 ipsa
529 3378 571 3430 ille
588 3393 639 3430 nu·
676 3379 718 3428 est
730 3377 861 3428 Horatius.
885 3376 926 3426 Ad
938 3375 1097 3426 seutentiam
1110 3375 1202 3426 conier

110 3453 184 3502 vium
196 3451 281 3503 moles
293 3453 372 3503 exitio
385 3452 484 3504 deinde
499 3455 547 3504 luit
558 3457 639 3505 Anto-
676 3452 724 3502 0d.
739 3453 768 3512 2,
784 3452 827 3510 tl,
841 3449 896 3500 5-9.
920 3451 1037 3501 Teneros
1049 3450 1201 3500 huiusmodi

110 3526 164 3586 nio,
179 3526 312 3576 Octaviani
324 3529 417 3579 contra
429 3541 512 3580 naves
525 3526 639 3599 υμικρό-
675 3527 776 3577 amicos
792 3523 926 3576 vocabant
946 3521 1202 3590 συναποθνῄσκον-

109 3601 248 3672 τεραικαὶ
256 3598 436 3674 ταχύτεραι.»
449 3605 497 3654 Dio
506 3604 548 3664 oo,
558 3603 636 3654 32-
675 3615 740 3663 τας,
759 3601 953 3650 commorientes.

110 3675 208 3740 Subirc]
219 3677 359 3740 «erupere
367 3691 429 3728 eum
438 3678 484 3727 tuo
492 3677 637 3742 periculo.»
708 3675 780 3726 t-ta.
810 3674 936 3738 Utrumne]
955 3673 1007 3726 Cir.
1028 3672 1104 3724 Hand
1121 3675 1196 3726 Tura.

112 3775 141 3786 -
159 3749 211 3814 tuo]
228 3749 375 3800 Wakefield
387 3752 526 3816 proposuit
542 3753 590 3813 tui,
609 3753 639 3802 ut
675 3750 718 3800 lv,
737 3762 763 3813 p.
782 3749 823 3800 80.
850 3777 878 3784 -
902 3748 971 3813 irasci]
999 3749 1105 3800 «Utrum
1131 3761 1197 3812 ego,

109 3826 231 3888 Propert.
251 3824 284 3874 ad
302 3827 484 3877 Maecenatem
502 3827 532 3888 2,
547 3827 557 3876 t
571 3864 576 3886 ,
590 3827 635 3876 25:
676 3837 758 3888 quem
776 3826 803 3872 tu
821 3837 962 3874 remanere
979 3821 1094 3874 initalia
1113 3823 1199 3882 iubes,

110 3899 230 3961 Relinque
245 3911 334 3960 resque
350 3901 387 3949 tui
399 3913 567 3951 marcorem
578 3902 639 3952 Gae-
675 3897 790 3950 cessabo
808 3899 833 3948 in
851 3899 905 3948 otio
924 3898 1009 3963 (quod,
1021 3897 1119 3960 alioqui
1135 3901 1202 3961 poe-

108 3974 176 4022 saris
191 3975 242 4023 oet.
262 3972 315 4022 Sed
333 3972 477 4024 lectionem
490 3975 639 4026 too-iirmat
675 3975 717 4023 tae
735 3974 915 4037 gratissimum
927 3973 996 4035 ost),
1015 3987 1049 4023 an
1067 3973 1138 4022 huni:
1150 3973 1201 4022 mi-

110 4047 192 4098 etiam
208 4049 272 4098 liar.
283 4049 435 4098 Victorinus
447 4061 472 4112 p.
488 4050 543 4100 488,
557 4049 635 4101 Guisl.
674 4047 744 4098 litiae
773 4047 893 4099 laborem
922 4048 1007 4098 leram
1033 4061 1064 4097 ea
1091 4049 1199 4106 mente,

142 4124 166 4172 li.
187 4122 211 4172 e.
240 4123 305 4184 (inid
328 4123 381 4188 nos]
408 4125 545 4188 capiemus
570 4137 638 4176 con·
676 4135 729 4186 qua
746 4123 833 4172 virum
851 4124 947 4174 lortem
968 4123 1079 4174 docetis
1100 4147 1127 4156 -
1142 4133 1202 4182 per·

110 4194 177 4246 sllii‘i
203 4223 230 4232 -—
254 4203 277 4247 tc
296 4198 349 4246 uita
370 4199 391 4247 si
413 4198 549 4262 asperalite]
572 4201 637 4249 Pro-
675 4196 1202 4262 sequenurisiccic.01i.3‚t:otium

110 4272 172 4334 pter
189 4283 307 4335 sequens
324 4273 345 4321 si
363 4271 496 4335 duplicem
514 4275 637 4324 constru-
672 4274 856 4334 persequimur.
882 4301 909 4308 -
933 4272 1020 4335 mari]
1044 4269 1144 4320 Eadem
1163 4269 1202 4319 el-

110 4345 228 4395 etionem
239 4346 356 4396 miscuit:
376 4347 412 4397 «si
424 4349 560 4410 superstes
573 4348 636 4398 mihi
675 4345 735 4412 lipsi
752 4361 777 4396 v.
797 4346 968 4406 substantivi,
988 4358 1041 4409 qua
1058 4345 1157 4396 Ennius
1174 4345 1201 4394 in
