3078 4978
508 418 608 468 uiuus.
644 417 741 468 CARM.
760 417 814 466 xv.

505 874 739 938 cm
767 874 859 934 XV·

221 1058 293 1124 Nox
315 1064 384 1123 erat
406 1065 439 1122 ct
460 1054 551 1122 caelo
573 1053 714 1142 fulgebat
735 1053 810 1118 luna
832 1071 949 1118 sereno

266 1181 352 1246 inter
373 1179 499 1243 minora
521 1175 644 1253 sidera,

223 1303 307 1370 Cum
329 1309 363 1366 tu
385 1319 575 1386 magnorum
597 1317 716 1363 numen
739 1296 867 1362 laesuro
891 1295 1027 1362 deorum

268 1424 304 1488 ln
326 1419 426 1510 verbe
449 1420 579 1487 iurabas
605 1439 693 1495 mea,

222 1545 331 1612 Artius
353 1554 451 1631 etque
473 1541 595 1608 hedera
618 1559 755 1628 procera
777 1539 987 1626 adstringitur
1009 1537 1087 1614 ilex,
1208 1539 1228 1600 5

270 1666 378 1734 Lentis
401 1663 583 1732 adhaerens
605 1660 765 1730 brachiis:

205 1840 262 1890 liv.
281 1840 364 1888 inser,
383 1835 452 1899 volg.
471 1835 509 1884 Ad
519 1835 655 1885 Neaeram.
669 1861 696 1870 -
714 1835 841 1883 Neaeram
852 1821 962 1884 emicem
973 1833 1111 1896 alloquitur
1122 1835 1150 1884 B.
1167 1861 1193 1870 -

170 1915 200 1964 ln
218 1915 347 1964 Neaeram
364 1911 473 1962 mnieam
491 1922 514 1959 c.
534 1935 563 1946 —
582 1910 640 1960 Om.
659 1910 687 1960 T.
709 1934 736 1945 -
755 1909 780 1958 b.
800 1907 950 1974 astrinqilur
966 1909 994 1958 B.

169 2063 226 2113 XV.
262 2039 396 2122 Neaerae,
428 2073 497 2123 quae
516 2061 666 2109 amatorem
704 2055 768 2108 bull.
789 2060 817 2119 4,
836 2059 863 2118 s,
884 2060 913 2108 i:
934 2058 1092 2120 (luidonli,
1110 2057 1229 2122 sifttem

137 2137 252 2188 divitem
264 2136 372 2186 Horatio
385 2133 569 2199 praelerebat,
588 2133 668 2196 perli-
703 2134 807 2182 misem
833 2131 946 2182 laesurae
973 2145 1088 2193 amores,
1117 2133 1230 2183 Foedera

137 2211 213 2262 diam
234 2211 351 2273 grauiter
373 2208 489 2268 incusat,
517 2207 666 2269 iniectaque
701 2219 749 2268 per
769 2207 851 2268 divos,
880 2207 947 2256 elom
969 2207 1100 2266 violanda,
1129 2206 1231 2258 debes?

136 2287 204 2337 iuris
223 2283 340 2344 iurandi,
364 2295 418 2345 quo
435 2293 513 2332 suem
530 2280 667 2343 quondam
706 2279 795 2330 «ovid.
817 2280 878 2329 ller.
897 2281 925 2340 Ξ,
944 2279 985 2331 43.
1004 2280 1038 2330 de
1056 2279 1135 2332 laesis
1153 2283 1231 2332 eDe-

139 2360 243 2410 amoris
261 2357 343 2408 fldem
360 2355 527 2407 sanctissime
548 2352 667 2417 alligant,
705 2355 867 2419 mophooute
879 2367 928 2418 per
939 2355 1055 2419 periuria
1067 2356 1229 2408 numinibus:

136 2433 269 2497 religione
293 2445 325 2482 ac
347 2427 461 2493 neglecti
473 2427 607 2498 ⁴eiusdem
627 2427 669 2478 di·
705 2429 733 2478 Si
754 2429 784 2478 de
799 2433 835 2478 tot
854 2429 927 2478 laesis
942 2442 990 2479 sato
1005 2431 1112 2480 nemine
1128 2432 1232 2494 quisque

136 2509 202 2558 vine
218 2505 336 2556 vindicte
352 2505 522 2566 miratusque
539 2517 569 2554 se
587 2501 668 2554 disci·
705 2504 808 2554 dcem
828 2504 949 2567 Vindicet,
967 2506 995 2555 in
1009 2519 1104 2569 poenes
1119 2521 1169 2558 eon
1186 2521 1231 2558 sa-

138 2581 231 2640 dium,
249 2576 578 2644 ubisemelperdoluerit‚
596 2577 667 2629 bene
704 2580 736 2628 lis
756 2592 822 2629 enan
843 2581 918 2630 eris.»
944 2581 1025 2631 Dora.
1047 2607 1074 2617 -
1092 2583 1122 2632 In
1140 2582 1230 2646 verbo]

137 2669 171 2706 ec
184 2655 289 2706 lortiter
298 2653 423 2716 laturum,
442 2654 478 2704 ad
488 2655 593 2704 saniora
606 2666 667 2704 enm
704 2653 871 2716 Formulam,
891 2667 942 2717 que
962 2654 1059 2705 milites
1077 2656 1138 2706 duci
1150 2670 1180 2707 se
1192 2657 1232 2706 di-

138 2727 251 2782 eonsilla
274 2741 404 2780 revocare
431 2729 565 2779 annititur.
580 2777 585 2782 ,
600 2730 667 2779 Tum
705 2732 748 2778 cto
760 2729 899 2780 audientes
914 2729 971 2780 lore
989 2729 1122 2792 iurabant,
1141 2731 1185 2780 hic
1197 2731 1232 2780 ad

138 2804 174 2854 ad
198 2801 310 2854 rivalem
333 2816 413 2854 suum
430 2815 591 2862 conversus,
618 2814 667 2852 suo
705 2815 813 2852 amores
838 2803 976 2863 transient,
1003 2802 1087 2853 ulad
1112 2803 1232 2866 pbiloso-

138 2879 230 2944 lpsum
248 2876 371 2941 exemplo
389 2875 488 2927 edocet
503 2879 667 2939 monetque,
705 2876 797 2941 phism
813 2876 880 2940 Epp.
897 2878 925 2936 4,
945 2877 974 2936 4,
995 2877 1040 2926 tl:
1067 2878 1167 2928 Nolliru
1183 2879 1233 2928 od-

138 2967 223 3018 quam
236 2951 313 3002 lallex
323 2963 388 3001 eure
399 2951 450 3001 iste
460 2951 507 3010 sit,
521 2962 604 3014 quern
616 2951 668 3000 iam
705 2951 785 2999 dictio
800 2950 890 3000 iurare
906 2951 932 3000 in
947 2949 1026 3000 verbo
1038 2953 1162 3015 meaietrt

138 3027 294 3093 experietur
310 3027 366 3074 tam
383 3024 540 3075 secundam.
559 3025 666 3075 Musca.
739 3024 811 3072 5-l0.
839 3023 925 3072 Artius
942 3025 1024 3088 mque]
1043 3025 1081 3075 De
1099 3027 1151 3076 hoc
1167 3039 1232 3090 per-

139 3101 348 3166 Compositionis
371 3101 478 3163 tempus
499 3110 610 3164 prorsus
627 3098 669 3147 in·
705 3097 802 3148 ticulae
820 3109 870 3148 usu
891 3097 968 3147 iland
989 3099 1064 3150 Turs.
1084 3101 1103 3150 l.
1122 3114 1149 3164 p.
1168 3100 1229 3151 m:

140 3179 246 3226 certum
271 3175 320 3224 est.
355 3173 486 3223 Kircbner
516 3175 543 3223 et
567 3171 667 3222 Franks
707 3173 846 3223 «Oratores
875 3173 925 3222 bec
951 3172 1066 3224 dictione
1095 3187 1232 3240 nunquam

138 3251 261 3302 referunt
277 3249 312 3298 ad
329 3260 354 3297 a.
372 3261 399 3298 u.
420 3260 443 3298 c.
463 3249 539 3309 72⁴.¹
566 3245 669 3298 Weber
706 3249 752 3297 eut
768 3247 904 3297 rarissime
921 3249 1046 3308 utuntur,
1066 3248 1231 3312 frequentius

138 3323 227 3374 Horas
243 3336 269 3387 p.
288 3323 330 3373 83,
350 3322 384 3372 ad
401 3336 425 3373 a.
445 3323 502 3373 ilii.
528 3321 572 3373 vel
589 3322 666 3382 743.,
705 3324 810 3386 poetae.
830 3321 862 3371 Et
878 3320 1015 3372 veteribus
1028 3321 1128 3385 (Plauto
1141 3337 1173 3374 ec
1185 3325 1233 3374 Te-

139 3397 285 3450 Grotelend
302 3397 336 3447 ad
354 3411 377 3447 a.
397 3398 455 3448 746.
705 3396 799 3458 rentio)
812 3409 845 3446 ea
862 3397 915 3446 iem
933 3397 1037 3459 cognita
1050 3397 1120 3458 erat;
1139 3411 1232 3450 recen-

171 3470 229 3522 s-t.
256 3473 357 3522 minora
377 3471 477 3536 sidera]
503 3472 556 3523 Cir.
575 3471 623 3523 0d.
637 3474 666 3534 4,
705 3469 970 3534 tioribuselegantiae
978 3483 1059 3521 causa
1068 3485 1231 3538 magnopere

140 3545 180 3606 ⁴2,
196 3545 237 3597 47.
248 3547 318 3620 eled
330 3549 534 3598 iotamsceuam
543 3545 668 3610 Meleagri
704 3545 827 3611 placuit„
848 3573 876 3582 -
895 3545 996 3608 hedera]
1015 3546 1064 3596 Od.
1079 3548 1108 3605 4,
1128 3547 1169 3609 36,
1187 3549 1229 3598 20.

138 3619 188 3685 Ep.
207 3622 249 3672 74.
272 3622 351 3672 Antb.
377 3619 430 3672 Pal.
450 3623 469 3672 1.
488 3633 514 3684 p.
534 3621 579 3670 85:
606 3615 668 3685 Νὺξ
705 3618 798 3672 Catuli.
810 3619 911 3679 6l‚³3:
928 3621 1037 3670 Mentem
1047 3624 1231 3673 omorereoin-

140 3690 204 3766 ἱερὴ
221 3695 271 3746 καὶ
296 3692 397 3756 λύχνε,
424 3697 600 3766 συνίστορας
616 3689 668 3746 ori-
703 3697 782 3756 ciete,
805 3695 1175 3747 Utteneebederobucetltue
1185 3699 1232 3747 Ar·-

140 3783 222 3832 τινας
238 3763 479 3840 detorquemus,
499 3764 559 3820 ἀλλ’
576 3764 667 3835 ὑμέας
704 3770 789 3820 borern
804 3769 917 3831 intplicot
933 3783 1032 3820 emas.
1059 3771 1231 3824 «Adhaerens

140 3841 266 3910 εἱλόμεθ’
282 3839 455 3916 ἀμφότεροι.
473 3839 526 3895 Χῶ
545 3843 599 3910 μὲν
616 3845 667 3911 ἐμὲ
704 3844 782 3895 lentis
811 3845 862 3894 tuis
889 3842 1006 3896 brachiis
1036 3847 1118 3897 artius
1148 3859 1230 3910 quem

141 3914 283 3990 στέρξειν,
308 3923 405 3969 κεῖνον
427 3916 450 3968 δ’
468 3915 523 3986 ἐγώ
542 3911 579 3970 οὔ
598 3933 668 3970 ποτε
704 3931 817 3984 procera
829 3918 1036 3986 (bocbreqeod)
1054 3919 1105 3971 ilex
1117 3923 1231 3971 circum-

141 3989 254 4057 λείψειν
263 3986 447 4060 illyricorum·
466 3989 569 4059 κοινὴν
585 3990 609 4042 δ’
627 3991 668 4044 εἴ·
704 3992 817 4059 plicetur
827 3993 863 4043 eb
880 3993 1007 4044 hedera.»
1023 4021 1049 4031 -
1063 3995 1155 4059 Lentis]
1168 3995 1231 4045 «lie-

142 4080 207 4126 xeer
223 4069 392 4139 μαρτυριην.
411 4065 472 4119 Νῦν
488 4062 539 4117 δ’ὁ
555 4066 609 4134 μὲν
622 4058 669 4139 ὄρ-
704 4066 829 4118 ribilibus
841 4081 873 4118 ec
885 4069 1051 4120 tenacibus.»
1065 4069 1126 4134 (mit
1137 4069 1230 4120 zaben

142 4157 193 4194 κια
209 4145 301 4209 φησιν
323 4143 354 4194 ἐν
372 4135 453 4194 ὕδατι
478 4149 560 4192 κεῖνα
582 4143 668 4214 φέρε·
704 4141 816 4192 Armes
840 4145 1088 4208 accercimient.
1116 4144 1186 4195 Voss
1203 4147 1230 4194 et

144 4217 230 4280 σθω,
242 4214 351 4278 Arina,
366 4213 402 4269 orl
414 4215 437 4268 δ’
447 4217 478 4268 ἐν
489 4213 609 4279 κόλποις
619 4209 670 4268 cni·
706 4216 810 4280 Gerre.)
828 4217 870 4266 Sic
887 4217 956 4281 virg.
971 4216 1025 4268 Ecl.
1038 4217 1067 4278 ³,
1086 4217 1132 4268 ³8:
1151 4218 1230 4269 Lenra

144 4285 194 4340 τὸν
216 4285 288 4363 ὁρᾷς
309 4289 420 4362 ἑτέρων.
442 4317 468 4327 -
489 4291 598 4356 taenara]
625 4291 668 4342 Tl-
705 4291 793 4354 quibus
816 4291 933 4356 (peculisi
956 4298 1028 4343 torno
1049 4293 1120 4356 facili
1141 4307 1230 4356 nepem

230 4381 323 4430 flomr.
339 4395 394 4430 rou.
410 4381 427 4428 1.
459 4395 497 4428 eo.
514 4393 592 4430 urion
608 4381 644 4428 ill.
723 4387 728 4398 ’
1003 4383 1030 4430 te
