3080 4980
717 453 845 506 Hoanmi
863 454 1031 506 cammunti

459 615 538 679 Sunt
559 632 642 700 quos
665 609 824 677 curriculo
845 609 1014 697 pulverem
1035 609 1239 698 Olympicum

458 733 632 820 Collegisse
656 733 742 797 iuvat
763 740 913 818 metaque
935 729 1066 796 fervidis
1112 794 1113 798 ,

497 854 618 920 Evitata
639 853 717 918 rotis
738 849 911 939 palmaque
934 849 1050 917 nobilis
1391 854 1409 914 5

395 1027 418 1076 3.
439 1027 579 1087 Otmupium
596 1025 622 1074 F.
643 1024 702 1086 (Sex
719 1024 773 1072 mci
790 1021 874 1072 Codd.
893 1021 1062 1083 Olympicum,
1083 1025 1109 1070 et
1125 1023 1164 1072 040
1181 1035 1289 1086 semper
1309 1023 1379 1072 Troi-

364 1115 407 1150 cus
424 1101 484 1163 cet.)
506 1127 532 1135 -
552 1099 575 1150 4.
594 1103 724 1159 meamque
740 1099 767 1148 Τ.
790 1124 816 1132 -
836 1099 859 1148 o.
879 1098 996 1148 ciuitate
1013 1099 1041 1148 Β.

330 1260 362 1309 de
374 1258 488 1309 coloniis
501 1257 675 1307 Phoenicum:
690 1269 756 1319 pars
772 1257 852 1319 04494·-
888 1257 953 1308 444444.
967 1257 1008 1305 47.
1020 1257 1047 1305 04
1057 1256 1136 1306 Tacit.
1150 1255 1216 1305 hun.
1231 1255 1271 1317 44,
1283 1255 1327 1306 44;
1347 1271 1411 1318 quo-

328 1335 400 1384 utbus
408 1332 676 1394 misproestdto‚alicc
684 1331 849 1394 decorifuere.
887 1330 1181 1394 drtpamtmmmiculum
1189 1333 1319 1395 usurpant
1328 1335 1355 1380 04
1363 1331 1411 1380 de-

328 1407 452 1457 Similiter
467 1407 532 1470 Epp.
554 1407 578 1466 4,
593 1407 617 1467 4,
634 1406 694 1455 44434
713 1419 799 1455 rerum
810 1411 851 1454 tu-
888 1403 1016 1454 clamator
1033 1404 1066 1454 de
1079 1405 1191 1468 llarusp.
1207 1418 1278 1469 resp.
1298 1407 1343 1456 ro:
1358 1411 1411 1455 tcu-

327 1483 377 1532 teto
391 1495 514 1530 omanem.
533 1480 581 1529 Od.
600 1481 625 1539 4,
645 1480 684 1540 47,
698 1479 730 1529 i:
750 1479 851 1528 Omea-
887 1493 937 1540 000,
951 1479 1087 1528 0044400444.
1107 1479 1265 1529 Curricutum
1276 1483 1367 1530 autem
1377 1481 1410 1529 ua

326 1571 385 1607 mua
395 1557 491 1622 mande
502 1557 574 1604 (40000
585 1555 744 1616 columenque
754 1568 849 1604 rerum.
887 1555 1043 1618 usurpatum
1055 1567 1108 1602 non
1119 1553 1206 1603 minus
1217 1555 1351 1617 poeticum
1364 1569 1411 1604 ro-

327 1633 396 1694 Virg.
416 1631 562 1693 Georgicon
578 1631 603 1692 4,
621 1629 666 1680 404
694 1630 851 1690 04400000
888 1627 1012 1678 cabulum
1035 1641 1095 1677 esse
1117 1626 1238 1688 arbitror,
1262 1641 1344 1691 quam
1367 1631 1409 1678 Gr.

326 1709 411 1772 somus
426 1706 514 1754 merit)
527 1717 592 1767 pars
609 1706 725 1754 momimu
741 1708 849 1764 nostroe,
887 1695 976 1773 ἅρμα,
991 1695 1100 1766 ὄχημα,
1113 1699 1227 1770 δίφρον,
1241 1703 1340 1766 quibus
1351 1716 1410 1753 om-

326 1783 467 1833 Macccnas.
888 1775 965 1826 nibus
991 1776 1071 1825 utitur
1099 1777 1236 1826 Pindarus.
1280 1777 1412 1828 Curriculo

362 1855 386 1904 3.
416 1855 480 1903 Sunt
497 1851 683 1916 cruos-immi]
701 1852 774 1901 Hanc
786 1864 852 1901 con·
887 1851 964 1914 spatii
985 1863 1066 1900 sensu
1088 1844 1219 1900 ἐπίθετον
1241 1849 1351 1918 aliquod
1368 1865 1411 1901 re-

326 1929 500 1979 structionem
512 1926 634 1976 Horatius
651 1929 730 1990 atque
743 1927 850 1976 omnino
887 1926 1019 1989 quisisset.
1036 1951 1062 1960 -
1081 1927 1204 1976 Nostram
1215 1926 1411 1991 interpretatio-

229 2019 233 2025 ·
327 2003 469 2066 scriptores
487 2002 666 2050 accuratiores
687 2001 848 2064 praeierunt,
887 2013 958 2062 nem,
977 1999 1121 2049 admodum
1137 1999 1286 2063 praefracte
1302 2015 1320 2052 a
1332 2003 1412 2052 Boss-

328 2077 382 2138 ubi,
401 2079 430 2126 ut
448 2089 509 2126 mox
525 2089 550 2126 r.
570 2076 610 2125 49.
637 2077 689 2126 Sat.
710 2077 733 2136 4,
752 2075 777 2136 4,
797 2075 848 2138 44,
886 2075 935 2124 cha
962 2075 1101 2135 reiectam,
1125 2073 1214 2125 firmat
1235 2075 1274 2125 Od
1294 2075 1319 2138 4,
1342 2077 1367 2139 3,
1385 2075 1408 2126 4.

327 2165 384 2202 rem
406 2153 508 2201 certam
530 2163 562 2200 ac
582 2163 665 2214 prope
687 2150 803 2214 quotidie
824 2151 849 2201 444
888 2149 975 2214 (ilium)
993 2162 1043 2199 nou
1059 2161 1136 2211 00040
1146 2150 1252 2214 impiger
1268 2151 1354 2200 Curru
1365 2153 1411 2200 du-

326 2227 418 2279 oculos
429 2228 564 2275 incurrere
576 2223 680 2275 solitam
692 2225 848 2288 significent.
886 2229 922 2274 cet
954 2224 1061 2273 Achaico
1098 2225 1236 2284 Victorem,
1271 2227 1409 2288 magisque

327 2302 394 2354 Alibi
408 2301 480 2364 (Epp.
495 2301 519 2362 4,
533 2301 557 2361 4,
571 2300 610 2349 77.
635 2300 700 2363 Epp.
714 2301 738 2360 4,
751 2301 776 2361 4,
791 2301 846 2351 483.
886 2299 966 2348 etlam
973 2298 1129 2348 Ovidl'rist.
1140 2297 1164 2358 4,
1175 2299 1251 2360 8,36;
1264 2299 1411 2362 Necproout

327 2377 388 2438 cet.)
401 2375 447 2425 ubi
458 2369 640 2435 ὑποθετικῶς
651 2373 776 2437 loquitur,
795 2376 849 2424 440-
885 2388 903 2423 0
918 2374 1002 2434 natm,
1021 2386 1085 2434 ques
1097 2385 1179 2434 paene
1195 2377 1277 2423 4044ον0
1296 2375 1408 2434 uidebor,

327 2454 408 2503 ratius
434 2462 540 2514 quoque
566 2449 648 2498 utitur
672 2449 847 2498 coniunctivo.
886 2449 1018 2500 Curriculo
1033 2448 1247 2511 9400400044ωο
1257 2450 1337 2498 ruina
1346 2463 1408 2499 meo.

326 2525 418 2576 Rarius
428 2527 518 2574 autem
531 2523 597 2572 hacc
607 2523 767 2573 constructio
779 2525 849 2587 apud
886 2523 953 2574 Cum
975 2521 1030 2572 aliis
1050 2522 1084 2571 de
1106 2535 1245 2572 cursorum
1265 2523 1409 2573 certamine

326 2601 419 2664 poetas
436 2598 550 2662 optimos
562 2609 683 2661 quosque
696 2596 758 2646 ideo
769 2611 849 2661 repe·
886 2600 914 2646 tu
932 2597 1099 2659 interpretari
1117 2596 1182 2644 noli:
1210 2597 1320 2647 nimium
1339 2599 1410 2648 enim

327 2676 402 2734 444444,
422 2672 502 2737 quod,
521 2674 550 2721 444
566 2685 616 2736 par
633 2675 682 2732 004,
701 2685 745 2723 res
763 2677 849 2723 certas
886 2685 917 2722 ac
929 2671 1063 2734 turgidum
1074 2673 1131 2722 tum
1143 2671 1410 2732 foretputuercmcoi-

328 2751 407 2811 atque
426 2747 562 2797 evidentes
582 2759 731 2811 proponere
749 2746 851 2797 malunt
885 2747 969 2810 ligere.
985 2773 1012 2781 —-
1025 2745 1187 2810 Olympicum]
1207 2746 1279 2796 Hanc
1297 2747 1409 2798 formam

327 2835 409 2888 quam
425 2821 522 2871 dubias
539 2824 567 2870 et
583 2820 721 2872 obscuras.
756 2821 849 2886 Neque
885 2820 1016 2884 praebent
1027 2819 1106 2869 Libri.
1126 2821 1332 2884 Cuninghamius
1344 2822 1410 2872 sub·

326 2912 390 2949 vero
408 2898 497 2960 negari
514 2898 614 2960 potest,
638 2895 725 2946 dubiis
742 2898 768 2948 in
786 2897 849 2950 loeis
887 2895 969 2946 stituit
985 2895 1134 2957 Olympium.
1164 2923 1191 2931 -
1217 2896 1293 2958 Quid,
1312 2899 1335 2947 si
1354 2899 1409 2962 ipse

328 2973 537 3024 controversiam
559 2985 612 3020 non
633 2973 687 3022 tam
709 2971 850 3024 subtilibus
886 2971 981 3035 poeta,
1012 2970 1083 3033 quod
1113 2968 1187 3019 facile
1214 2970 1270 3020 lieri
1295 2973 1408 3035 poterat,

327 3049 478 3112 interpretis
489 3047 617 3110 cuiusque
630 3045 850 3112 disputationibus
887 3045 945 3095 illos
973 3047 1135 3095 Graecomm
1163 3043 1240 3096 iudos
1268 3045 1409 3110 aliquando

327 3137 409 3189 quam
429 3121 652 3188 praestantiorum
678 3121 762 3172 Codd.
785 3135 851 3172 con·
887 3122 1036 3185 spectarat‘i
1057 3121 1270 3184 quommimago
1288 3122 1411 3186 superest

327 3211 408 3250 sensu
429 3197 540 3249 distrahi
561 3196 670 3248 debere.
706 3197 758 3247 Cir.
778 3198 850 3248 lieu·
886 3199 912 3246 in
929 3209 993 3246 vase
1010 3197 1080 3260 picto
1097 3194 1168 3258 apud
1185 3193 1409 3259 MillingenCohill

327 3276 416 3336 singer
442 3271 555 3326 Praefat.
582 3272 616 3321 ad
643 3273 696 3323 Cic.
724 3271 797 3324 04440.
821 3286 848 3337 p.
886 3271 949 3322 Tab.
970 3272 993 3320 4.
1012 3271 1411 3322 Effusamautemvictorumet

327 3348 460 3398 liiiiivill.
487 3347 590 3409 Zumpt.
614 3348 640 3396 et
660 3346 696 3394 ad
713 3346 760 3396 044.
779 3347 798 3408 4,
817 3347 849 3397 44
886 3347 928 3396 4440
945 3347 1088 3398 faventium
1100 3344 1226 3396 laetitiam
1238 3347 1343 3409 egregia
1360 3347 1410 3396 de-

328 3424 395 3471 extr.
418 3419 543 3470 Heinrich
564 3419 598 3468 ad
624 3421 713 3471 iuven.
740 3433 766 3484 p.
790 3421 847 3472 464.
887 3420 979 3470 scribit
1007 3421 1056 3470 Dio
1082 3419 1219 3482 chrysost.
1257 3421 1301 3471 04.
1328 3420 1353 3469 a.
1381 3433 1407 3484 p.

328 3495 414 3558 Reisig
435 3497 462 3544 et
483 3495 568 3544 Haase
593 3495 649 3544 Lat.
673 3495 718 3545 Gr.
743 3493 766 3558 S.
791 3495 847 3545 334.
886 3497 943 3546 494.
963 3497 992 3544 li.
1397 3533 1401 3542 .

327 3569 406 3620 Iacob
419 3581 460 3632 ap.
472 3568 577 3618 thker
587 3581 613 3632 p.
624 3568 850 3619 biis-Ceterum
921 3569 944 3620 4.
964 3567 1100 3632 0044094000]
1117 3567 1142 3616 id
1158 3571 1206 3630 004,
1227 3569 1408 3633 «rapidissimo

328 3643 380 3695 noli
397 3642 529 3702 oblivisci,
548 3644 692 3692 etiamtunc
709 3656 724 3692 a
744 3645 851 3695 Graecis
887 3655 968 3694 cursu
979 3643 1093 3693 stadium
1105 3655 1228 3694 emensos
1240 3644 1355 3694 excitare
1367 3645 1409 3693 at-

328 3718 459 3783 opulentis
481 3720 508 3767 et
528 3719 605 3770 Asiae
624 3719 733 3768 minoris
754 3719 850 3782 regulis
888 3732 939 3783 que
958 3719 992 3767 ita
1009 3717 1231 3781 victoriapotirim
1259 3718 1408 3767 Perfectum

328 3795 444 3844 Graecae
454 3793 541 3857 stirpis
551 3792 684 3844 celebrata
694 3793 852 3856 0000044444-
888 3791 1009 3844 subtilius
1027 3790 1155 3855 explices,
1179 3792 1305 3854 quoniam
1327 3786 1409 3862 ἀορι-

328 3869 384 3934 pia;
403 3867 572 3918 etsifortasse
584 3870 671 3932 potius
684 3870 805 3932 cogitavit
816 3868 850 3918 de
888 3883 962 3930 στως
978 3866 1094 3930 positum
1120 3865 1210 3916 dicere
1231 3867 1285 3916 iem
1302 3879 1353 3916 non
1377 3865 1409 3915 li·

328 3943 473 3994 victoribus
491 3956 506 3992 a
525 3944 636 3993 Pindaro
654 3942 815 3994 collaudatis.
889 3944 944 3993 cet:
968 3939 1110 4004 «colligere
1132 3943 1159 3990 et
1179 3942 1271 4004 postea
1293 3941 1332 3991 rei
1352 3943 1408 3990 tam

361 4017 427 4067 ibid.
456 4017 590 4080 0444440040]
620 4031 738 4067 «cumn»
764 4018 851 4081 potius
888 4017 998 4068 feliciter
1006 4017 1095 4078 gestae
1106 4027 1240 4065 memores
1251 4027 1337 4066 essen
1354 4014 1409 4063 Ve-

329 4105 411 4156 quam
429 4093 475 4141 «in
492 4091 591 4152 stadio,
610 4092 637 4140 in
653 4091 739 4155 spatio
756 4103 850 4141 cursus
887 4105 946 4142 rum
964 4089 1109 4154 simplicius
1126 4102 1190 4140 sane
1203 4090 1336 4140 concedes
1347 4089 1408 4140 4404-

329 4166 472 4232 Olympici»
493 4168 531 4230 (444
546 4166 669 4230 estapud
682 4167 735 4216 Cic.
750 4166 806 4216 Cat.
820 4165 848 4214 9:
886 4167 952 4228 sigio
969 4167 1024 4214 404.
1047 4164 1091 4214 Gr.
1109 4163 1133 4227 5.
1153 4164 1209 4215 490.
1228 4167 1322 4228 poetas
1338 4162 1408 4214 Lati·

330 4242 440 4293 444404αο
455 4255 481 4292 se
495 4242 522 4291 tu
543 4241 669 4292 0044404440
686 4239 850 4302 mercantum
887 4253 934 4290 44οο
952 4239 1048 4290 0404440
1065 4251 1127 4289 44000
1146 4251 1205 4290 0000
1217 4238 1406 4303 44000οή0040,

330 4315 370 4366 illa
387 4330 451 4366 vero
469 4317 657 4380 significatione
668 4318 721 4366 iam
734 4315 787 4366 Cic.
801 4327 850 4380 pro
886 4313 931 4364 uhi
949 4314 993 4365 inf.
1012 4327 1100 4379 praes.
1124 4327 1138 4363 a
1156 4315 1242 4364 metro
1259 4312 1407 4378 praefracte
