3078 4978
536 377 637 428 ureae.
674 379 842 430 cinunu.
1185 379 1240 444 744

234 527 369 594 lnaehia
391 527 527 616 langues
553 533 659 598 nrinus
681 555 719 600 ae
742 557 810 612 rne;

189 649 361 716 Inachiam
385 659 433 716 ter
454 662 549 718 nocte
573 663 682 740 potes,
706 655 783 720 rnihi
808 677 939 743 semper
961 657 1002 724 ad
1025 679 1123 723 unum
1205 659 1245 722 ta

237 769 347 836 Mollis
370 792 462 859 opus.
507 775 623 840 Pereat
644 774 742 852 male,
766 796 850 863 quae
873 787 904 842 te

185 891 315 958 Lesbia
336 894 504 980 quaerenti
529 905 656 961 taurum
678 897 866 964 monstravit
887 898 1040 975 inertem,

190 1017 193 1024 “
233 1014 322 1079 Cum
343 1012 421 1079 mihi
446 1016 532 1081 Cous
554 1015 686 1083 adesset
708 1019 879 1107 Amyntas,

192 1135 303 1201 Cuius
326 1135 357 1198 in
380 1134 535 1203 indomito
558 1137 755 1204 constantior
778 1138 908 1226 inguine
930 1161 1049 1206 nervus

233 1257 344 1335 Quam
368 1276 451 1323 nova
473 1255 609 1323 collibus
633 1257 731 1326 arbor
752 1258 907 1326 inhaeret.
1201 1264 1242 1327 20

188 1376 372 1444 Murieibus
395 1377 499 1467 Tyriis
521 1381 655 1446 iteratae
677 1379 798 1447 vellera
820 1380 912 1448 lanae

238 1479 302 1566 Cui
324 1499 608 1586 properabantur‘i
631 1501 699 1570 Tibi
720 1523 857 1590 nempe,

188 1622 238 1686 Ne
264 1620 348 1687 soret
370 1620 525 1708 aequales
548 1623 630 1688 inter
651 1625 801 1702 conviva,
824 1625 926 1712 magis
950 1646 1048 1713 quern

234 1739 394 1828 Diligeret
414 1741 531 1808 mulier
553 1764 612 1809 sue
634 1765 733 1832 quarn
754 1755 796 1812 te.

217 1963 260 2012 45.
278 1966 367 2022 potens
383 1963 412 2012 T.
428 1989 455 1998 -
474 1962 546 2011 Inter
562 1975 586 2010 v.
605 1961 646 2010 22.
666 1962 693 2010 et
709 1960 750 2010 2³.
769 1961 841 2011 hune
859 1961 970 2012 inseruit
987 1963 1018 2012 T:
1039 1964 1127 2013 Cetera
1143 1965 1211 2014 nrttte

184 2037 268 2099 toqui.
288 2035 347 2086 dara
362 2037 424 2087 baec
439 2037 544 2099 sortasse
561 2035 682 2099 benipaa,
707 2033 773 2086 inira
792 2034 885 2098 (Epod.
905 2035 949 2097 43,
968 2037 1003 2099 7.)
1022 2038 1159 2088 omissum.
1182 2063 1209 2074 -

180 2110 225 2161 33.
247 2111 364 2172 αοᾳυαὶῑε
386 2111 435 2160 ΒΤ.

148 2303 234 2356 elice:
256 2316 354 2367 ewam
371 2305 436 2354 item
453 2302 531 2353 ioeda
546 2304 598 2364 est,
617 2315 678 2352 eum
718 2299 809 2365 Κῶος·
836 2299 924 2366 θεοὺς
948 2301 1004 2376 γὰρ
1023 2305 1137 2367 φαίνεθ’
1154 2301 1172 2372 ἡ
1191 2304 1243 2371 νῆ-

147 2391 194 2430 me
211 2379 370 2441 obiurgatt»
390 2401 418 2412 -
441 2377 586 2441 Vei-eum]
612 2377 678 2428 Vide
717 2391 771 2439 σος
795 2377 901 2448 φέρειν.
932 2380 971 2429 De
997 2380 1038 2430 his
1063 2379 1240 2444 ἐπιθέτοιςε

147 2455 184 2504 ad
192 2452 282 2518 Epod.
292 2453 317 2512 3,
329 2453 369 2502 tr.
381 2451 529 2516 —lneehinj
544 2451 582 2502 Ci.
593 2451 676 2516 Epod.
717 2453 802 2516 putria
817 2453 907 2517 petitis
924 2453 972 2504 eir.
986 2454 1022 2504 ad
1038 2454 1085 2504 Od.
1099 2454 1130 2517 i,
1149 2457 1179 2517 3,
1199 2456 1239 2506 ta.

148 2530 197 2589 tt,
217 2530 242 2578 6.
259 2555 287 2564 -
301 2527 405 2590 leaenas
413 2526 504 2591 minsa]
525 2526 617 2591 alonge
629 2527 680 2578 ior-
718 2553 746 2563 -
764 2526 898 2590 indernito]
918 2541 1070 2591 «nunquam
1086 2527 1172 2592 lasso,
1191 2530 1241 2581 sed

149 2603 251 2652 tiaram
268 2603 295 2651 te
318 2600 435 2665 praebes
458 2601 484 2652 in
507 2602 613 2652 Inachia
638 2604 680 2652 ter
716 2613 825 2664 semper
841 2601 876 2652 ad
893 2615 1022 2654 veneram
1043 2606 1193 2667 prompto.»
1211 2629 1238 2640 -
1322 2599 1325 2604 '

148 2677 288 2726 interdum
310 2689 362 2726 uua
380 2678 458 2727 nocte
477 2675 678 2740 subegitanda.»
715 2675 814 2738 namu]
838 2676 935 2726 «Cuius
952 2676 985 2725 ab
1010 2677 1115 2739 inguine
1133 2679 1242 2740 erigitur

152 2775 178 2786 -
196 2750 278 2814 petes]
297 2749 398 2801 Eadem
416 2751 467 2801 hae
477 2753 615 2800 reticentia
627 2751 679 2800 uti·
715 2751 792 2814 penis
810 2751 924 2808 tirmior,
943 2764 1024 2814 quam
1042 2752 1124 2802 arbor
1139 2751 1241 2802 novella

149 2827 193 2874 tur
205 2823 296 2887 Virgii.
308 2823 364 2874 Eei.
378 2824 408 2886 3,
427 2825 452 2875 8.
471 2823 581 2876 Martial.
594 2824 622 2884 3,
636 2824 677 2883 33,
717 2826 743 2872 et
759 2827 854 2886 vegeta
874 2824 1010 2874 radicibus
1035 2827 1122 2874 terrae
1148 2827 1242 2876 iubae-

150 2901 173 2948 t.
194 2901 308 2950 Theoer.
329 2901 357 2960 4,
379 2899 435 2949 405.
453 2898 496 2948 ed.
510 2899 614 2949 Ameis:
643 2891 677 2948 od
716 2899 782 2946 ret.»
812 2897 876 2948 Mire
900 2897 987 2948 haesit
1008 2899 1035 2947 in
1057 2898 1109 2948 hoc
1129 2913 1154 2949 v.
1174 2914 1241 2949 noua

150 2971 265 3039 λέγεται
287 2967 341 3022 τὰν
365 2966 476 3040 Κύπρὶν
496 2965 679 3033 ὀβωκόλος;
717 2972 848 3034 «ideoque
872 2972 997 3022 robusta»
1016 2985 1137 3024 summus
1155 2973 1240 3024 Scali-

150 3047 215 3098 Lue.
230 3045 294 3098 Diai.
309 3048 388 3097 Deor.
409 3048 453 3096 ts:
476 3039 548 3130 ’3ἴώ
574 3042 605 3096 δὲ
622 3039 678 3111 ’ἤδη
716 3059 764 3109 ger
780 3047 936 3096 eoniieiens:
956 3048 1038 3107 Quam
1053 3061 1113 3096 non.

151 3119 223 3172 ποτὲ
234 3117 287 3184 τὴν
296 3113 464 3191 Ἀφροδίτην
475 3118 560 3170 -aii’
574 3113 609 3170 οὗ
621 3115 678 3190 χρὴ
748 3121 776 3170 ii
794 3120 852 3170 -46,
873 3120 1012 3170 uaricibus
1025 3120 1112 3183 iprits]
1137 3121 1239 3172 uvestis

150 3188 263 3254 αὐχεῖν.
288 3195 374 3244 Strato
391 3195 418 3245 in
435 3195 512 3245 Anth.
532 3193 586 3244 Pal.
605 3196 636 3244 ii.
649 3208 676 3258 p.
716 3193 757 3244 iiia
776 3207 910 3268 purpurea
934 3192 1050 3257 dibapha
1075 3194 1117 3245 eui
1143 3207 1240 3258 magno

151 3268 214 3319 isa:
236 3263 338 3331 Ἐχθὲς
354 3262 431 3328 ἔχων
448 3263 505 3318 ἀνὰ
521 3265 613 3320 νύκτα
630 3269 679 3319 Φι-
716 3267 1239 3331 eumstudioparabaturmittebaturque

151 3340 313 3413 λόστρατον
339 3337 393 3394 οὐκ
418 3340 627 3409 ἐδυνήθην.
649 3371 676 3381 -
715 3343 787 3394 douo
804 3343 853 3392 nisi
871 3340 931 3402 tibi,
950 3343 1068 3405 ingratei
1086 3345 1124 3392 Ne
1141 3341 1241 3394 scilicet

149 3417 241 3482 Mettis]
256 3419 349 3468 animis
360 3417 538 3470 flaccidusvei
551 3419 678 3469 adunam
715 3418 784 3466 inter
801 3413 907 3466 sodales
924 3417 984 3466 tuos
1001 3416 1143 3479 quisquam
1158 3419 1238 3475 esset¹

151 3494 278 3542 coitum.»
298 3519 325 3527 -
347 3492 620 3554 peruenerant]
638 3494 677 3542 De
715 3491 761 3554 qui
784 3491 928 3554 pretiosius
953 3490 1052 3540 amoris
1084 3491 1178 3552 pignus
1205 3490 1240 3540 ab

151 3567 348 3618 eonstruetione
366 3566 398 3617 ei.
418 3565 501 3630 Epod.
521 3567 550 3627 6,
569 3568 637 3628 isq.
715 3565 801 3616 amica
819 3577 867 3614 sua
885 3564 1026 3627 acceptum
1044 3565 1179 3614 ostentare
1192 3577 1241 3614 eo-

184 3641 273 3691 47-20.
292 3641 387 3705 Lesbiu]
405 3640 513 3701 aneilla,
531 3639 574 3689 rai
589 3640 677 3703 potius
715 3652 767 3702 que
785 3651 815 3688 se
833 3639 931 3687 iactare
950 3640 1067 3701 possets
1083 3663 1110 3673 -
1123 3636 1239 3701 uanae]

151 3713 220 3765 iana.
239 3713 376 3775 Tiburte,
399 3715 427 3776 6,
446 3713 491 3766 tt:
517 3715 587 3764 Lana
606 3718 679 3763 necat
715 3709 1240 3774 SicStat.Silv.3‚2‚ti0.iteratumpar·

151 3791 270 3838 misarum
284 3788 393 3850 Phryne,
418 3789 556 3851 serumque
575 3787 678 3836 wbettas
711 3799 806 3848 puram
825 3785 898 3834 dixit.
938 3784 986 3834 ed.
1009 3786 1039 3846 3,
1061 3785 1105 3847 46,
1123 3787 1172 3836 35:
1202 3786 1239 3835 bis

152 3862 252 3912 Οοαιὶιο
268 3865 376 3923 portans
397 3863 464 3924 itque
479 3862 593 3921 reditque
609 3861 673 3910 sinu.
712 3860 775 3924 Afro
785 3860 884 3910 Murice
894 3860 1099 3910 tinctae-breue.
1118 3859 1193 3909 Ovid.
1206 3861 1237 3908 Α.

154 3963 181 3974 -
195 3935 306 4000 taurana]
326 3949 404 3986 acum
415 3936 504 3986 virum
515 3947 676 3998 quaererem
713 3937 743 3985 Α.
754 3935 778 3994 3,
790 3935 850 3984 tio:
869 3947 934 3996 quaa
946 3935 983 3983 bis
992 3934 1066 3996 Turio
1074 3933 1169 3983 murias
1179 3933 1241 3982 tuna

152 4009 247 4061 tortam
265 4023 297 4060 ae
308 4009 438 4070 validum,
458 4010 536 4060 nimis
553 4009 675 4072 trigidum
713 4009 794 4058 rubes.
809 4036 837 4044 -
849 4009 944 4073 nuspa]
960 4021 1023 4059 eum
1034 4006 1087 4058 leni
1107 4006 1237 4056 irrisione.

152 4082 240 4134 illaad
252 4097 295 4134 me
313 4083 461 4148 perduxit.»
483 4107 509 4119 -
532 4083 603 4147 Cous]
623 4084 677 4132 Da·
714 4081 790 4132 Hand
809 4083 884 4132 Turs.
905 4083 948 4132 lv.
970 4095 997 4146 p.
1013 4082 1070 4131 tea.
1093 4107 1120 4116 -
1139 4078 1238 4142 mutia]

153 4169 282 4209 moranus
293 4157 365 4223 apud
382 4158 476 4208 Athen.
491 4156 502 4205 4
517 4194 522 4216 ,
536 4157 585 4207 26:
604 4156 676 4206 Neu—
713 4168 762 4219 pro
774 4157 872 4216 amica,
886 4158 915 4206 ut
928 4154 1020 4206 Catuli.
1035 4154 1079 4214 te,
1093 4155 1103 4201 4
1116 4167 1121 4199 :
1134 4153 1203 4202 Nutti
1214 4166 1239 4201 sa

153 4231 215 4293 νίας
226 4259 240 4269 -
251 4227 362 4282 steven
381 4227 452 4293 ἴσως
474 4227 674 4292 ἑπτακαίδεκα,
713 4229 772 4279 dicit
787 4230 878 4279 mutter
893 4241 951 4279 mea
966 4227 1058 4276 nubere
1071 4227 1145 4276 made
1157 4228 1238 4287 ortam
