2992 4978
259 464 320 528 444
642 464 769 514 norim
788 463 956 515 cinummr

471 623 612 697 Sternet,
636 640 741 709 aquae
764 619 824 686 nisi
847 619 924 687 saliit
946 639 1047 707 augur

385 782 514 847 Annosa
536 779 656 846 cornix.
701 781 785 845 Dum
807 778 906 866 potis,
930 777 1055 845 aridum

326 998 365 1048 ts.
380 1003 451 1061 potes
465 996 683 1059 nbsrcdnctrt.
702 995 776 1058 (potis
792 1008 825 1044 ex
841 992 879 1060 βγ
896 997 923 1044 44
938 1007 979 1058 pr.
998 1010 1015 1043 κ
1033 993 1164 1045 Bentleius
1182 1008 1213 1044 sc
1226 995 1268 1056 44.)

259 1195 319 1264 peut
346 1208 381 1244 σε
407 1189 568 1260 καταιγιδες
598 1187 779 1256 ἐξεκύλισαν,
851 1190 891 1238 to.
912 1189 951 1240 46.
978 1189 1091 1254 ennon]
1113 1204 1162 1255 pro
1184 1191 1340 1254 imperativo

259 1267 351 1328 Φιλλί,
369 1266 429 1318 κτλ.
818 1275 975 1324 «venerare,
990 1263 1073 1314 colen
1091 1263 1159 1314 Alibi
1171 1266 1277 1316 (4444444
1284 1267 1342 1327 pla-

294 1345 334 1394 42.
354 1341 594 1406 uquue--uuqurl
617 1353 778 1404 «praesaga,
816 1353 887 1402 cure,
913 1341 1043 1404 ineocure,
1073 1347 1101 1392 ut
1124 1342 1194 1392 44444
1213 1345 1342 1405 propitius

259 1417 373 1468 divina.»
401 1420 524 1469 Poenum.
557 1413 646 1476 0d.³‚
663 1416 710 1476 27,
730 1414 778 1463 to:
816 1417 856 1466 stt.
875 1416 1045 1476 iliensium,
1064 1417 1249 1468 fortassecum
1267 1421 1341 1468 certo

259 1492 378 1542 imbrium
409 1493 495 1542 (444444
522 1491 577 1558 uois
600 1490 779 1539 misenum.
817 1490 933 1554 quodam
951 1493 1022 1550 ioco,
1048 1505 1079 1540 ex
1098 1489 1217 1542 termulis
1234 1493 1342 1543 Geuiurn

258 1568 330 1617 Aret.
343 1564 423 1617 Aeon.
444 1567 521 1617 loss:
539 1559 691 1630 Χειμώνος
705 1564 782 1630 μέγα
813 1565 932 1628 placere,
957 1565 1034 1616 Genio
1056 1565 1185 1630 lusuque
1206 1568 1234 1617 et
1249 1581 1342 1618 crum

258 1638 342 1707 σῆμα
357 1641 407 1691 καὶ
423 1635 585 1710 ἐννεάνειρα
595 1633 709 1710 κορώνη
725 1633 782 1690 rto-
817 1653 919 1703 coeptu,
936 1645 1026 1700 eutero,
1045 1641 1114 1692 banc
1126 1653 1223 1692 novam
1241 1642 1343 1693 effinxit

258 1730 359 1788 κτερον
377 1709 525 1766 ἅειδουσα.
552 1713 779 1776 ovid.nm.s,6‚
816 1729 908 1765 mucre
932 1715 1046 1802 Genioque.
1076 1741 1103 1750 -
1127 1729 1205 1777 porco
1222 1717 1342 1782 teneor]

258 1790 302 1842 st:
321 1791 424 1854 ptwtue
439 1789 559 1854 94444444
576 1794 666 1839 auctor
684 1801 779 1852 uquue,
816 1790 891 1841 ldem
900 1789 1060 1840 sacrificium
1069 1790 1095 1840 in
1105 1791 1207 1841 carnae
1217 1789 1341 1843 sollemni

257 1865 305 1916 ubi
325 1866 447 1917 Heinsius
463 1863 571 1914 volebat
587 1877 679 1927 cuque.
714 1864 780 1915 ilinc
817 1866 950 1916 memorat
960 1862 1034 1914 Ouid.
1048 1865 1116 1920 Fest.
1129 1864 1157 1925 6,
1177 1864 1238 1916 458;
1256 1866 1341 1918 44444-

257 1939 392 2004 Euphorio
411 1941 452 1990 Fr.
483 1939 523 1989 su.
552 1939 630 1988 blein.
657 1937 705 1988 Ed.
732 1939 778 1989 11.:
817 1953 864 2004 que
885 1939 1014 2002 depereo
1034 1939 1114 1988 auda
1131 1937 1244 1990 bimetra
1261 1945 1339 2000 tenen

254 2009 433 2080 ’Τετύμαννις
457 2004 507 2063 ὄιν
522 2008 640 2083 κρώζειν
656 2009 778 2084 κορώνη.
816 2040 831 2051 -
842 2040 856 2051 -
868 2027 918 2076 pro
937 2025 1018 2075 paruo
1039 2012 1143 2062 uictinsu
1159 2026 1246 2074 paroc
1262 2015 1338 2064 444444.

258 2092 308 2140 Pro
332 2103 392 2140 voc.
410 2102 495 2153 auqur
510 2101 608 2152 genere
631 2087 693 2139 iem.
714 2089 781 2139 alle-
816 2085 988 2140 Difficuitstes
1014 2085 1129 2138 nonnulli
1151 2092 1294 2139 moverunt
1310 2103 1342 2139 en

257 2166 319 2215 nint
347 2165 426 2215 etiam
453 2165 526 2215 Statii
553 2164 636 2214 Theb.
661 2164 688 2226 9,
715 2165 777 2214 629:
817 2163 954 2214 censorin.
973 2163 1007 2212 l:
1033 2163 1117 2212 Frende
1137 2175 1236 2212 merten
1252 2163 1339 2214 Genio.

257 2241 350 2302 uereque
367 2252 537 2303 uuqurcussu
551 2239 640 2302 [44444.
716 2285 719 2292 ,
816 2237 936 2300 (Persius
961 2237 1015 2286 Sat.
1039 2237 1067 2296 2,
1092 2235 1130 2298 3.)
1164 2237 1210 2288 Hic
1233 2238 1342 2302 forsitan

291 2313 386 2366 tort.
403 2313 511 2379 444444]
529 2316 632 2364 Novem
649 2314 780 2364 enimue-
816 2312 1008 2374 quoquaerat,
1038 2311 1099 2372 quid
1125 2325 1217 2363 casuue
1244 2314 1291 2376 eit,
1314 2319 1342 2364 ut

257 2389 325 2438 tetes
341 2389 432 2439 vivere
452 2387 632 2438 credebantur
649 2390 778 2440 cornices.
815 2399 912 2436 nurum
931 2385 1084 2450 4444444444
1106 2385 1199 2448 Genio,
1223 2401 1275 2437 noir
1296 2389 1341 2438 44-

258 2461 365 2513 llesiod.
379 2463 419 2512 Fr.
434 2462 490 2512 tos.
503 2461 607 2512 Goettl.:
623 2454 721 2512 Ἐννέα
734 2477 780 2513 τοι
815 2462 864 2511 stin
878 2460 1022 2524 [motuum
1033 2461 1170 2522 putauerit.
1200 2463 1267 2523 quod
1291 2464 1342 2512 sci-

258 2535 323 2600 ζώει
339 2531 438 2602 γενεὰς
454 2534 593 2607 λακέρυζα
603 2531 717 2607 κορώνη
724 2529 781 2586 Ἀν-
815 2535 882 2596 ticet,
900 2540 929 2586 ut
948 2537 1028 2584 Varro
1045 2539 1150 2585 testatur
1170 2563 1184 2572 -
1195 2563 1224 2598 -,
1242 2538 1269 2587 tu
1284 2551 1341 2588 mo·

257 2607 332 2681 ὄρῶν
349 2605 495 2676 ἡβώντων.
529 2611 609 2660 Arato
626 2608 685 2661 loeo
702 2611 719 2661 1.
739 2615 780 2666 est
814 2611 851 2660 ris
867 2610 1021 2671 institutique
1036 2610 1144 2659 maiores
1159 2611 1238 2660 uestri
1253 2616 1340 2663 unru-

258 2680 420 2758 ἐννεάνειρα
436 2680 559 2756 κορώνη.
581 2711 608 2721 -
623 2686 691 2736 oum
703 2687 777 2750 potis]
801 2690 883 2746 ment,
900 2690 929 2734 ut
940 2698 997 2734 cuni
1008 2685 1047 2734 die
1056 2685 1137 2734 444444
1147 2698 1238 2736 munies
1248 2689 1341 2738 ennete

259 2759 382 2825 (Praebet
413 2761 483 2811 banc
515 2772 607 2809 veram
637 2759 778 2812 lectionem
816 2760 1171 2822 autoramentum
1186 2775 1204 2810 4
1220 2764 1341 2813 coedeuc

259 2837 340 2887 444444
365 2836 430 2887 Cod.
458 2837 478 2886 B
507 2833 642 2886 Venderb.
666 2837 724 2886 Sec.
745 2837 776 2886 X.
814 2834 937 2900 sanquine
961 2835 1123 2896 abstinerent,
1151 2850 1183 2886 ne
1207 2837 1259 2898 diet,
1289 2852 1341 2900 que

257 2909 391 2975 Exemplis
408 2923 423 2959 a
439 2908 557 2960 Bentleio
575 2909 692 2961 collectis
708 2910 777 2961 adde
814 2911 862 2974 ipsi
873 2912 952 2960 lucen
962 2909 1123 2972 accepissent,
1136 2910 1193 2959 attis
1204 2913 1336 2962 44444444.

212 2981 218 3000 “·
258 2999 290 3036 ex
313 2984 415 3036 Anthol.
435 2985 535 3048 Meyeri
557 2986 588 3034 N.
608 2985 686 3036 tter:
712 2985 779 3036 Num
814 2987 853 3036 Ex
869 2986 922 3035 lroc
937 2997 1045 3048 quoque
1062 2982 1192 3047 colligitur
1202 2985 1339 3038 Horatium

255 3061 309 3122 fato
341 3065 445 3122 ruptum
477 3075 527 3110 nou
559 3061 627 3123 potis
662 3059 778 3124 eripere.)
814 3073 868 3112 non
885 3059 958 3122 toqui
975 3059 1009 3109 de
1027 3060 1133 3110 Lamiae
1150 3058 1193 3109 die
1206 3059 1295 3110 netuli.
1310 3089 1337 3098 -

257 3128 312 3198 ἕως
335 3132 459 3186 δυνατόν
484 3133 570 3186 ἐστιν.
607 3136 693 3186 «Dum
717 3133 780 3186 lieet
814 3133 1028 3198 apenuusolutis]
1048 3132 1101 3183 «ab
1119 3146 1200 3199 opere
1214 3133 1338 3186 ferietis.»

256 3224 306 3274 per
322 3211 519 3261 serenitatem.»
554 3211 645 3260 Senot..
681 3211 780 3260 44444-
815 3213 906 3262 Scnor..
926 3211 981 3260 Cic.
1000 3208 1034 3259 de
1051 3211 1130 3272 Legg.
1150 3211 1174 3260 ².
1192 3208 1274 3273 §.292
1293 3210 1340 3261 re-

257 3297 337 3348 quam
367 3297 416 3348 per
445 3283 558 3343 imbres,
593 3285 637 3347 qui
666 3285 777 3347 instant,
813 3287 914 3336 riarum
928 3285 1096 3348 [sennenque
1112 3284 1209 3334 (4444444
1228 3286 1297 3336 ratio
1314 3287 1339 3335 44

257 3359 364 3410 madido
391 3359 455 3410 flant
482 3357 580 3420 tigna.»
614 3357 662 3408 Alii
690 3361 779 3412 minus
814 3361 898 3411 tiberis
912 3360 1048 3422 requietem
1062 3357 1134 3409 babet
1150 3359 1232 3410 litim
1248 3361 1338 3410 stiur·

257 3435 343 3484 recte:
363 3433 443 3486 «dum
455 3435 506 3483 vite
519 3431 566 3483 tibi
580 3435 705 3497 suppetit,
725 3447 779 3500 qus
814 3436 926 3499 pineum
938 3435 964 3484 in
971 3434 1057 3495 uteie,
1069 3446 1172 3496 uperuu
1180 3439 1204 3484 et
1214 3433 1336 3484 lubomir.

257 3508 325 3558 laete
337 3507 386 3558 irui
397 3508 515 3572 possiem
529 3519 582 3572 qua
594 3508 704 3572 quidem
716 3521 778 3560 cum
815 3507 907 3560 libuli.
917 3510 942 3571 4,
958 3510 982 3570 4,
996 3509 1026 3558 s:
1039 3509 1104 3558 Luce
1114 3510 1339 3570 eucrurequteoeut

256 3583 387 3633 sententia
408 3595 554 3645 conponere
573 3583 682 3647 liniue,
709 3585 779 3634 tem-
814 3584 915 3646 444444,
935 3584 1074 3646 requiescat
1084 3587 1187 3632 mutor:
1201 3583 1338 3633 “Omnia

256 3669 337 3721 mrem
350 3659 422 3708 esset
437 3657 577 3722 voluptarii
588 3656 696 3721 aliquid,
714 3659 779 3710 satis
815 3661 863 3710 siut
886 3663 991 3722 operatu
1013 3660 1071 3708 deo:
1099 3671 1149 3708 uon
1174 3659 1268 3708 audeat
1286 3659 1339 3708 uttu

257 3732 345 3795 inepte
358 3731 518 3794 iungeretur.
534 3759 562 3766 -
576 3731 705 3797 compnu]
719 3745 780 3782 «ex-
815 3734 954 3797 Lanificam
966 3734 1050 3796 petuis
1064 3733 1207 3795 inposuisse
1224 3745 1336 3782 444444.

256 3808 330 3856 strue
342 3805 529 3870 superiocum.
549 3807 693 3869 Romuleis.
707 3807 780 3870 quod
816 3808 982 3860 constructio
1004 3809 1094 3856 autem
1117 3820 1143 3856 u.
1162 3807 1257 3856 soluere
1277 3819 1338 3856 cum

257 3893 317 3931 cras
341 3880 463 3930 imminet
486 3878 591 3930 turbida
618 3881 776 3943 tempestas,
815 3883 929 3946 genitivo
952 3883 992 3944 (ut
1011 3876 1089 3932 λύειν
1110 3877 1213 3945 πόνον)
1233 3883 1337 3931 certes

256 3956 339 4006 Genio
365 3953 538 4017 indulgebis.»
566 3981 595 3991 -
622 3955 688 4019 crue]
715 3957 779 4006 For·
815 3955 1000 4009 iureconsultis
1010 3957 1272 4008 Latinisetramente
1285 3955 1337 4006 llo-

255 4034 326 4084 tasse
338 4032 448 4095 propter
460 4025 587 4079 sollemne
600 4032 777 4093 menstruum,
816 4033 911 4083 ratium
927 4030 1114 4096 usurpabatur.
1143 4032 1197 4081 Cic.
1211 4030 1246 4080 de
1258 4031 1335 4092 legg.

256 4118 310 4170 quo
333 4105 444 4156 Genium
468 4105 601 4168 laresque
628 4117 679 4154 une
705 4103 778 4156 cole·
814 4109 845 4168 2,
863 4108 908 4158 20:
927 4106 1010 4168 ieper
1026 4111 1102 4156 osset
1117 4105 1209 4156 librani
1225 4104 1337 4155 44444444

256 4181 334 4232 bant:
353 4181 377 4231 si
393 4179 427 4230 de
445 4177 572 4230 nataliciis
590 4178 672 4230 verbe
690 4181 778 4231 iacere
815 4183 953 4232 4444444444
963 4181 1054 4241 solvat,
1072 4180 1165 4242 idest,
1179 4179 1336 4243 obligatione

256 4253 395 4315 voluisset,
422 4266 486 4305 sane
509 4254 561 4304 hoe
584 4267 638 4304 uuo
661 4253 777 4306 alterove
815 4256 975 4306 testamenti.
1012 4253 1101 4318 (Falso
1125 4255 1227 4306 addunt
1250 4255 1335 4317 ipsum

256 4329 338 4380 verbo
356 4329 538 4393 significasset.
815 4329 973 4390 Ciceronem
984 4343 1034 4395 pro
1046 4331 1113 4381 sest.
1127 4331 1154 4380 7:
1173 4329 1245 4380 soluit
1258 4325 1336 4376 nouo
