3078 4978
533 477 632 527 LIBER.
669 479 766 528 catu.
789 477 851 526 Vlll.

352 631 462 699 Podex
484 631 571 699 velut
587 631 713 699 'crudae
735 632 837 697 bovis.

309 751 374 819 Sed
397 754 505 820 incitat
525 774 578 818 me
600 763 714 840 pectus
737 763 769 818 et
790 772 948 819 mammae
971 761 1095 838 putres,

351 874 475 962 Equina
498 873 613 961 quales
636 873 754 950 ubera

311 997 492 1082 venterque
514 993 619 1061 mollis
641 1005 674 1061 et
695 994 799 1062 lemur
822 991 1017 1060 tumentibus

354 1114 442 1182 Exile
464 1116 549 1182 suris
573 1115 735 1183 additum!

312 1239 387 1303 llsto
409 1236 519 1314 beata,
542 1236 637 1302 lunus
659 1247 756 1324 atque
780 1235 935 1323 imagines

351 1361 476 1425 Ducant
498 1357 708 1458 triumphales
731 1367 837 1432 tuum,

311 1484 377 1547 Nec
392 1480 440 1564 sit
461 1480 590 1556 marita,
615 1499 700 1568 quae
722 1477 964 1545 rotundioribus

355 1604 480 1669 Onusta
501 1601 592 1668 bacis
614 1599 765 1666 ambulet.

312 1723 413 1804 Quid,
437 1722 526 1811 quod
548 1721 647 1790 libelli
670 1722 768 1790 Stoici
791 1722 874 1789 inter
895 1723 1019 1789 sericos'
1189 1721 1228 1786 l5

357 1848 467 1911 lacere
490 1842 639 1932 pulvillos
661 1843 796 1909 amant?

316 1965 456 2033 illiterati
479 1988 555 2031 num
578 1965 683 2030 minus
705 1963 796 2030 nervi
818 1965 939 2052 rigent,

211 2203 251 2251 it.
272 2201 399 2252 illiteratis
416 2202 443 2250 et
458 2201 571 2264 itaqiene
589 2211 651 2248 eum
662 2199 754 2248 Guieto
773 2196 807 2248 ad
824 2199 927 2248 Terent.
942 2198 1022 2250 Andr.
1043 2199 1075 2262 i,
1095 2202 1118 2249 t.
1138 2211 1197 2248 ma-

176 2274 249 2326 lebat
265 2274 407 2326 Bentleiue.

145 2479 230 2530 lorme
248 2491 330 2543 quam
342 2480 489 2530 crassiores
505 2477 591 2543 pedes
603 2477 670 2528 inira
708 2477 809 2527 candor
832 2480 859 2527 et
880 2477 1033 2542 magnitudo
1060 2480 1087 2528 et
1106 2475 1181 2528 levor
1205 2479 1232 2528 et

144 2565 231 2618 genua
243 2567 304 2604 esse
321 2566 402 2617 quem
419 2566 526 2618 super.»
544 2555 668 2603 Ponrnrn.
708 2552 827 2617 pondus,
847 2555 877 2602 ut
893 2553 986 2604 scribit
1003 2551 1101 2604 Plinius
1113 2553 1144 2602 il.
1158 2553 1188 2602 N.
1208 2551 1232 2614 9,

179 2628 206 2676 44
221 2627 288 2678 -tt
318 2629 378 2678 Esto
404 2627 484 2692 beato]
511 2627 669 2678 Concessio:
708 2626 749 2678 35.
778 2627 879 2678 «Bacae
897 2630 959 2680 sunt
975 2628 1087 2677 uniones
1113 2639 1163 2678 seu
1177 2639 1237 2688 per·

147 2701 226 2751 «Esto
252 2703 374 2764 quamvis
400 2701 475 2752 dives
500 2715 532 2750 ae
560 2699 669 2762 nobilis,
708 2701 760 2750 ntia
786 2703 810 2765 (i.
834 2715 857 2752 e.
876 2699 1034 2773 βήρυλλοι,
1061 2702 1124 2751 hinc
1149 2701 1233 2763 perte,

146 2777 226 2838 atque
245 2776 323 2826 lunus
341 2778 416 2826 tuum
433 2775 595 2840 praecedant
608 2776 672 2825 ima·
707 2775 813 2840 Periere).
843 2776 927 2826 Coun.
956 2778 1034 2832 Cnuo.
1057 2801 1085 2810 -
1117 2774 1234 2837 minut]

145 2850 494 2914 ginesmaiorumtuorum,
514 2850 558 2913 qui
576 2851 672 2899 trium-
709 2848 840 2912 «superba
870 2849 975 2899 incedat
999 2859 1049 2913 per
1072 2847 1174 2912 plateas
1204 2861 1236 2898 ae

145 2927 214 2990 phos
226 2927 362 2988 egerunt.»
381 2925 512 2988 Imagines
525 2925 596 2974 enim
612 2923 671 2974 illae
709 2923 807 2972 vicos.»
827 2923 912 2986 Epod,
934 2923 964 2984 i,
986 2924 1016 2973 o:
1035 2923 1102 2973 Licet
1118 2923 1238 2984 saperem

146 3001 227 3050 etiam
245 3001 270 3050 in
288 3004 472 3050 matronarum
489 2997 618 3048 nobilium
630 2998 672 3049 lu·
709 2997 819 3046 enims
831 2997 950 3060 emnia.

146 3073 256 3124 neribus
282 3073 458 3123 ducebantur.
490 3073 544 3122 Cio.
566 3072 600 3122 de
627 3073 670 3122 Or.
742 3069 1238 3135 restituitistoieicetiusoiitaerat

145 3149 175 3208 2,
195 3149 241 3208 to,
259 3149 317 3197 aas.
336 3148 436 3197 Verum
452 3147 619 3198 amarissima
631 3148 672 3196 est
708 3147 775 3196 haec
799 3143 881 3196 libros
906 3144 1127 3210 pbilosophorum
1153 3145 1234 3195 etiam

148 3223 248 3274 iuneris
266 3224 320 3270 tam
341 3222 434 3284 aperta
452 3222 551 3270 mentio
570 3220 607 3283 (ut
622 3218 670 3270 0d.
709 3221 735 3270 in
756 3217 831 3270 lectis
848 3221 981 3284 repositos
999 3219 1113 3280 habere,
1141 3221 1170 3268 ut
1187 3218 1237 3268 ad-

147 3295 178 3357 3,
192 3297 236 3356 is,
249 3295 273 3346 l.
294 3293 396 3346 Chloris
408 3299 509 3344 maturo
516 3295 624 3356 proptor
633 3295 674 3356 sit·
707 3295 832 3344 veniente
850 3297 969 3344 amatore
982 3292 1120 3344 simularet
1137 3307 1166 3344 se
1178 3293 1236 3356 phi-

145 3369 232 3434 nm),
260 3382 311 3433 qua
329 3371 454 3418 monetur
471 3369 672 3432 intempestivos
708 3369 845 3434 loeophiae
871 3369 996 3430 studere,
1028 3382 1081 3418 non
1107 3367 1234 3418 libidini.»

147 3446 200 3494 iam
218 3456 278 3493 esse
297 3443 354 3493 eius
377 3455 494 3492 amores.
515 3468 543 3477 -
561 3443 672 3504 Ducant]
710 3445 794 3495 Coun.
823 3445 902 3501 Cano.
939 3445 983 3493 «ln
1010 3442 1086 3493 lectis
1115 3441 1235 3492 scribere

147 3518 201 3570 Cir,
220 3519 338 3568 Senecae
357 3518 481 3567 controv.
499 3518 527 3577 4,
545 3516 573 3566 6:
599 3518 673 3568 inm-
709 3517 846 3581 librosque
868 3515 957 3581 legere
975 3517 1098 3568 solebant
1118 3515 1233 3567 litterati.

143 3592 263 3656 pomasi
278 3593 445 3642 hereditariae
456 3591 599 3641 anteibant
610 3591 675 3640 ima·
709 3590 870 3643 Lenticulam
891 3589 1101 3641 lucubratoriam
1125 3592 1236 3654 Augusti

147 3671 229 3734 niues,
247 3683 319 3720 neoto
329 3671 453 3733 clamem
472 3667 583 3717 dixisset.
612 3668 671 3718 Vid.
710 3669 842 3718 memorat
859 3667 931 3716 suet.
948 3667 1037 3716 octav.
1053 3666 1111 3717 78.»
1128 3669 1235 3717 Gesner.

147 3744 250 3794 Becker
258 3743 346 3794 Gades
355 3742 409 3806 (Ed.
421 3741 474 3806 alt.)
485 3743 526 3792 iit.
538 3755 564 3805 p.
575 3743 632 3792 28⁴.
644 3769 671 3781 -a
710 3742 813 3793 Acerba
823 3743 913 3791 autern
926 3741 1046 3790 irrisione
1056 3741 1151 3791 Stoicos
1160 3753 1238 3805 prae-

146 3817 250 3882 marna]
270 3819 433 3867 «matrona»
452 3816 504 3867 Clr.
519 3815 612 3866 Catuli.
626 3816 672 3877 ti,
711 3817 788 3881 cipue
811 3813 913 3864 libellos
931 3815 958 3864 in
981 3817 1052 3865 mnia
1075 3812 1178 3865 luxurie
1202 3814 1236 3864 ab

147 3893 177 3942 6:
200 3893 333 3954 Postquam
349 3895 384 3940 est
397 3895 514 3952 parato
530 3891 600 3954 facto
615 3903 674 3940 ma-
711 3905 742 3942 ee
761 3888 846 3940 evolvi
864 3889 935 3939 dicit.
970 3888 1119 3940 Deficiente
1137 3888 1238 3939 seilicet

146 3968 201 4016 rita
217 3979 280 4016 sene.
303 3964 378 4016 Ovid.
400 3965 469 4016 Fast.
490 3967 521 4026 2,
544 3965 606 4016 iat:
635 3965 674 4014 bie
710 3962 1236 4028 iormaeelegantiatalibnsstudiiscerte

150 4040 265 4103 (Caesar)
292 4043 376 4089 enatae
400 4039 462 4089 duce
485 4052 510 4088 se
534 4039 600 4090 lubet
625 4053 675 4090 esse
711 4039 840 4092 simulatis
868 4038 1021 4090 huiusmodi
1049 4050 1116 4087 anus
1144 4034 1238 4085 adole-

146 4114 263 4164 moritcs.
282 4115 423 4164 Praeterea
436 4113 568 4176 reperitur
586 4113 672 4164 subet.
711 4117 817 4165 scentes
834 4112 940 4164 allicere
957 4114 1066 4162 conatae
1079 4123 1140 4160 esse
1156 4111 1238 4158 inter-

147 4191 175 4240 in
187 4186 288 4252 aliquot
304 4189 435 4252 Inscripti.
448 4187 518 4237 tertii
529 4185 572 4236 vel
587 4188 674 4252 quarti
711 4187 776 4238 dnm
787 4187 918 4238 videntur.
938 4185 1072 4236 Sententia
1089 4184 1234 4246 igiturest:

148 4264 210 4327 post
232 4263 294 4312 Chr.
314 4262 405 4314 seculi.
428 4289 455 4298 -
474 4261 550 4326 bacis]
573 4264 674 4312 Rotun-
711 4263 849 4322 «Etiamsi,
867 4257 1096 4325 quemadmodum
1108 4255 1236 4307 Caerellia

149 4338 217 4387 ditas
240 4337 351 4389 uniones
377 4336 562 4398 commendat,
594 4339 623 4386 ut
648 4339 675 4387 et
710 4335 767 4398 illa,
789 4333 1035 4394 Ciceronisamion‚
1053 4330 1236 4395 philosophiae
