3078 4978
591 459 594 464 .
687 381 819 432 hostili
838 381 964 434 Eronos

457 535 615 604 Hibericis
638 545 771 623 peruste
794 534 923 602 funibus
945 535 1027 600 latus

496 658 533 722 Et
555 677 651 723 crura
672 655 756 723 dura
776 655 944 744 compede.

454 780 542 846 Licet
564 777 726 866 superbus
749 775 897 847 ambules
919 777 1072 864 pecunia,

499 902 638 967 Fortuna
661 919 724 965 non
748 909 849 966 mutat
870 919 982 986 genus.

456 1020 610 1098 Videsne,
634 1021 767 1088 Sacram
790 1019 941 1087 metiente
964 1030 995 1087 te
1017 1019 1102 1086 viam

497 1143 578 1210 Cum
599 1142 651 1208 bis
673 1141 769 1207 trium
789 1140 938 1207 ulnarum
961 1150 1052 1227 toga.

352 1295 375 1346 6.
394 1299 472 1345 tondat
488 1305 621 1357 superscr.
641 1297 669 1341 ot
685 1291 711 1340 d.
742 1317 763 1328 —
798 1291 822 1340 8.
842 1291 879 1340 bis
895 1291 973 1340 tricor
989 1289 1023 1340 de
1041 1291 1110 1340 coni.
1130 1289 1228 1341 Borihil
1247 1291 1340 1356 (sdrv.

317 1371 362 1430 st,
380 1368 431 1431 ad.)
457 1366 609 1428 Bentleius‚
628 1365 766 1424 ticinelre,
786 1365 867 1415 lehn:
895 1364 931 1414 bia
947 1369 986 1415 tor
1002 1365 1057 1414 hsd
1065 1377 1137 1440 gum
1155 1365 1241 1416 codd.
1261 1369 1337 1417 antea

324 1446 402 1504 notis,
421 1443 509 1500 LCtF;
528 1453 623 1492 verum
640 1437 796 1490 iuCodd.B
814 1439 1002 1490 cicestsic:
1021 1438 1093 1490 hist.
1110 1440 1241 1493 oinomm.

283 1577 374 1626 autem
394 1575 496 1637 sparto,
527 1571 610 1620 herba
629 1572 807 1631 tenacissima,
846 1570 945 1620 Vitium
969 1569 1030 1621 iude
1054 1573 1142 1621 orium
1166 1583 1227 1624 esse
1249 1571 1370 1630 videtur.

284 1646 493 1700 conficiebantur
516 1644 644 1696 rudentes
665 1647 807 1706 aciones,
849 1643 920 1708 quod
938 1644 1094 1695 scribebant
1104 1645 1141 1695 his
1150 1647 1205 1706 lll.;
1223 1659 1273 1710 per
1282 1649 1373 1698 notem

284 1723 382 1789 qulbus
409 1723 447 1772 uti
470 1721 594 1786 poterant
618 1719 652 1770 ad
678 1723 809 1784 castigan-
845 1721 919 1770 certe
937 1721 1068 1783 scriptum
1086 1722 1128 1770 esi
1148 1720 1175 1772 in
1196 1719 1281 1770 codd.
1305 1719 1374 1770 meis

284 1797 332 1848 dos
350 1797 512 1856 classiarios,
543 1796 573 1845 ut
591 1793 690 1845 vitibus
714 1798 809 1846 ceuto—
844 1794 909 1843 Bet
925 1805 953 1843 c:
980 1792 1026 1843 his.
1042 1798 1060 1843 t.
1078 1805 1140 1844 cum
1158 1792 1264 1844 lineola.
1297 1795 1374 1846 Simi-

283 1875 373 1923 rioues
392 1869 542 1922 caedebant
567 1868 671 1920 milites.
699 1897 726 1908 -
758 1870 809 1920 Lo·
844 1864 883 1918 ies
901 1880 1076 1920 numerorum
1093 1867 1374 1940 nopacpdosigpoe-

282 1945 397 2008 rarium,
423 1946 469 2010 qui
485 1945 548 1996 inihi
565 1947 619 2005 est,
648 1948 677 1994 ut
701 1943 809 1996 iunibus
845 1943 910 1993 tices
927 1942 964 1992 bis
978 1955 1037 2004 sec,
1061 1947 1099 1993 tar
1115 1944 1316 2008 pdnquapinta,
1334 1950 1373 1994 ur

282 2033 407 2074 connexis
433 2018 561 2071 verberet
588 2031 697 2070 servum
724 2018 809 2070 comi·
844 2019 987 2068 (loncscet.
1007 2016 1374 2082 diiigentorooiiegitutlien-

284 2109 362 2156 cum,
389 2094 474 2145 habes
498 2095 525 2144 ln
545 2095 610 2145 llas.
639 2093 806 2144 sectanti.
843 2091 943 2155 burget
960 2105 986 2156 p.
1007 2092 1064 2142 iiis.
1092 2093 1193 2142 Verum
1210 2104 1298 2156 nuper
1314 2094 1374 2156 qul·

283 2171 311 2221 Τ.
330 2169 371 2221 ti.
403 2197 431 2208 -
466 2168 578 2233 peroro]
608 2168 642 2219 ds
673 2166 808 2219 doloribus
843 2166 920 2227 dam,
945 2163 988 2216 vei
1012 2169 1123 2230 propter
1146 2167 1309 2231 imperitiam
1329 2165 1372 2218 vel

283 2243 390 2294 acribus
407 2241 589 2306 flagellationis
602 2245 630 2293 et
646 2241 808 2307 compedum
843 2242 999 2306 perlocum,
1016 2242 1053 2290 ita
1065 2238 1218 2305 explicarit:
1236 2241 1375 2292 «oncino-

284 2318 407 2381 noiisque
425 2317 510 2368 lividis
524 2316 586 2367 inda
598 2315 806 2368 remanentibus.
843 2325 901 2366 rann
912 2315 1043 2380 significat
1054 2313 1234 2376 latitudinem,
1249 2321 1290 2367 ior
1299 2319 1374 2367 uino·

285 2391 351 2456 Epp.
371 2392 397 2451 i,
417 2393 462 2451 io,
480 2391 524 2442 ti:
565 2391 626 2441 loris
641 2405 691 2442 non
709 2391 806 2451 oreris,
842 2403 902 2440 rom
925 2389 1145 2454 longitudinem.»
1177 2389 1256 2450 Quod
1281 2394 1373 2442 autaut

285 2467 336 2514 cto.
361 2463 455 2514 Catuli.
472 2465 518 2524 25,
538 2466 582 2515 ii:
609 2467 719 2515 intuto-
731 2467 808 2530 -iio-
844 2465 1010 2529 Porphyrion
1031 2464 1066 2515 od
1084 2465 1111 2514 h.
1130 2462 1162 2525 i..
1181 2464 1271 2516 Schol.
1290 2467 1372 2518 Persii

282 2538 357 2603 polla.
393 2539 447 2588 Nos
466 2537 515 2588 alla
533 2539 689 2603 metaphora
706 2537 806 2602 naban,
844 2540 873 2602 5,
884 2539 935 2600 ii..
946 2539 1063 2590 isidorus
1073 2539 1159 2602 Origg.
1171 2539 1212 2598 iit,
1222 2539 1264 2600 tt,
1278 2539 1303 2591 l.
1320 2555 1373 2592 uuo

282 2613 376 2664 Graeci
392 2609 493 2682 δέρειν.
509 2641 536 2650 -
550 2613 624 2679 dura]
637 2613 737 2664 Eodem
750 2612 809 2664 ἐπι·
845 2627 892 2664 ore
909 2613 1018 2664 trudunt
1030 2625 1185 2663 mensuram
1196 2615 1275 2677 togae
1285 2617 1373 2666 iustae

281 2686 356 2756 θέιῳ
385 2689 467 2738 utitur
493 2685 611 2739 Tibullus
639 2691 668 2748 i,
698 2689 728 2748 l,
759 2687 806 2739 ia:
845 2701 892 2740 sex
903 2686 1026 2738 ulnarum
1041 2687 1136 2748 luisse,
1154 2686 1373 2740 videnaaxhoc

282 2762 367 2814 Orico
385 2762 441 2812 ticet
460 2763 527 2813 duro
542 2764 658 2825 compede
674 2763 750 2825 protea
765 2777 807 2812 so-
843 2763 902 2826 ipso
920 2762 1019 2812 Horatii
1041 2758 1099 2812 loco
1120 2774 1216 2825 parurn
1237 2763 1373 2816 intellecto

281 2841 348 2888 mot.
369 2865 397 2874 -
411 2837 476 2897 «Qui
493 2837 609 2888 habuisti
625 2851 703 2888 crura
715 2849 809 2887 excru·
844 2838 988 2901 repetitum
1008 2837 1059 2896 sit,
1083 2849 1146 2886 curu
1167 2837 1311 2888 muuiiesto
1328 2840 1372 2890 hic

282 2912 351 2962 ciata
376 2909 523 2976 compedes
544 2911 675 2964 adnotans
701 2912 805 2963 Comm.
844 2910 999 2973 designetur
1011 2913 1070 2973 toga
1082 2909 1202 2962 insolitae
1215 2924 1370 2968 mensurae.

281 2987 363 3050 Cruq.
385 2989 459 3038 recte
485 2984 605 3038 dissolvit
629 2999 750 3049 zeugma.
777 3013 804 3022 -
844 2997 913 3047 quaa
932 2988 1044 3049 propter
1055 2984 1247 3049 longitudinem
1256 2987 1291 3037 ad
1304 2988 1372 3038 imos

282 3061 335 3124 (De
359 3073 410 3112 issu
438 3062 543 3126 poetico
572 3073 645 3112 uum.
667 3058 806 3123 singularis
844 3057 910 3109 talos
937 3058 1054 3110 demissa
1078 3060 1198 3110 metiatur
1226 3061 1314 3122 viam,
1345 3061 1370 3110 ld

280 3135 421 3196 compedis,
450 3137 607 3197 cornpcdom,
637 3135 752 3196 cornpedo
778 3145 804 3182 v.
843 3135 896 3192 esi,
921 3146 983 3183 eam
1001 3147 1111 3198 semper
1128 3137 1218 3198 nogat
1240 3139 1267 3186 et
1284 3135 1369 3186 radat.

281 3209 353 3257 illine
371 3209 440 3259 ltdnt
458 3207 552 3270 spito
567 3221 594 3271 p.
614 3206 681 3269 ild.)
843 3207 918 3258 Ovid.
939 3209 1000 3258 hist.
1020 3209 1048 3269 9,
1067 3207 1126 3259 iis.
1147 3211 1246 3260 Lucan.
1263 3213 1294 3272 o,
1306 3211 1369 3261 eso:

312 3281 368 3332 tt-t.
382 3281 500 3346 amhtdss]
513 3281 547 3332 da
559 3283 665 3332 incessu
677 3279 804 3344 superbo,
841 3281 955 3331 lmiohiii
978 3295 1065 3346 prona
1084 3284 1187 3334 uuidar
1210 3285 1288 3334 ittorn
1311 3299 1370 3336 oon-

280 3359 310 3405 ut
323 3356 369 3420 Ep.
382 3357 410 3418 8,
425 3355 465 3407 ti.
480 3355 571 3407 Claud.
581 3357 607 3406 in
619 3355 691 3405 Eutr.
702 3357 712 3405 i
724 3392 730 3414 ‚
743 3354 804 3405 3⁰6:
842 3357 897 3404 ntn.
918 3383 946 3392 ·-
965 3355 1045 3406 Solita
1062 3360 1153 3408 autem
1169 3358 1219 3409 ista
1235 3359 1370 3410 laiuorum

280 3436 360 3480 erecto
372 3437 473 3493 pectore
489 3431 557 3480 dicas
574 3429 699 3480 Ambastai.
718 3426 803 3492 Epod.
843 3431 974 3480 iactantia.
994 3431 1101 3481 Lucian.
1115 3432 1227 3482 Demoo.
1239 3431 1284 3484 ii:
1303 3429 1370 3484 todo

282 3507 325 3566 ib,
339 3505 384 3555 itt:
402 3505 615 3568 oreo-Saparnos
625 3505 718 3554 incedis
727 3503 804 3553 molo.
841 3505 873 3555 τέ
895 3519 960 3554 τινα
984 3501 1041 3555 τῶν
1062 3498 1237 3577 εὐπαρύφων
1259 3507 1307 3559 ἐπὶ
1329 3506 1368 3575 τῷ

281 3578 387 3628 Luciam
413 3578 515 3644 Caispl.
543 3581 589 3631 iit:
616 3579 666 3629 καὶ
692 3573 806 3643 σεμνῶς
842 3575 943 3631 πλάτει
960 3577 1012 3645 τῆς
1032 3577 1184 3652 πορφύρας
1203 3585 1279 3649 μέγα
1294 3597 1368 3655 φρο-

284 3649 448 3721 προβαὶνων
473 3654 523 3704 καὶ
546 3649 650 3705 ἑαυτὸν
673 3648 806 3718 ἑξυπτιά-
842 3651 949 3707 votvm
964 3653 1024 3705 κτλ.
1052 3657 1177 3708 Ceterum
1197 3660 1272 3721 togae
1285 3658 1368 3724 expli·

279 3728 344 3789 ζων.
359 3751 388 3762 -
400 3727 485 3791 ponae]
501 3728 527 3776 h.
541 3726 558 3777 i.
572 3728 667 3780 sordes
684 3726 804 3780 serviles.
843 3731 919 3780 eatae
936 3729 1051 3780 iormam
1068 3731 1169 3794 optime
1187 3731 1295 3782 exhibet
1317 3734 1368 3782 Do-

283 3829 309 3838 -
330 3799 576 3866 Sacram--vtom]
594 3816 663 3866 quae
679 3801 805 3867 adCapi·
842 3803 925 3866 hrezy
955 3806 1031 3854 lions
1049 3805 1068 3854 l.
1087 3817 1113 3869 p.
1133 3804 1190 3856 isi.
1219 3805 1296 3858 Tales
1318 3808 1367 3856 ho-

280 3873 371 3926 ioiium
389 3873 475 3934 ducit,
497 3875 645 3926 otiosorum
663 3875 741 3926 turba
758 3891 805 3928 ue·
843 3878 928 3928 minas
954 3878 981 3928 iu
1007 3877 1160 3931 Catiliuuria
1184 3880 1216 3940 ἰ,
1244 3880 1284 3929 iil.
1310 3881 1369 3932 sciit

279 3948 432 3999 laherrima.
453 3975 480 3985 —·
494 3947 530 3996 hir
545 3947 631 4012 tdwn]
649 3951 717 4000 Cum
729 3951 805 4002 inau-
842 3953 942 4013 mulcti,
959 3965 1011 4002 non
1027 3953 1092 4016 topts
1109 3955 1248 4004 uocantur.

279 4023 364 4074 ditum
385 4025 419 4074 sit
441 4024 469 4072 at
489 4022 673 4074 consuetudini
698 4025 805 4076 Latinae
874 4027 946 4078 t-ta.
965 4027 1013 4080 huc
1028 4032 1052 4078 et
1067 4027 1123 4091 hor]
1141 4029 1299 4079 «Paetorum
1317 4031 1365 4084 ssi.

279 4105 392 4161 prorsus
407 4097 570 4149 contrarium
592 4095 628 4147 bia
644 4102 682 4148 tar
703 4111 752 4162 pro
770 4101 806 4151 his
841 4115 895 4152 non
912 4114 1007 4166 prosae
1022 4102 1176 4152 orationis.»
1201 4103 1274 4153 litim
1290 4103 1365 4152 Tors.

280 4176 343 4232 tres,
363 4176 424 4236 post
441 4171 589 4223 Bentlsium
602 4175 628 4222 ei
645 4173 804 4226 hleiuelilum
842 4177 884 4226 iii.
898 4190 924 4240 p.
939 4175 996 4227 tito.
1012 4203 1039 4212 -
1054 4175 1166 4228 «Oculos
1179 4179 1302 4228 avertunt
1315 4176 1368 4240 ide·

279 4246 802 4310 recepiliarthiiconlecturamttrin'om.
841 4252 975 4314 torquent)
993 4253 1046 4302 huc
1068 4255 1095 4302 et
1113 4249 1175 4302 iiiuc
1191 4253 1366 4316 praetereun-
