3014 4978
494 446 551 496 itit.
573 445 612 494 lll.
649 447 678 494 C.
697 445 784 494 xxix.

249 602 473 688 Quodcunque
502 610 587 666 retro
612 611 676 676 est,
701 599 818 667 alliciet
841 619 947 686 neque

292 724 438 810 Diliingct
463 721 679 809 inlectumque
702 721 833 796 reddet,

332 844 427 925 Quod
449 844 575 948 lugiens
597 841 698 911 semel
721 843 801 910 liora
823 845 915 908 uexit.

249 1008 387 1070 Fortuna
410 1024 508 1072 saevo
532 1001 614 1070 laeta
637 1003 765 1090 negotio
788 1013 820 1068 et

247 1125 372 1192 Ludum
395 1124 585 1192 insolentem
606 1124 721 1192 ludere
745 1124 890 1211 pertinax

289 1249 489 1314 Transmutai
512 1248 651 1314 incertos
673 1245 830 1321 honores,

332 1371 422 1435 Nunc
444 1367 537 1444 milri,
562 1389 646 1434 nunc
669 1368 720 1434 alii
744 1367 891 1456 benignu.

245 1528 357 1595 Laudo
380 1539 579 1606 manentem
604 1529 631 1594 si
654 1527 779 1594 celeres
802 1527 904 1614 quatit

246 1653 390 1729 Pennas,
415 1650 544 1736 resigno
566 1669 651 1736 quae
674 1648 763 1715 dedit
785 1659 817 1714 et
839 1669 911 1713 mea

182 1811 222 1863 55.
241 1812 337 1862 Pinnas
352 1811 383 1872 B,
403 1813 432 1860 ut
450 1809 526 1860 solet.

122 1941 216 1992 varum
242 1941 364 1992 secunda
388 1953 503 2005 persona
529 1940 644 1990 hominis
681 1939 780 1990 mentia
801 1953 833 1989 ac
855 1953 937 2005 saepe
959 1939 1103 1992 crudeliter
1120 1941 1206 1992 adrni-

121 2018 188 2065 esset
213 2013 311 2066 stolide
337 2015 485 2079 pervicacis
514 2013 643 2064 adversus
681 2013 822 2075 nistrandi,
841 2015 972 2065 formandi
991 2029 1137 2080 rursusque
1155 2018 1206 2066 im-

122 2089 197 2140 deum
213 2087 406 2140 immortalium
425 2101 533 2138 numen.
681 2088 826 2137 mutandis»
859 2115 885 2124 -
915 2089 997 2153 ισιισ]
1032 2093 1070 2140 De
1102 2091 1206 2140 fortuna

150 2163 354 2228 incoepero]
374 2163 452 2213 Exv.
472 2161 643 2224 occupatoad
680 2161 771 2211 anoth.
801 2163 879 2212 Cons.
908 2163 1021 2224 Phila,
1041 2164 1072 2212 l:
1101 2166 1206 2228 ponitis

122 2238 184 2288 haec
209 2253 253 2288 vv.
283 2236 365 2288 elice:
406 2235 585 2287 «illustrator
615 2261 641 2271 -
680 2237 747 2285 dura
763 2247 825 2296 quos
840 2237 914 2298 serit,
933 2238 997 2286 ridet
1006 2251 1014 2295 ,·
1041 2239 1083 2287 Sic
1099 2239 1147 2287 ilia
1164 2239 1204 2288 lu-

120 2313 231 2377 onim]
262 2313 334 2362 «Non
358 2313 392 2362 ita
409 2309 518 2361 abolere
536 2311 641 2374 poterii,
680 2311 732 2371 dit,
762 2312 797 2360 sir
822 2325 882 2360 ιιισι
894 2311 987 2372 probat
1010 2313 1084 2361 vires.
1120 2313 1204 2362 Dante

121 2388 149 2434 ut
163 2389 234 2438 omni
262 2385 359 2437 ellectu
384 2386 410 2435 id
433 2388 543 2445 eareat,
571 2384 642 2448 quod
680 2385 785 2435 inierno
803 2386 827 2435 7.
841 2386 995 2436 memoratis
1008 2384 1159 2436 mortalium
1171 2386 1205 2436 da

120 2459 168 2510 iarn
185 2461 352 2525 praeteriit.»
680 2463 793 2513 Fortuna
820 2463 1008 2525 querimoniis:
1036 2463 1149 2513 Maelio
1171 2463 1205 2514 dd

149 2533 188 2585 li.
207 2535 250 2586 58.
271 2534 398 2599 Difflnpet]
418 2534 572 2584 «Diversam
589 2531 642 2582 lor·
680 2537 766 2598 ὁσσισ,
798 2537 872 2586 ecid
893 2551 942 2586 σσσ
963 2539 1021 2596 ode;
1047 2538 1098 2588 Gon
1123 2539 1206 2589 l'ultrc

120 2621 188 2661 mam
215 2612 240 2660 ei
269 2608 424 2673 praebebit,
451 2619 562 2671 prorsus
580 2605 643 2656 illud
678 2613 761 2674 prima
777 2616 892 2661 creature
908 2611 968 2661 licta
981 2603 1207 2676 l'olvcsuuspero,'

120 2683 296 2734 immutabit„
319 2709 345 2719 -
368 2683 488 2745 inscrtum
504 2681 645 2746 (nnpcsctc-
680 2687 784 2736 abacta
800 2687 822 2734 si
838 2687 908 2749 podo.
930 2711 957 2722 -
977 2687 1061 2736 ludere
1075 2687 1204 2751 potione]

118 2758 170 2822 ten)
203 2758 290 2823 pedu
316 2755 449 2820 aliquanto
483 2757 569 2806 maius
603 2757 645 2805 est
681 2761 706 2810 in
723 2771 855 2823 prusaor.
876 2761 1067 2824 «pertinaciter
1083 2758 1204 2811 tudens.»

119 2845 195 2895 quam
222 2833 329 2882 mmo
350 2829 544 2894 (wirkrmprlor).
580 2830 644 2878 Fre·
680 2835 779 2884 Lucium
798 2834 884 2882 ludere
905 2834 1007 2884 dixerm
1029 2835 1082 2883 iarn
1104 2837 1206 2885 Teren-

118 2919 200 2968 quens
212 2905 286 2971 apud
295 2907 387 2970 poetas
400 2905 540 2955 sententia
560 2899 644 2952 Theo·
681 2910 733 2959 tius
752 2907 871 2958 Eunuch.
891 2907 919 2966 3,
934 2909 963 2968 5,
983 2907 1023 2956 38.
1043 2906 1162 2958 Pallados
1179 2909 1205 2957 in

118 2981 172 3042 gnis
192 2982 258 3032 583:
285 2974 414 3030 Ἀλλάτὰ
425 2977 479 3043 μὲν
497 2974 644 3048 προβέβη·
681 2985 759 3035 Αιιιιι.
779 2981 832 3033 Pal.
852 2984 881 3032 ii.
901 2981 966 3033 aui:
985 2981 1125 3049 Hatyvcdv
1145 2983 1206 3034 ἐστι

118 3069 180 3115 κεν,
215 3049 373 3120 ἀμήχανόν
410 3052 472 3104 ἐστι
508 3051 643 3118 γενέσθαι
682 3055 779 3123 Τύχης
803 3050 940 3143 μερόπων
963 3054 1045 3118 βίος,
1075 3057 1203 3128 οἰκιρός,

116 3121 204 3198 Ἀργά.
240 3128 315 3179 Pind.
329 3127 477 3192 Olympi,
492 3127 531 3176 55.
557 3127 644 3176 simo—
681 3129 808 3198 ἀλήτης,
845 3125 980 3181 Πλουτοι
1019 3132 1069 3180 καὶ
1107 3135 1205 3198 πενίης
1234 3167 1236 3172 .

118 3205 230 3270 nidcsp.
246 3205 303 3254 545.
318 3204 415 3254 suun:
436 3198 475 3253 Τὸ
493 3198 565 3290 γὰρ
565 3215 645 3268 γεγε·
681 3204 809 3273 μεσσόθι
829 3199 1018 3274 ῥεμβόμενος.
1053 3205 1110 3256 Καὶ
1137 3203 1205 3270 τοὺς

118 3281 242 3344 ναμένον
274 3272 368 3328 οὐκέτ’
397 3271 520 3348 ἄρεκτον
550 3271 642 3327 ἔσται.
681 3281 736 3348 μὲν
751 3275 921 3346 κατάγουσα
937 3275 1023 3329 πάλιν
1030 3278 1205 3365 σφαιρηδὸν

118 3355 236 3416 agathon
254 3351 324 3416 apud
346 3353 455 3438 ³Aristot.
482 3353 541 3402 Eth.
560 3352 590 3412 6,
609 3353 642 3401 i:
682 3351 786 3442 ἀείρει,
806 3351 921 3416 Τοὺςὸ
934 3347 993 3403 ατὸ
1004 3368 1061 3404 των
1078 3352 1205 3416 νεφελῶν

117 3425 215 3479 Μόνον
238 3425 295 3512 γὰρ
317 3420 408 3477 αὐτοῦ
426 3427 475 3477 καὶ
492 3422 562 3488 θεὸς
578 3440 644 3516 qte-
682 3431 723 3493 εἰς
744 3425 836 3494 Ἅιδην
863 3424 990 3495 κατάγει.
1030 3428 1146 3480 luvenal
1173 3431 1203 3492 6,

117 3503 262 3590 piceam
287 3496 420 3566 Ἀγένητα
437 3504 547 3562 ποιεῖν,
575 3494 642 3550 ἅσσ’
682 3507 746 3556 608:
767 3505 942 3566 sacratorque
958 3503 1206 3567 ddmimumporct

117 3591 188 3642 ανν
207 3577 401 3646 πεπραγμένα.
429 3575 493 3626 Plin.
512 3576 543 3625 Η.
563 3577 628 3625 NA
682 3577 823 3644 (Fortuna).

118 3651 148 3699 i:
166 3595 239 3701 bens
251 3651 348 3700 ιιιιίιιιιιι
365 3649 471 3700 habet
462 3664 488 3700 ισ
503 3650 644 3712 praeterito
714 3653 755 3704 53.
774 3652 815 3703 55.
838 3652 993 3716 mansuum]
1020 3652 1110 3703 Exstat
1126 3667 1206 3705 num·

117 3725 155 3774 iau
168 3731 350 3787 praeterquam
366 3725 503 3775 obicionis.
529 3751 556 3760 -
580 3724 644 3772 toro
681 3740 741 3778 mus
752 3725 892 3777 Commodi
903 3727 1002 3788 rarior,
1016 3727 1042 3776 in
1055 3739 1108 3790 quo
1122 3728 1206 3792 ligura

116 3801 198 3864 vexit]
227 3802 343 3860 «avexit,
371 3799 492 3860 abstulit,
519 3798 592 3851 velut
617 3800 642 3848 in
682 3799 820 3852 muliebris
852 3799 944 3861 sedet,
983 3801 1076 3850 dextra
1105 3814 1205 3865 equum

118 3875 252 3936 praeteriti
276 3876 404 3939 temporis
421 3877 577 3938 voraginem
594 3873 644 3923 de·
681 3875 798 3939 capistro
823 3875 956 3935 retinens,
990 3875 1095 3926 sinistra
1121 3889 1205 3928 cornu

118 3951 244 4008 mersum
263 3963 332 4010 ιιοιι,
350 3951 380 3999 ut
397 3947 439 3998 alii
455 3948 561 4000 volunt:
582 3948 643 3998 «ad-
681 3949 773 4012 copiae
787 3961 849 3998 cum
861 3949 1016 4013 epigraphe:
1036 3949 1207 4000 FORTVNAE

116 4025 200 4084 vexit,
227 4023 340 4082 attolite
374 4038 428 4088 quo
454 4037 506 4074 non
529 4024 644 4088 quadrat
679 4023 1204 4088 MAit'ENTl.—Pennoa]deselryl.apud

94 4088 97 4100 '
119 4109 142 4146 v.
168 4098 254 4156 ιοιιιιὶ,
281 4101 320 4147 ein
345 4099 518 4160 [straticum.
546 4101 575 4147 ut
592 4097 639 4148 Od.
680 4095 753 4147 Stob.
772 4096 825 4148 Ecl.
838 4097 916 4160 phys.
931 4099 949 4147 l.
969 4111 995 4160 p.
1012 4097 1069 4146 506.
1088 4096 1121 4147 de
1139 4097 1204 4147 For-

120 4171 146 4230 i,
165 4168 212 4230 55,
232 4172 271 4220 te.
681 4175 761 4222 tuna:
786 4164 816 4221 “A
833 4185 864 4221 τε
889 4169 973 4242 χάρις
999 4167 1105 4236 λάμπει
1134 4171 1205 4240 Περὶ

152 4244 193 4295 ic.
212 4245 253 4293 56.
273 4247 474 4311 ιασσσ-ιισσσιίσ]
503 4259 641 4306 «munere,
680 4242 736 4296 σὰν
755 4249 880 4316 πτέρυγα
899 4248 1035 4317 χρυσέαν.
1062 4245 1115 4296 Cir.
1137 4245 1204 4296 Voss

119 4329 171 4379 quo
189 4317 317 4381 iungitur,
337 4321 424 4370 omnia
442 4321 499 4370 sine
517 4319 567 4370 ulia
587 4319 642 4370 cle·
679 4321 779 4382 multoe.
807 4321 850 4370 Br.
878 4322 908 4370 ii.
928 4333 955 4384 p.
974 4321 1015 4371 li.
1041 4347 1066 4355 -
1094 4319 1203 4383 recipito]
