2992 4978
480 503 537 553 un.
558 503 599 553 ru.
635 503 663 553 o.
682 503 724 552 iu.
786 527 788 534 ι
902 517 907 543 ι
1114 501 1177 567 447

104 661 212 722 grauiore
237 661 383 712 sententiae
409 673 441 710 uo
466 661 544 712 metri
570 661 728 711 detrimento
754 661 865 712 devitari
887 674 939 711 non
961 663 1065 726 posset,
1092 659 1176 712 libere

104 739 239 794 fateamur?
267 744 468 808 (negligentium
489 744 598 808 quidam
621 744 805 808 vitupernrunt
829 745 910 796 etiem
933 745 959 795 in
976 744 1117 808 virgiliano
1134 744 1176 796 iiio

103 833 160 878 ten.
179 827 205 888 4,
224 827 283 880 tis:
303 829 351 890 Qui
367 829 428 877 mibi
444 829 534 878 reddat
550 842 615 878 oum
631 827 671 880 vot
686 841 718 878 oo
733 842 773 878 nso
789 829 869 878 suinai
885 827 1030 878 mnino?

161 913 255 962 Verum
272 912 413 962 audiamus
430 913 511 962 etiam
523 913 663 972 Nereidum,
683 912 844 963 acerrimum
856 913 935 964 huius
947 913 1072 977 strophae
1083 913 1178 964 edver-

102 997 204 1046 snrium:
224 997 412 1047 «Occasionem
428 993 537 1046 ludendi
556 999 583 1045 et
599 993 700 1059 puerile
718 996 852 1058 ingenium
870 997 1013 1047 exercendi
1030 999 1087 1062 ipse
1098 1011 1178 1061 pree·

102 1078 189 1129 buerut
205 1081 341 1141 Horatius,
365 1081 440 1130 ouius
457 1079 581 1142 stropha,
606 1091 674 1142 quoe
696 1080 847 1144 praecedit,
872 1093 935 1130 cum
951 1081 992 1130 his
1009 1095 1053 1130 vu.
1072 1081 1178 1132 finietur

102 1165 208 1213 monis
231 1165 325 1214 tontmr
349 1163 437 1224 outae,
465 1161 563 1225 quibus
580 1162 670 1212 verbis
687 1161 769 1213 lutere
786 1166 879 1227 posset
901 1163 1054 1215 hebetiores
1072 1163 1176 1227 oculos,

102 1249 155 1310 quis
179 1251 249 1298 esset
273 1249 381 1309 ionitm,
407 1243 472 1312 quid
497 1246 639 1311 proclivius
666 1249 723 1298 erut
748 1261 830 1311 quom
854 1247 944 1298 addita
961 1249 1070 1312 stropha
1093 1249 1175 1310 hano,

101 1345 162 1394 quoe
178 1330 319 1382 videbatur
334 1345 408 1393 esse,
433 1330 626 1382 obscuritatem
644 1329 749 1394 tollere,
774 1331 885 1382 Cerberi
902 1345 1000 1382 nomen
1016 1345 1131 1396 ponere,
1151 1337 1178 1384 et

101 1415 220 1465 notissimi
237 1415 350 1465 monstri
367 1415 521 1466 foeditatem
537 1415 681 1466 luminibus
693 1417 804 1480 poeticis
815 1413 983 1467 illustraret»
1001 1415 1177 1467 imitationem

100 1501 181 1549 sutem
198 1501 310 1549 tractam
326 1501 402 1563 putot
419 1513 451 1550 ex
469 1499 516 1549 Od.
535 1501 563 1560 2,
584 1499 627 1562 ⁴3,
648 1500 687 1550 33.
709 1501 735 1550 oi
751 1501 780 1560 2,
801 1500 844 1561 49,
863 1499 903 1550 29.

180 4473 269 4521 iionnr.
286 4487 340 4521 von.
359 4476 373 4522 Ι.
405 4488 443 4522 nn.
461 4487 537 4522 umor
552 4475 587 4520 iii.
