2986 4974
309 397 370 460 23¹2
692 396 821 445 nomm
839 395 1007 445 cinnrnun

530 534 534 540 ⁴
566 551 701 618 Exilium
723 551 911 637 impositura
934 550 1080 616 cumbae.

375 755 415 804 28.
434 754 550 803 Emittam
566 769 583 818 γ
601 765 642 818 ap.
662 751 767 802 Kirchn.
787 753 817 802 N.
837 752 867 810 Q.
887 751 918 800 ti.
931 763 957 814 p.
971 749 1012 800 36,
1033 777 1061 786 -
1079 749 1182 800 monbec
1199 751 1249 801 Bc:
1267 751 1353 800 amhae

341 831 373 887 Τ,
401 828 503 891 curnhuc
524 827 598 889 usn
623 839 684 877 cum
708 827 773 877 Edd.
794 823 944 890 plerisque,
963 825 1044 875 etiam
1060 825 1083 874 J.

340 1006 381 1055 28.
401 1005 522 1070 tictttum]
547 1005 595 1055 Hic
612 1003 759 1065 estimas,
786 1003 832 1053 uhi
869 1003 1061 1053 Hermesianax
1078 1004 1106 1064 2,
1125 1003 1149 1052 3.
1175 1003 1331 1054 schneider.
1352 1003 1384 1052 de

308 1081 368 1141 quis
392 1078 488 1129 exulat.
524 1079 598 1129 Ouid.
623 1081 690 1130 Fast.
715 1079 746 1140 6,
769 1079 830 1128 666:
870 1078 987 1148 Orpheo:
1014 1070 1151 1128 ἴπλευσεν
1174 1073 1205 1126 δὲ
1229 1073 1317 1127 κακὸν
1338 1078 1385 1127 καὶ

307 1154 422 1203 Euttitrm
439 1154 549 1214 quodum
560 1159 669 1216 tonepore
681 1153 756 1204 Tibur
766 1157 830 1203 erut.
869 1145 992 1202 ἀπειθέα
1002 1145 1108 1222 χῶρον,
1113 1145 1207 1201 Ἔνθα
1217 1147 1320 1224 Χάρων
1329 1167 1386 1202 κοι-

307 1231 420 1280 Prorsus
445 1242 572 1294 perversa
598 1231 639 1281 est
661 1227 739 1278 lectio
761 1226 833 1278 hand
869 1222 924 1292 νῆν
951 1221 1063 1277 ἕλκεται
1090 1227 1131 1290 εἰς
1155 1219 1266 1278 δίκαιον
1292 1224 1386 1290 Ψυχὰς

309 1315 456 1367 paucorum
485 1302 569 1354 Codd.
593 1303 664 1368 apud
689 1305 782 1353 Ianum
807 1305 834 1352 ct
871 1301 1042 1366 οἰχομένων.
1060 1292 1386 1365 texum-anaema

308 1377 496 1428 nonnullorum
521 1379 637 1428 Pottierii
662 1378 776 1429 exitium.
803 1405 831 1414 -
871 1379 914 1428 cet
938 1377 1027 1440 Eurip.
1053 1375 1108 1427 Alc.
1135 1378 1193 1427 262.
1221 1379 1334 1442 Propert.
1358 1378 1384 1434 3.

308 1453 460 1515 impositura
476 1451 587 1517 cumbae]
606 1453 690 1503 Dativ.
710 1454 832 1504 «iussum
871 1451 915 1513 ⁴8,
933 1451 979 1502 ai:
998 1452 1150 1502 &undando
1165 1456 1200 1502 eet
1217 1454 1282 1503 torui
1291 1451 1386 1516 putitcu

310 1541 359 1578 nos
376 1528 558 1578 conscendere
573 1526 831 1588 Charontisnavcm,
870 1524 960 1575 numa
976 1527 1048 1576 sente.
1082 1527 1115 1578 Et
1131 1526 1222 1576 cunrbu
1243 1541 1269 1578 v.
1283 1527 1385 1578 omnino

309 1615 379 1666 quae
405 1615 454 1653 nos
481 1602 612 1666 perducat
639 1602 665 1652 in
694 1604 834 1652 aeternum
870 1599 977 1651 soiitum
995 1600 1029 1651 de
1047 1600 1188 1653 Charontia
1202 1604 1271 1652 navi.
1287 1604 1385 1654 Patron.

274 1685 278 1690 '
310 1675 429 1737 exilium,
455 1678 480 1726 in
503 1677 575 1740 qnod
594 1674 719 1741 pellimur
735 1690 750 1727 a
768 1675 834 1727 sede
872 1675 928 1726 rat.
947 1689 973 1727 v.
988 1677 1044 1726 tro.
1064 1675 1179 1728 Fahrett.
1199 1679 1282 1728 Inscr.
1297 1691 1322 1743 p.
1333 1679 1384 1728 tot.

311 1753 401 1802 nostra
409 1752 529 1803 terrestri
537 1752 649 1815 eiusque
658 1751 833 1802 commodis.»
871 1752 902 1801 N.
921 1749 978 1801 iao.
997 1749 1074 1816 Apul.
1093 1753 1154 1803 hiet.
1174 1754 1204 1814 6,
1225 1753 1265 1804 ⁴8.

778 1953 923 1963 uu--n--n-n

643 2081 1037 2186 vnxounsus

791 2290 829 2337 An
847 2301 873 2336 v.
892 2287 916 2337 8.

380 2439 500 2488 Interiora
522 2443 584 2488 uota
606 2437 716 2487 Futcmt.
736 2437 877 2500 amphoris
898 2436 1025 2500 cadisque
1042 2451 1057 2486 a
1075 2435 1160 2500 figulis
1177 2437 1390 2500 imprimebantur

312 2527 387 2572 cotue
404 2521 553 2584 (consutum
570 2521 684 2584 nomina)
703 2519 796 2572 litteris
813 2524 885 2570 certe
903 2519 995 2571 seculo
1013 2523 1075 2584 post
1092 2521 1154 2571 Chr.
1173 2519 1294 2572 secundo
1311 2519 1389 2571 mohi-

311 2605 393 2666 libus‚
416 2607 445 2655 ut
462 2607 524 2656 sunt
541 2604 707 2655 officinarum
724 2607 876 2656 nostrarum
892 2601 986 2656 τύποι.
1019 2604 1062 2654 Sic
1079 2607 1190 2655 Parmae
1208 2608 1296 2656 exstat
1310 2601 1388 2668 tegula

312 2690 410 2741 Horatii
427 2688 561 2754 aequalis:
591 2690 618 2739 L.
637 2689 730 2739 NAEN
748 2690 836 2748 1008.
856 2691 883 2739 L.
904 2689 984 2740 COTT
1001 2693 1005 2748 Ι
1024 2689 1051 2738 L.
1071 2689 1163 2739 MANL
1192 2689 1225 2753 (a.
1244 2703 1271 2738 u.
1292 2703 1314 2740 c.
1328 2687 1386 2746 689.)

311 2774 438 2837 Borghesi
456 2775 483 2824 in
499 2774 562 2824 Anu.
577 2774 631 2823 dett'
648 2773 707 2824 neu.
722 2773 774 2824 XII.
792 2788 819 2838 p.
837 2773 894 2824 229.
917 2801 943 2809 -
962 2775 992 2823 ln
1009 2773 1138 2837 amphora
1155 2774 1275 2839 Pompeii
1293 2775 1389 2839 reperta

313 2859 381 2908 haec
398 2857 493 2922 legitur
508 2858 658 2922 inscriptio:

816 2943 898 2992 avon

802 3027 869 3077 VET.
895 3019 920 3076 V

812 3113 838 3162 Ρ.
858 3112 902 3162 011

316 3196 341 3247 id
360 3202 414 3258 est,
433 3197 539 3248 rubrum
557 3196 606 3261 (vat
624 3197 695 3246 rubri
713 3196 773 3258 cet.)
795 3195 957 3246 Venestoruum
970 3198 1085 3257 picotum
1102 3195 1151 3247 011.
1172 3195 1287 3260 explicet
1302 3197 1389 3249 avelli·

315 3281 540 3345 nus(1tttpeructuu
559 3281 663 3344 Zettuup
685 3279 757 3330 ⁴866.
776 3279 817 3330 ai.
836 3279 887 3329 Jutt
903 3293 930 3344 p.
951 3279 1044 3342 toan),
1063 3279 1112 3330 nisi
1129 3282 1171 3330 est
1188 3281 1292 3344 potius:
1315 3281 1390 3346 pondo

314 3367 375 3428 cit,
402 3367 429 3414 in
454 3364 537 3414 attera
559 3363 733 3427 explicatione
757 3365 800 3413 cst
819 3363 965 3427 amphorae
987 3364 1013 3413 in
1038 3377 1069 3414 ea
1092 3364 1223 3428 apotheca
1247 3367 1390 3418 asservatae

315 3461 452 3498 numerus.
481 3475 509 3484 -
536 3447 588 3498 Cir.
607 3449 660 3496 Set.
680 3449 709 3508 t,
730 3448 775 3508 t0,
795 3447 840 3497 et:
871 3447 929 3498 Chio
951 3453 1012 3497 notu
1033 3449 1054 3497 rt
1075 3449 1213 3498 conantem
1235 3449 1337 3500 Falerni
1352 3453 1388 3498 ast.

314 3532 405 3580 iuven.
425 3533 454 3592 6,
473 3531 519 3581 33:
539 3532 602 3581 Crua
617 3530 680 3580 bibet
696 3531 799 3581 Athonis
815 3531 913 3594 aliquid
929 3531 958 3581 da
973 3532 1097 3581 montibus
1113 3537 1159 3582 uut
1169 3533 1200 3582 du
1210 3533 1313 3595 Scitote
1329 3532 1392 3583 cutus

312 3616 429 3678 putrium
449 3615 596 3676 titulumque
615 3620 725 3681 umectus
745 3615 841 3666 Deteott
856 3617 937 3666 mutto
953 3617 1043 3666 uentis
1062 3617 1167 3681 fidicine
1183 3621 1267 3667 tectae.
1293 3619 1389 3669 Patron.

315 3701 367 3748 Sat.
382 3699 410 3749 C.
425 3699 468 3750 ti:
488 3700 580 3748 Statim
596 3699 690 3750 uttutue
706 3705 764 3750 nunt
780 3701 919 3764 amphorae
934 3702 1030 3752 citreae
1040 3701 1171 3767 diiigenter
1180 3705 1318 3766 mantue,
1336 3711 1392 3762 quu-

314 3795 373 3832 rum
397 3783 425 3832 iu
448 3782 584 3834 ceruicibus
604 3783 714 3845 pittacia
738 3790 811 3834 eruut
837 3786 921 3848 amca
946 3799 1003 3834 cum
1028 3785 1073 3834 hoc
1098 3785 1184 3836 tituto:
1212 3783 1389 3836 aaronita.

321 3867 510 3919 OPIMIANVM.
530 3866 698 3918 Annonem.
718 3869 858 3919 CENTVM.

753 4155 966 4180 ‘m
