3078 4978
628 478 631 483 ’
706 489 834 540 ironam
853 489 984 541 noanon

524 645 649 711 Amoris
672 655 760 712 esset
782 643 950 734 poculum,

481 767 686 834 interminato
709 787 782 833 cum
806 765 906 832 semel
929 763 1011 832 fixae
1034 764 1107 832 cibo

522 888 737 955 lntabuissent
759 886 910 974 papulae.

488 1013 557 1076 Non
579 1009 722 1076 defuisse
744 1009 907 1076 masculae
929 1007 1072 1075 libidinis

524 1131 757 1197 Ariminensem
782 1129 903 1196 Foliam

481 1255 517 1319 Et
538 1254 642 1319 otiosa
664 1250 802 1318 credidit
825 1250 977 1339 Neapolis

522 1376 561 1439 Et
583 1395 679 1440 omne
701 1373 841 1439 vicinum
865 1373 1037 1460 oppidum,

483 1499 575 1576 Quae
598 1494 707 1561 sidera
729 1503 897 1560 excantata
917 1515 998 1561 vooe
1021 1493 1174 1562 Thessala
1368 1499 1413 1562 ts

522 1619 711 1704 Lunamque
734 1614 825 1683 eaelo
848 1615 975 1702 deripit.

480 1738 539 1805 llic
561 1737 751 1804 inresectum
777 1757 874 1803 saeva
897 1736 993 1802 dente
1016 1735 1113 1804 liuida

379 1923 404 1973 p.
419 1909 476 1958 560.
500 1909 539 1970 (Ut
551 1906 703 1969 nos,lahn.)
724 1933 751 1942 -
771 1904 811 1956 li.
830 1907 876 1956 liic
893 1919 1029 1971 superscr.
1050 1905 1106 1957 «vet
1124 1907 1194 1956 itiner
1213 1908 1240 1958 d.

310 2052 388 2100 huius
406 2063 430 2098 v.
444 2045 601 2098 lectionibus
619 2046 734 2096 maxime
747 2044 834 2110 placet
872 2059 946 2096 ceres.
966 2047 995 2096 ln
1013 2045 1206 2097 consuetudine
1224 2049 1316 2098 autem
1330 2061 1414 2101 eom-

310 2129 425 2185 eesneta,
457 2122 570 2174 verbum
595 2121 649 2170 iam
674 2134 689 2170 a
714 2120 833 2170 Varrone
873 2121 946 2170 muni
968 2121 1078 2184 Augusti
1104 2120 1271 2184 temporibus
1296 2121 1353 2173 hoe
1379 2137 1409 2173 v.

310 2203 468 2264 usurpatum
480 2199 507 2248 et
518 2197 693 2262 propagatum
705 2199 778 2245 certe
791 2208 834 2245 us·
872 2195 953 2246 luisse
965 2194 1131 2246 demonstrat
1143 2194 1254 2248 Rutilius
1265 2198 1358 2262 Lupus
1381 2201 1410 2258 t,

309 2290 362 2340 que
372 2275 407 2325 ad
418 2273 549 2324 ammian.
565 2269 698 2332 lauretto,
713 2270 741 2320 l:
760 2271 835 2319 adas-
871 2269 902 2318 7:
916 2283 960 2333 epo
970 2269 1141 2332 quaestoribus
1149 2270 1326 2321 irrtemninatua
1335 2286 1409 2334 mm,

310 2363 357 2412 que
378 2350 446 2411 ipsas
461 2347 583 2396 mattatha-3
600 2350 730 2404 assuetam
751 2357 833 2395 «suco
871 2356 902 2392 ne
919 2346 970 2393 cet.
991 2371 1019 2379 —
1037 2357 1094 2393 eum
1113 2345 1187 2394 santet
1203 2344 1266 2409 eet]
1287 2347 1408 2399 iStaa'm

310 2422 453 2479 exhausta,
477 2421 608 2470 exsiccata
629 2421 739 2484 propter
755 2416 833 2481 longa
872 2430 934 2468 oum
948 2418 1075 2480 pamulae,
1093 2413 1192 2487 κόραι,
1211 2417 1310 2478 idest,
1329 2421 1409 2472 oculi

310 2496 403 2547 mortis
420 2497 579 2544 tormenta.»
604 2493 687 2556 (Adde
704 2495 786 2542 iuven
803 2493 831 2552 8,
871 2491 950 2541 delixi
962 2493 989 2542 in
998 2491 1067 2554 cibo,
1080 2491 1205 2543 aviditate
1216 2493 1409 2558 ,conabamini

309 2572 355 2622 90:
375 2569 436 2618 Ossa
451 2569 519 2617 uides
533 2567 720 2631 repumoacais
730 2562 839 2616 assueta
871 2566 897 2615 in
925 2569 1013 2616 morte
1039 2566 1227 2617 deiecissent.»
1265 2567 1407 2631 Equidem

308 2641 442 2707 nmdttllis.)
470 2643 565 2692 Eeesta
580 2655 629 2705 pro
647 2653 723 2690 emesa
739 2642 834 2690 aucto-
871 2640 949 2703 lungo
968 2654 1024 2690 mem
1045 2642 1118 2691 serie
1142 2641 1317 2703 intabuissent,
1345 2657 1407 2694 non

309 2721 385 2770 ritate
412 2718 485 2767 caret
510 2719 536 2766 et
561 2716 649 2780 ipsum
674 2713 784 2778 quidem
805 2728 831 2763 v.
872 2727 933 2764 curn
951 2713 1090 2765 aliissemel
1106 2716 1408 2780 defixae-mamlius

308 2794 397 2845 nnnus
414 2795 505 2856 aptum
523 2793 565 2842 est
581 2791 736 2854 propterea,
760 2787 833 2852 quod
870 2785 1126 2860 ttbtdtnterpeticida,
1137 2789 1406 2844 laminarumamare

308 2881 361 2919 nou
379 2866 553 2929 significatur,
572 2878 628 2928 qua
641 2865 744 2915 ratione
759 2877 834 2913 euesa
871 2863 1021 2914 ardentem.
1042 2891 1069 2901 -
1093 2864 1246 2928 maten,
1274 2865 1406 2918 limbi-iae

308 2944 342 2994 sit
363 2937 495 3001 medulla,
521 2942 551 2989 ut
572 2939 663 2988 eontra
687 2935 758 3001 apud
781 2938 833 2987 Ca·
871 2937 1009 3003 oppidum.
1030 2963 1058 2976 -
1077 2939 1165 3004 otiosa]
1183 2943 1213 2989 ut
1230 2942 1306 2990 erant
1318 2943 1405 2992 Gne-

309 3015 364 3068 tull.
383 3016 428 3076 66,
447 3013 493 3064 23:
522 3013 584 3063 Nem
602 3012 703 3073 penitae
724 3015 834 3062 mantue
872 3011 936 3073 enli;
964 3025 1050 3076 eoque
1073 3013 1162 3077 cupidi
1182 3013 1275 3064 talium
1292 3028 1406 3066 serma-

307 3092 390 3143 avedit
411 3101 475 3138 cura
495 3087 625 3138 mentm.
660 3088 768 3137 Emeeeta
784 3099 834 3136 au·
872 3099 950 3148 uum,
982 3083 1138 3158 περιιόντες
1163 3081 1260 3139 αὐτῶν
1284 3089 1405 3140 πυνθά-

308 3167 364 3216 tem
384 3163 446 3213 ideo
466 3163 595 3222 otiosum,
623 3160 696 3224 quod
717 3159 833 3211 medulla
871 3157 1141 3226 vsodmseteuidrag)
1154 3160 1281 3228 ιλέγειαὶ
1292 3178 1320 3214 τι
1332 3179 1403 3216 και·

308 3242 336 3290 et
352 3239 469 3289 iecinore
487 3235 563 3286 aliter
580 3247 661 3298 quam
673 3247 688 3284 e
701 3234 832 3285 cadavere
870 3230 956 3294 νόν,·ι
976 3236 1122 3300 (Demosth.
1137 3235 1247 3301 Philipp.
1264 3238 1293 3298 t,
1314 3239 1355 3288 to.
1368 3253 1399 3303 p.

310 3314 413 3366 meatu
430 3312 537 3363 omnino
555 3311 593 3360 uti
610 3323 672 3373 saga
689 3323 743 3360 non
759 3313 834 3373 pote·
871 3306 959 3373 lta.)
973 3309 1403 3374 «Etiamlabatoeadictaestiiea-

308 3392 358 3440 rat.
394 3386 500 3451 Aliquot
517 3384 631 3437 Codices
647 3375 751 3444 eadum
770 3397 834 3449 pro-
870 3381 951 3446 polis,
977 3384 1050 3447 quod
1068 3383 1182 3436 arabus
1203 3385 1331 3448 maribus
1350 3399 1403 3436 va-

307 3465 378 3514 xime
390 3463 426 3513 ad
443 3463 565 3513 nostrum
575 3473 600 3510 v.
611 3458 715 3509 aceedit
727 3471 834 3509 eenteea
871 3459 946 3507 caret
962 3459 989 3508 et
1003 3457 1098 3508 tabulis
1109 3458 1285 3522 indulgeret.»
1302 3461 1399 3512 Smer..

307 3551 330 3588 s.
348 3550 455 3598 taenea,
482 3549 536 3599 qno
557 3549 583 3584 v.
602 3546 668 3585 usus
688 3535 730 3584 est
750 3533 833 3592 Quin-
871 3533 957 3584 Livius
977 3533 1007 3593 8,
1025 3533 1067 3584 ti.
1092 3531 1303 3598 Palaepolitanos
1320 3539 1401 3586 voest

307 3609 426 3671 tilianus,
452 3608 587 3672 habetque
609 3606 724 3671 aliquam
741 3608 834 3657 aueto-
870 3611 967 3672 petatem
982 3607 1163 3672 liupatomapia
1178 3614 1308 3659 strenuam
1321 3623 1401 3671 (μαι

309 3684 579 3735 ritatemacodd.-
599 3683 835 3744 Amoris-woan-
869 3682 952 3744 tactis.
980 3679 1054 3732 Ouid.
1070 3682 1131 3734 liet.
1153 3683 1198 3744 ts,
1221 3683 1282 3733 lli:
1301 3684 1402 3734 tea&

309 3757 368 3822 laen]
387 3759 517 3822 utEpod.
537 3759 581 3820 li,
599 3759 645 3808 80:
673 3757 834 3820 Desidem'qtte
870 3761 960 3806 natan
980 3755 1161 3819 Parthenopen.
1196 3754 1272 3806 Silius
1291 3758 1336 3818 η,
1355 3757 1399 3808 at.

308 3839 449 3894 tenporare
462 3833 567 3895 poam,
586 3830 716 3904 φίλτρον.
736 3833 834 3883 liuius-
871 3831 935 3881 item
953 3829 987 3880 de
999 3829 1123 3895 Neapoli:
1152 3833 1226 3882 Nema
1241 3831 1327 3882 enodes
1342 3831 1400 3881 rte·

310 3907 415 3960 eemodi
432 3909 522 3957 autem
539 3907 661 3970 potiones
679 3918 760 3968 sagae
772 3919 834 3956 oon·
869 3907 935 3958 ritae
958 3909 986 3954 at
1006 3917 1055 3965 qne
1075 3905 1174 3968 domitu
1195 3905 1275 3956 iltuit
1296 3906 1355 3956 Otia
1374 3912 1400 3956 et

310 3979 605 4045 flatabantplerumque
624 3992 656 4030 ex
672 3979 834 4043 mandrago·
871 3984 1012 4042 mennam
1030 3980 1099 4030 eamr
1113 3979 1273 4044 pravioribus
1297 3993 1398 4030 man.

307 4073 352 4120 ra,
374 4058 419 4122 qui
434 4057 496 4106 vino
513 4053 556 4104 vel
573 4055 649 4103 aceto
671 4052 831 4105 diluebatur.
872 4079 901 4091 -
920 4065 992 4104 mnne
1006 4053 1131 4118 ιίιίιιιιιη]
1155 4052 1278 4117 Neapoli,
1296 4057 1326 4104 at
1345 4056 1399 4104 im-

307 4131 394 4184 Schol.
413 4130 477 4182 Plat.
497 4127 544 4180 Ed.
564 4129 670 4178 nostrae
684 4141 710 4192 p.
724 4129 782 4180 934.
801 4129 831 4179 Β.
871 4126 946 4188 teoll,
967 4129 1070 4192 Capua,
1090 4129 1206 4188 Cumae,
1229 4128 1396 4178 Surrentum.

339 4205 428 4258 ast-tt.
452 4200 625 4266 intaminata]
643 4215 659 4252 a
675 4215 702 4252 v.
720 4203 831 4264 minaei,
903 4202 991 4254 itt-itt.
1009 4204 1156 4264 medonta]
1180 4205 1275 4254 «cantu
1292 4202 1397 4264 magico

308 4280 477 4341 einiardicto,
496 4277 603 4328 vetito.»
629 4277 734 4328 Terent.
748 4277 830 4328 Andr.
871 4291 886 4328 e
905 4276 1015 4328 sedibus
1032 4277 1088 4328 suis
1106 4279 1204 4328 mota.-
1222 4277 1276 4328 xli.
1289 4275 1353 4326 Tab.
1366 4289 1394 4338 p.

307 4355 335 4414 3,
355 4356 385 4415 i,
405 4355 450 4404 ⁴6:
470 4353 725 4414 taruennensem,
744 4365 775 4401 ae
790 4352 833 4414 ta-
871 4351 928 4402 73i.
943 4352 1039 4402 Diris:
1054 4351 1116 4413 ott.
1131 4349 1264 4402 natans.
1277 4349 1396 4400 EXCAN-
