3012 4978
676 487 679 494 ,
712 449 839 499 HOllil'l'll
858 447 1026 497 CdllbllNUbl

693 898 928 964 cmm
955 898 1031 959 xt-

496 1077 552 1139 Est
573 1072 649 1138 mihi
672 1092 791 1137 nonum
813 1069 995 1156 superantis
1018 1088 1135 1133 aunum

496 1193 614 1261 Plenus
636 1192 749 1259 Albani
771 1191 889 1269 cadus;
912 1199 962 1257 est
985 1190 1015 1254 in
1037 1187 1143 1262 horto,

496 1314 617 1404 Phylli,
642 1313 808 1380 nectendis
831 1312 941 1400 apium
962 1311 1114 1389 coronis3

583 1439 638 1502 Est
659 1435 801 1502 hederae
822 1435 872 1499 vis

499 1596 612 1672 llulta,
636 1616 700 1684 qua
723 1595 829 1661 crines
851 1593 984 1680 religata
1009 1591 1131 1680 lulges;

498 1717 593 1785 Ridet
614 1727 746 1804 argento
768 1715 901 1792 domus;
924 1735 981 1780 ara
1003 1713 1100 1780 castis

396 1917 438 1966 iil.
457 1917 539 1966 inser.
558 1913 626 1977 vulg.
645 1915 682 1964 Ad
697 1913 843 1975 Pttptttdem,
863 1913 944 1962 etsie
962 1911 1046 1963 Codd.
1064 1913 1163 1972 nostri,
1194 1913 1212 1962 S
1230 1911 1301 1963 addit
1315 1915 1370 1962 cmi-

363 2004 420 2041 eam
438 2005 518 2042 mum.
540 2017 567 2026 -
587 1992 611 2040 4.
629 1990 706 2039 crinis
721 1991 755 2062 B.-

364 2150 407 2200 xl.
433 2149 474 2200 hd
498 2149 659 2201 Maecenatis
684 2146 755 2197 diem
781 2149 857 2197 nuta·
892 2143 941 2195 Alii
958 2144 1050 2196 volunt
1067 2159 1145 2197 esse:
1166 2161 1236 2212 «qua
1254 2149 1347 2200 hedera
1360 2159 1399 2211 pro

331 2221 385 2274 leni
402 2225 440 2273 id.
459 2221 539 2287 April.
557 2235 649 2273 secum
665 2220 857 2272 celebrandurn
892 2219 986 2269 taeniis
1003 2218 1046 2269 vel
1061 2219 1173 2284 philyris
1190 2236 1268 2274 come
1280 2225 1305 2274 in
1316 2222 1399 2274 nodum

236 2295 238 2300 ’
332 2299 424 2348 invitat
448 2296 584 2360 Phyllida,
614 2295 757 2347 amabilem
785 2293 859 2360 psal·
895 2292 1398 2363 collectalulgesoeulistotaquelacie.·

332 2373 426 2432 triam,
445 2373 487 2421 cui
505 2371 644 2423 consilium
662 2371 720 2432 dat,
739 2373 769 2421 ut
780 2370 858 2423 nimis
895 2369 948 2419 Sed
964 2369 1064 2419 hedera
1083 2373 1110 2420 et
1126 2372 1186 2435 apio
1213 2387 1291 2424 corna
1314 2370 1399 2422 redind-

334 2445 433 2510 dispari
451 2445 560 2510 Telephi
577 2447 662 2496 amori
679 2445 788 2495 tandem
813 2457 858 2493 re·
894 2448 953 2506 tur,
981 2457 1033 2493 non
1051 2445 1183 2509 relipetur.
1210 2475 1238 2484 -
1264 2447 1348 2512 papea]
1363 2445 1399 2493 uin

335 2521 452 2580 nuntiet,
493 2523 572 2582 atque
600 2522 775 2583 perpetuum,
814 2519 858 2582 qui
896 2532 949 2582 quo
965 2517 1077 2584 simplici
1092 2525 1187 2572 ornatu
1205 2521 1304 2587 fulgere
1319 2521 1399 2572 scies.»

334 2595 454 2658 priorum
466 2594 519 2642 ium
531 2593 591 2644 finis
603 2595 648 2654 sit,
668 2606 788 2644 amorem
800 2591 860 2657 pol·
896 2595 968 2644 «Non
992 2594 1063 2643 enim
1088 2608 1149 2646 eam
1166 2596 1202 2646 ad
1220 2611 1250 2648 se
1268 2597 1400 2648 coronatam

335 2668 438 2718 licetur.
458 2667 553 2717 Similis
568 2669 717 2730 argumenti
733 2669 795 2718 sunt
806 2669 859 2717 Ne·
895 2670 988 2718 venire
1006 2670 1095 2732 cupit,
1113 2670 1163 2720 sed
1180 2672 1287 2734 inritat,
1304 2673 1331 2722 ut
1344 2665 1400 2732 apud

335 2741 453 2808 ptunalia
467 2756 528 2791 eum
541 2742 614 2805 Lyde
630 2741 764 2793 celebrata
774 2743 821 2792 Od.
833 2743 857 2803 3,
897 2756 926 2792 se
945 2745 1112 2793 coronetur.»
1134 2747 1261 2798 Poenam.
1294 2745 1330 2797 Ab
1347 2742 1401 2794 0044-

339 2818 380 2869 28.
399 2817 506 2882 (Grotei.
526 2817 608 2867 reiert
624 2818 658 2868 ad
675 2832 699 2867 a.
713 2831 740 2866 u.
754 2831 778 2866 c.
792 2819 858 2880 739.)
897 2819 990 2881 quiore
1015 2818 1098 2870 torma
1125 2821 1210 2885 40490,
1241 2824 1263 2872 is
1286 2815 1401 2872 cumulis

368 2892 437 2956 4-4.
455 2892 553 2957 444004]
562 2893 659 2943 Vinum
668 2891 801 2942 Albanum
812 2891 860 2942 soli
897 2897 1020 2958 repetere
1038 2894 1128 2945 nolim.
1153 2923 1180 2932 -
1199 2898 1244 2948 Sic
1261 2898 1336 2947 etium
1349 2893 1402 2943 Cha

338 2966 448 3018 Falerno
469 2967 582 3028 cedens,
602 2969 711 3030 Dionys.
731 2966 812 3018 Helie.
836 2969 859 3028 4,
898 2971 948 3019 rito
960 2984 987 3035 p.
1001 2969 1042 3020 86.
1056 2971 1145 3035 Lips.:
1164 2964 1363 3042 ἀστράπτουσα
1372 2960 1401 3029 τῷ

340 3043 396 3102 ta.;
414 3043 492 3092 tertia
499 3041 595 3092 saltem
601 3041 689 3106 palma
695 3043 764 3092 inter
773 3041 861 3092 Italica
899 3041 1052 3114 προσώπῳ.
1065 3069 1093 3080 -
1104 3046 1182 3107 Ridet]
1196 3047 1322 3105 «renidet,
1333 3040 1403 3107 spleu

339 3117 458 3180 dignum,
477 3119 586 3167 auctore
596 3116 678 3168 Plinio
689 3117 720 3167 H.
735 3119 765 3168 N.
779 3116 825 3177 44,
836 3117 860 3166 6.
900 3118 970 3168 det.»
989 3120 1054 3184 Epp.
1069 3121 1092 3181 4,
1105 3122 1130 3180 4,
1144 3121 1170 3170 7:
1184 3115 1403 3179 4000400400οΜ

339 3189 392 3241 Cir.
412 3193 465 3240 Sat.
478 3192 508 3252 2,
522 3191 553 3252 8,
568 3192 608 3241 tt.
625 3218 652 3228 -
679 3192 780 3256 apium]
799 3192 863 3240 Fre·
899 3194 939 3244 det
954 3196 1024 3258 {ocae
1041 3200 1064 3244 et
1079 3195 1123 3245 4444
1138 3198 1237 3246 manda
1253 3195 1363 3259 capella·
1379 3211 1401 3224 ·

341 3277 427 3328 quens
449 3266 506 3316 eius
523 3279 589 3316 usus
607 3267 633 3315 in
651 3265 757 3316 corollis
770 3266 864 3316 convi-
900 3270 963 3330 ura]
987 3282 1020 3318 ex
1038 3269 1200 3334 caespitibus
1219 3272 1245 3320 in
1264 3273 1344 3321 terrae
1358 3260 1403 3316 solo

338 3339 452 3390 vatibus.
482 3339 521 3390 ct,
534 3340 582 3390 0d.
601 3341 629 3401 41
647 3341 692 3402 36,
707 3341 746 3390 46,
770 3339 817 3390 od.
831 3342 861 3400 2,
901 3335 1044 3385 exstructa.
1063 3337 1155 3386 Scuou.
1175 3337 1249 3386 Ovid.
1269 3329 1401 3388 Tristtd,

339 3415 369 3476 7,
381 3413 423 3465 44.
444 3411 571 3465 «Alcaeus
587 3413 743 3478 frequenter
755 3427 784 3465 se
801 3415 865 3464 dicit
901 3409 929 3458 9:
947 3410 1049 3470 Araque
1065 3411 1195 3474 praesumo
1211 3411 1299 3461 viridis
1313 3409 1341 3457 40
1355 3415 1402 3452 000·

343 3491 403 3553 apio
421 3490 569 3539 coronari.»
590 3491 685 3540 henou.
707 3517 735 3526 -
761 3491 866 3540 hederae
900 3485 961 3546 spito
970 3485 1024 3547 4104.
1043 3486 1135 3535 laven.
1147 3487 1187 3546 44,
1201 3488 1212 3535 4
1228 3501 1233 3534 :
1252 3479 1402 3542 Natali&-

339 3563 385 3627 040]
405 3565 522 3628 «eopia»
541 3566 626 3628 Atque
644 3565 669 3614 in
687 3563 864 3615 omnibushis
900 3561 972 3623 0400,
1003 3561 1042 3610 dte
1070 3560 1132 3610 miti
1157 3561 1255 3610 dulcior
1275 3560 1332 3608 4004
1352 3553 1402 3601 lw-

305 3637 310 3648 '
341 3638 498 3700 imaginibus
520 3637 666 3688 inimitabili
688 3653 751 3689 cum
773 3638 864 3703 lepore
903 3638 960 3698 Qua
982 3637 1059 3699 [ostiu
1078 3636 1207 3698 promturi
1232 3635 1282 3686 deis
1301 3625 1403 3682 00400444

341 3709 449 3760 beatam
465 3711 601 3775 quandam
619 3715 722 3777 copiam
741 3727 772 3764 ac
789 3726 867 3763 mun·
902 3723 1001 3773 caespes
1018 3711 1163 3772 Exspectat.

342 3784 447 3845 ditiem,
467 3785 574 3848 dignam
586 3785 656 3837 illam
668 3787 735 3838 lesto
747 3789 799 3838 boc
811 3787 864 3848 die,
935 3785 960 3835 7.
979 3785 1004 3835 8.
1022 3785 1147 3847 verbenis]
1164 3783 1228 3835 Plin.
1242 3785 1272 3836 44.
1286 3783 1314 3834 N.
1327 3779 1366 3836 ii.
1377 3774 1401 3822 ²²

342 3857 392 3908 sibi
410 3862 516 3922 praesto
534 3873 595 3910 esse
613 3861 787 3912 demonstrat.
901 3861 1020 3911 ductores
1035 3859 1135 3922 iuiperii
1153 3861 1259 3911 44040004
1273 3855 1404 3907 meditem

374 3933 398 3982 4.
417 3933 442 3983 6.
461 3947 513 3995 qua
529 3935 610 3984 crines
623 3935 744 3999 reltpotu]
762 3938 866 4001 Optima
904 3950 975 3999 que-
984 3935 1105 3998 quiddem
1121 3935 1155 3998 (et
1165 3947 1198 3985 ec
1209 3934 1300 3992 4040444,
1316 3930 1356 3978 lot
1368 3925 1402 3972 til·

343 4007 449 4058 ridetur
466 4008 647 4072 interpretatio
664 4008 743 4060 huius
760 4009 868 4082 βραχυ-
902 4010 1050 4076 ignobilibus
1073 4009 1163 4074 400440)
1187 4019 1322 4072 mairem,
1353 4011 1403 4061 puo-

343 4081 459 4149 λογίας,
489 4086 518 4132 ut
542 4083 688 4146 significet:
719 4087 816 4136 «coma
842 4089 866 4136 in
903 4087 974 4136 niem
990 4099 1041 4136 nou
1057 4085 1159 4134 44400440
1174 4084 1290 4148 sagmina
1305 4079 1404 4127 4440044

345 4158 446 4208 nodum
473 4157 579 4221 religata
606 4159 649 4222 (ut
669 4160 717 4210 0d.
737 4163 764 4220 t,
784 4162 814 4222 a,
834 4161 865 4212 t:
905 4162 953 4210 diis
965 4159 1072 4222 publicis
1091 4159 1162 4223 suere
1178 4165 1201 4209 st
1221 4159 1246 4207 40
1261 4149 1402 4208 micet·

344 4235 384 4283 eui
401 4235 497 4297 4400004
521 4233 613 4297 religas
633 4235 764 4300 40400004)
790 4249 868 4284 coro·
905 4235 1060 4296 tioniburpus
1083 4233 1227 4285 verbenae.
1261 4231 1325 4282 00040
1345 4225 1401 4271 “W

346 4307 433 4370 neque
451 4307 601 4360 bedoracea
619 4311 696 4376 capiti
719 4311 867 4375 imposita.»
906 4325 953 4374 quo
977 4311 1075 4362 contine
1099 4309 1164 4362 idem
1189 4307 1345 4374 4440440044,
1366 4295 1402 4340 ⁸⁰⁶
1478 4327 1479 4380 4
