3012 4978
534 437 594 487 LlB.
612 437 654 486 1v.
691 438 719 487 C.
739 437 781 486 Vl.

268 595 338 662 Rite
359 595 501 661 Latonae
524 614 663 682 puerum
686 603 854 666 canentes.

268 715 339 782 Rite
362 725 563 782 crescentem
586 714 655 782 lace
678 713 891 790 Noctilucam,

267 839 464 924 Prosperam
485 836 612 924 frugum
634 834 841 921 celeremque
864 855 985 924 pronos

354 957 490 1026 Volvere
512 977 651 1024 menses.

268 1118 375 1202 Nupta
397 1115 461 1180 iiam
483 1114 587 1182 dices:
611 1115 678 1200 Ego
700 1113 751 1179 dis
774 1114 928 1184 amicum.

271 1235 390 1304 Seculo
412 1235 510 1303 festas
533 1233 693 1302 referente
716 1234 822 1311 luces,

276 1356 415 1425 Reddidi
439 1377 586 1433 carmen,
610 1355 723 1423 docilis
746 1354 916 1422 modorum

358 1478 444 1546 Vatis
467 1479 586 1544 Horati.

206 1679 247 1728 37.
265 1679 341 1741 pacit
358 1678 386 1728 Τ.
409 1701 435 1713 -
455 1676 496 1727 38.
515 1676 676 1727 Noctetucom
693 1675 719 1736 d,
739 1688 786 1727 sex
803 1675 928 1726 Pottierii.
948 1675 1028 1740 (nocte
1044 1677 1123 1727 lucem
1140 1679 1177 1740 T.)

143 1847 166 1896 Β.
195 1848 283 1897 Varro
309 1848 337 1896 i..
363 1847 391 1896 L.
410 1847 439 1905 o,
459 1845 507 1896 68:
547 1845 671 1894 toran
708 1845 782 1894 recte
804 1843 925 1894 discendi
947 1843 1064 1895 studium
1089 1833 1233 1898 excitatura

142 1923 210 1972 dioto
226 1921 362 1971 Noctiluca
377 1921 404 1969 tn
419 1919 535 1978 Polotr'o,·
560 1933 621 1968 nom
638 1919 672 1968 tii
709 1919 774 1968 eret.
801 1918 1075 1970 Tenerioroutemeo
1088 1920 1232 1982 iltsensus,

141 2002 217 2046 nocto
232 1997 299 2046 lucet
315 1994 441 2056 temptmn,
463 1993 601 2058 inscriptio
613 1995 671 2044 liu-
709 1992 781 2056 quod
812 1992 847 2043 de
872 1993 1018 2057 virginibus
1050 1995 1234 2046 tantummodo

143 2072 182 2121 sei
198 2071 322 2121 liircher.
346 2069 389 2119 ed.
408 2069 524 2118 Brunatii
541 2081 601 2132 pag.
621 2069 669 2117 to:
709 2067 792 2117 verba
810 2066 880 2116 iacit.
903 2093 930 2104 -
958 2068 1031 2131 tocco]
1050 2070 1101 2118 Per
1117 2069 1234 2120 triduum

144 2143 205 2195 Bon.
238 2147 325 2196 Dece.
360 2145 510 2193 ocensem.
540 2143 669 2194 Arrrrsrrr.
710 2143 737 2191 et
761 2144 914 2193 trinoctium
949 2141 1155 2193 celebrabantur
1179 2141 1235 2194 ludi

146 2219 265 2270 Vsrsnrs.
286 2231 336 2268 nro.
354 2229 411 2267 srn.
430 2229 456 2266 n.
474 2230 500 2266 n.
710 2216 854 2267 seculares.
876 2243 904 2254 -
922 2218 1034 2282 ltoddtdi]
1055 2219 1166 2278 «cantu,
1188 2231 1236 2281 ge-

175 2293 216 2344 39.
242 2296 396 2355 homerum
422 2289 537 2355 frupatm]
570 2293 672 2341 Graeca
710 2294 765 2350 stu,
785 2289 922 2342 saltatione
941 2293 1059 2355 expressi
1077 2303 1141 2355 ego,
1167 2306 1235 2356 quos

144 2368 364 2428 constructione,
384 2367 603 2430 «prosperantem
621 2364 674 2415 tru-
710 2364 829 2415 studiose
847 2367 875 2415 ct
891 2365 958 2416 lucili
977 2379 1058 2430 opero
1077 2365 1233 2428 didiceram,

146 2455 191 2504 ges
203 2441 384 2504 celeriterque
397 2453 478 2490 cursu
495 2453 544 2490 ouo
556 2438 673 2503 singulos
711 2439 810 2489 Horatii
827 2453 947 2491 versus.»
968 2442 996 2491 ln
1015 2441 1102 2505 ipsum
1120 2442 1235 2491 Carmen

145 2529 253 2568 menses
270 2515 399 2566 adfinem
411 2515 631 2578 perducentem.»
644 2539 671 2552 -
711 2513 833 2565 seculare
843 2527 905 2565 oum
917 2527 1014 2565 nomen
1025 2527 1104 2566 suum
1116 2515 1234 2566 inserere

142 2593 247 2656 pronos]
284 2589 425 2640 sceleriter
444 2591 672 2653 praetereuntes.»
711 2601 764 2639 non
776 2591 882 2652 posset,
902 2591 1065 2640 Graecorum
1079 2591 1236 2651 Lyricorum

146 2665 238 2716 catull.
265 2665 313 2725 et,
343 2665 391 2714 li:
432 2664 467 2712 To
490 2677 578 2724 cursu,
607 2665 672 2724 deo,
711 2662 833 2726 exempla
855 2665 964 2714 secutus
986 2665 1055 2714 iusta
1075 2675 1137 2712 cum
1154 2661 1236 2726 gloria

145 2745 273 2790 mecenio
293 2741 398 2789 dictione
414 2740 463 2788 tter
477 2751 602 2798 connitor,
620 2740 674 2789 ltu-
710 2741 737 2789 in
755 2739 806 2788 hoc
823 2739 961 2803 prooemio
979 2751 1009 2788 se
1028 2737 1062 2787 ad
1079 2736 1142 2787 illud
1160 2751 1237 2788 com-

146 2815 208 2864 ccicc
227 2815 358 2880 opricolnc
377 2813 447 2864 bonis
466 2814 539 2864 chtc
560 2813 675 2877 fracibus
710 2813 866 2877 ponendum
889 2810 1023 2862 delectum
1050 2823 1111 2862 esse
1130 2811 1164 2860 ab
1181 2813 1237 2861 Au·

148 2890 239 2952 copes.
712 2889 789 2950 gusto
807 2887 1009 2936 commemorat.
1025 2911 1053 2922 -
1066 2885 1169 2946 Horati]
1187 2886 1237 2934 No-

178 2963 207 3014 it
220 2965 287 3016 -lii,
314 2964 402 3026 Nupta
418 2961 484 3026 cet]
504 2959 673 3024 «Aliquando
712 2973 776 3010 men
793 2959 845 3009 hoc
864 2961 959 3022 poetae
977 2961 1067 3022 pater,
1091 2961 1121 3008 ut
1136 2957 1238 3022 proba-

149 3039 298 3098 gratissimo
313 3037 359 3088 tibi
376 3038 426 3087 erit
440 3036 674 3088 festorumhorum
711 3034 765 3085 bile
782 3035 838 3095 est,
868 3035 1014 3096 assumpsit
1031 3047 1045 3082 e
1064 3032 1135 3082 tribu
1152 3033 1238 3081 liora-

150 3111 253 3166 dierum
271 3112 449 3164 recordatio.»
473 3112 546 3171 Quae
565 3109 673 3174 quidem
711 3109 762 3167 tin,
790 3108 834 3158 cui
856 3107 982 3170 adscripti
1006 3109 1082 3158 erent
1098 3106 1235 3156 Venusini.

150 3189 272 3251 cogitatio
287 3189 341 3240 iam
357 3199 428 3238 nunc
445 3183 533 3236 alacre
549 3185 674 3236 carminis
711 3183 784 3234 Vidit
800 3181 994 3234 Groteiendius.
