3012 4978
484 497 618 550 CARMEN
636 498 808 552 SECULARE.

256 653 413 707 VALERIUS
430 655 554 707 rums,
838 662 1070 715 couIIENIImI.

135 755 159 817 ί)
177 769 202 804 ε.
224 767 251 804 u.
278 769 301 806 o.
320 755 378 808 uto.
400 755 455 808 Iudt
475 759 585 810 Inotttntt
601 773 615 809 o
634 761 661 810 Ρ.
699 761 721 822 4)
739 775 762 812 o.
782 777 809 814 u.
832 777 856 814 o.
869 765 925 816 298.

177 837 283 890 Vulorto
300 839 444 891 Publicola.

132 923 158 985 2)
176 935 201 972 u.
220 935 245 972 u.
266 935 289 974 o.
308 924 365 990 δδδ.
695 929 718 990 θ)
737 941 761 980 ε.
781 943 807 980 u.
827 943 851 981 c.
870 930 927 983 408.

133 1007 158 1069 δ)
177 1019 201 1057 u.
220 1021 247 1057 u.
268 1021 292 1058 c.
311 1007 367 1058 δδό.
698 1013 721 1074 3)
739 1027 763 1063 o.
777 1027 804 1064 u.
818 1027 841 1065 c.
854 1015 911 1066 utu.
926 1018 994 1068 nost.
1008 1017 1073 1083 Cup.
1087 1017 1183 1069 Buttcri
1197 1031 1223 1083 p.

734 1097 822 1149 LVIII:
851 1099 1144 1165 concucurrerunt
1168 1106 1224 1152 tort.

134 1201 158 1266 4)
178 1217 201 1253 o.
221 1217 247 1254 u.
267 1217 292 1255 c.
312 1203 368 1255 605.
388 1207 567 1257 centenorum
585 1221 667 1258 unno-
699 1207 722 1271 4)
741 1222 765 1259 u.
783 1223 810 1260 u.
830 1223 853 1260 o.
873 1211 929 1262 628.
949 1213 1126 1265 centenorum
1142 1211 1227 1264 unde·

176 1301 238 1338 rum
260 1283 383 1358 περιόδῳ
406 1287 448 1340 bis
469 1291 583 1341 sorvutu.
604 1291 662 1354 (I'e-
738 1307 834 1346 norum
847 1307 978 1345 annorum
988 1290 1109 1366 περιόδῳ
1118 1297 1226 1348 tersor-

175 1369 261 1422 subus
278 1373 369 1424 autom
386 1373 495 1434 Pisone,
515 1375 562 1426 Cn.
582 1373 663 1426 Gettto
738 1379 798 1428 vota
825 1379 852 1428 ct
876 1378 1039 1442 ecquidem
1059 1383 1224 1444 congruente

176 1457 203 1505 ot
220 1455 345 1507 Homino:
365 1471 389 1507 a.
408 1471 435 1507 u.
454 1470 477 1507 c.
497 1457 563 1520 608.)
737 1473 800 1512 oum
820 1463 929 1526 Augusti
946 1461 1015 1513 Indis
1032 1461 1207 1514 secularibus.

695 1547 718 1603 tt)
737 1559 761 1595 n.
781 1559 807 1595 n.
827 1559 851 1597 o.
869 1547 926 1596 737.
954 1547 1023 1598 διε).
1043 1548 1108 1612 Cup.
1127 1547 1226 1598 Buttcrt

735 1641 760 1694 p.
780 1629 865 1680 LVIII:
885 1629 949 1680 Ludi
966 1630 1107 1680 ιαυοιιίανεε
1131 1631 1224 1694 ητιῖυσί.

549 1807 812 1819 -ι----

439 2119 638 2180 ZOSIMUS
659 2120 746 2180 ffl-
766 2122 811 2181 ΙΙ.
832 2123 870 2181 (1.
881 2125 922 2180 V.

208 2248 348 2316 Τοιοῦτος
364 2250 396 2303 δέ
412 2266 456 2316 τις
473 2247 490 2302 ὁ
506 2249 616 2324 τρόπος
632 2244 846 2326 ἀναγέγραπται
861 2249 915 2321 τῆς
925 2253 1036 2326 ἑορτῆς.
1065 2249 1228 2326 Περιϊόντες

140 2335 174 2386 σί
197 2331 322 2407 κήρυκες
344 2337 383 2400 εἰς
399 2331 453 2402 τὴν
469 2333 574 2408 ἑορτὴν
590 2337 721 2388 συνιέναι
738 2335 848 2402 πάντας
864 2335 997 2408 ἐκέλευον
1013 2337 1061 2391 έπλ
1076 2337 1162 2400 θέαν,
1192 2332 1229 2403 ἣν

138 2412 209 2471 σῦτε
226 2417 366 2492 πρότερον
383 2415 469 2484 είδον,
488 2413 555 2474 οῦτε
567 2417 642 2486 μετὰ
652 2417 744 2473 ταῦτα
754 2418 920 2474 θεάσονται.
949 2417 1032 2476 Κατὰ
1042 2420 1073 2475 δδ
1085 2417 1139 2489 τὴν
1149 2413 1228 2494 δέραν

137 2501 192 2556 τοῦ
208 2504 330 2576 θέρους,
349 2500 405 2577 πρὸ
426 2501 542 2576 ἡμερῶν
559 2499 664 2572 ὀλίγων
682 2502 735 2558 τοῦ
752 2501 807 2572 την
822 2506 948 2578 θεωρίαν
964 2500 1110 2574 ἀχθῆναι,
1138 2505 1169 2558 ἐν
1186 2500 1226 2574 τῷ

136 2587 313 2656 Καπετωλίῳ
330 2589 379 2639 καί
396 2586 483 2657 ἐντῷ
501 2587 555 2658 νεῷ
571 2586 612 2658 τῷ
630 2585 705 2641 κατὰ
720 2585 755 2640 τὸ
765 2587 913 2642 Παλάτιον
925 2591 955 2642 ot
965 2588 1118 2643 δεκαπέντε
1128 2581 1230 2661 ἄνδρες

139 2673 189 2726 ἐπὶ
208 2669 345 2740 βήματος
365 2671 530 2741 καθήμενοι
550 2670 589 2744 τῷ
608 2672 691 2743 δήμῳ
708 2672 878 2742 διανέμουσι
893 2671 931 2726 τά
948 2671 1107 2746 καθάρσια·
1138 2669 1230 2726 ταῦτα

137 2757 171 2810 δέ
194 2756 257 2810 ἐστι
273 2754 357 2826 δᾷδες
373 2758 423 2808 καλ
439 2758 521 2810 θεῖον
537 2759 587 2810 κοί
603 2751 771 2822 ἄσφαλτος·
800 2757 900 2812 δοῦλοι
917 2757 948 2810 δὲ
964 2756 1076 2810 τοῦτον
1093 2752 1128 2810 οῦ
1145 2759 1229 2823 μετέ-

137 2857 259 2904 χουσιν,
287 2838 361 2892 ἀλλὰ
378 2837 525 2914 ἐλεύθεροι
541 2839 638 2909 μόνοι.
676 2840 873 2906 Συνελθόντος
889 2841 920 2893 δὲ
937 2837 988 2893 τοῦ
1006 2838 1103 2908 δήμου
1121 2836 1230 2904 παντὸς

137 2921 171 2978 ἔν
190 2941 222 2977 τε
246 2932 309 2990 τοῖς
325 2920 443 2997 ῥηθεῖσι
458 2922 561 2990 τόποις
577 2927 626 2976 καί
643 2925 674 2978 ἐν
690 2923 730 2994 τῷ
749 2925 814 2997 ἱερῷ
831 2924 885 2992 τῆς
898 2919 1072 2998 Ἀρτέμιδος,
1102 2919 1170 2976 δέν
1188 2919 1228 2993 τῷ

135 3007 301 3078 Ἀουεντίνῳ
323 3007 405 3077 λόφῳ
430 3007 615 3082 καθίδρυται,
644 3013 728 3060 σῖτον
752 3010 802 3060 καί
818 3005 923 3080 κριθὴν
940 3002 1063 3074 ἕκαστος
1079 3010 1162 3081 φέρει
1179 3009 1230 3060 καὶ
1250 3041 1252 3050 ι

138 3091 263 3161 κύαμον.
294 3093 356 3158 (CIr.
380 3093 472 3158 Sibyll.
490 3108 516 3144 v.
539 3093 591 3157 27.)
619 3093 676 3145 Καί
696 3097 760 3157 ταῖς
782 3093 905 3164 Μοίραις
926 3085 1036 3160 ἄγουσι
1052 3089 1229 3156 παννυχίδας

137 3175 214 3247 μετὰ
230 3174 409 3244 σεμνότητος
426 3176 457 3230 έν
475 3175 569 3242 (ἐννέα
584 3177 699 3243 IIcyno.)
711 3173 801 3242 νυξίν.
825 3170 1002 3240 Ἐνστάντος
1013 3175 1044 3228 δέ
1055 3173 1107 3228 τοῦ
1119 3173 1229 3249 χρόνον

138 3257 193 3330 τῆς
209 3259 322 3334 ἑορτῆς,
340 3258 377 3328 ἢν
394 3261 425 3316 ἐν
439 3262 534 3334 τρισίν
549 3256 671 3333 ἡμέροις
687 3261 719 3314 έν
728 3258 768 3328 τῷ
781 3253 943 3332 ποῦ”άρεως
956 3257 1119 3314 ἐπιτελοῦσι
1130 3259 1228 3329 πεδίῳ,

138 3349 190 3400 καί
205 3351 270 3410 ταῖς
287 3343 364 3410 ἴσαις
381 3341 457 3410 νυξί,
475 3343 650 3418 καθιεροῦτο
666 3341 702 3395 τά
718 3344 880 3412 τελοῦμενα
896 3343 975 3417 παρά
991 3341 1046 3414 τὴν
1064 3338 1159 3412 ὄχθην
1175 3341 1229 3396 τοῦ

139 3427 306 3503 Θῦμβριδος
322 3430 354 3482 έν
370 3427 409 3499 τῷ
428 3425 561 3502 Τάραντι.
591 3423 703 3482 Θόουοι
719 3428 751 3481 δέ
767 3429 858 3494 θεοῖς,
869 3428 916 3482 Διί
927 3422 1231 3502 καλἫρᾳκαίἍπόλ-

140 3516 209 3568 λωνι
230 3517 280 3566 καί
303 3514 398 3581 Λητοῖ
417 3515 466 3566 καί
483 3508 637 3586 Ἀρτέμιδι,
666 3515 717 3566 καλ
739 3515 858 3587 προσέτι
878 3529 911 3582 γε
932 3515 1057 3586 Μοίραις
1073 3512 1230 3566 caunetu-

139 3601 237 3664 θυίαις
259 3601 309 3650 καί
331 3595 462 3671 Δήμητρι
484 3599 534 3650 καί
550 3589 628 3671 Ἅιδῃ
651 3599 701 3650 καί
722 3594 906 3670 Περσεφόνη.
949 3595 990 3671 Τῇ
1007 3596 1039 3649 δὲ
1056 3593 1155 3670 πρώτη
1172 3595 1231 3650 τῶν

140 3681 269 3756 θεωριῶν
293 3684 375 3734 νοκτλ
399 3681 534 3754 δευτέρας
558 3674 635 3755 ὥρας
662 3678 680 3733 ὁ
703 3677 893 3754 αῦτοκράτωρ
914 3681 963 3734 ἑπλ
983 3679 1037 3748 τὴν
1060 3675 1157 3749 ὄχθην
1179 3677 1231 3734 τοῦ

140 3765 275 3834 ποταμοῦ
298 3765 384 3840 τριῶν
404 3767 703 3838 παρασκευασθέντων
723 3763 832 3831 βωμόν
848 3771 924 3838 τρεῖς
952 3759 1044 3838 ἄρνας
1064 3762 1131 3819 θέει
1157 3761 1232 3833 μετὰ

140 3851 197 3905 τιῦν
218 3851 373 3904 δεκαπέντε
395 3846 506 3923 ἀνδρῶν
527 3852 577 3904 καλ
592 3847 662 3915 τοῦς
677 3845 799 3916 βωμοῦς
815 3845 1003 3916 καθαιμάξας
1019 3845 1181 3902 ὁλοκαυτοῖ
1194 3845 1232 3901 τὰ

140 3937 268 4004 θῦματα.
307 3937 603 4002 Κατασκευασθείοης
619 3933 650 3987 δέ
667 3932 779 4002 σκηνῆς
795 3933 878 4002 δίκην
899 3930 1025 4006 θεάτρου
1050 3932 1137 3997 φιῦτα
1158 3928 1232 3984 ἀνά-

141 4037 241 4074 πτεται
262 4021 312 4072 καί
330 4017 416 4092 πυρά,
434 4022 484 4072 καλ
501 4013 593 4086 ῦμνσς
609 4015 707 4089 ᾅδεται
724 4020 827 4070 νεωστὶ
844 4020 1048 4086 πεποιημένος,
1066 4019 1186 4089 θεωρίαι
1201 4031 1233 4068 τε

142 4107 320 4176 ἱεροπρεπεῖς
336 4097 466 4171 ἄγονται.
507 4104 682 4170 Κομάζονται
697 4101 728 4154 δὲ
746 4103 777 4153 οἱ
791 4101 883 4156 ταῦτα
894 4100 1045 4170 ποιοῦντες
1056 4097 1234 4168 μιοθδντὰς
1303 4111 1308 4122 ·

141 4185 277 4262 ἀπαρχὰς
302 4187 359 4239 τιῦν
376 4185 509 4260 καρπῶν,
537 4190 621 4240 σίτου
638 4189 688 4240 καί
705 4183 809 4259 κριθῆς
825 4189 875 4240 καί
891 4183 1026 4252 κυάμων·
1056 4173 1144 4236 αὗται
1160 4180 1232 4256 γάρ,

142 4269 183 4338 (ῦς
200 4271 311 4346 εἴρηταί
326 4289 393 4340 μοι,
410 4269 516 4340 καὶτῷ
534 4269 617 4340 δήμῳ
634 4271 720 4323 παντί
736 4269 930 4337 διανέμονται.
966 4267 1007 4342 Ity}
1024 4267 1055 4320 δὲ
1073 4262 1146 4326 μετὰ
1162 4263 1233 4319 ταῦ·

142 4375 195 4426 την
215 4354 309 4431 ἡμέρᾳ
326 4360 368 4422 είς
383 4355 417 4410 τὸ
430 4353 615 4410 Καπετώλιον
627 4349 788 4420 ἀναβάντες
800 4348 951 4408 κάνταῦθα
961 4350 1013 4418 τὰς
1024 4353 1234 4420 νενομισμένας
