2998 4980
466 455 525 505 mn
546 456 564 504 ι.
601 457 629 505 e.
650 455 702 506 nv.
1117 456 1159 520 99

204 613 347 700 Pugnae,
372 612 441 678 sive
463 631 546 700 opus
568 622 618 679 est
639 612 823 700 imperitare
847 613 956 700 equis,
1118 615 1159 678 25

203 735 271 799 Non
293 733 405 820 auriga
427 734 535 821 piger3
558 733 723 800 Merionen
744 754 877 822 quoque

202 857 332 922 Nosces.
373 857 456 922 Eooe
477 856 552 920 furit
573 865 605 921 te
626 855 770 942 reperire
793 865 884 921 atrox

244 976 387 1064 Tydides
408 975 524 1044 melior
544 987 649 1064 patre,

204 1101 308 1177 Quem
331 1109 379 1176 tu,
404 1119 520 1165 cemus
542 1099 587 1163 uti
611 1097 701 1164 vellis
724 1100 757 1162 in
783 1098 884 1164 ultera

202 1221 310 1286 Visum
333 1229 423 1307 purte
446 1219 557 1308 lupum
579 1219 730 1307 graminis
753 1220 934 1296 immemor,
1119 1223 1160 1285 30

203 1340 337 1408 Sublimi
359 1341 462 1428 fugies
485 1340 589 1408 mollis
612 1339 775 1418 anhelitu,

245 1465 316 1530 Non
337 1463 399 1530 hoc
421 1461 580 1551 pollicitus
607 1473 690 1528 tuae.

145 1671 181 1720 ιι.
199 1658 309 1722 meson}
326 1672 354 1720 r.

97 1869 140 1906 ιιιι
154 1857 185 1908 -t
216 1859 259 1910 Sic
282 1860 354 1910 enim
381 1857 602 1924 respondendum
638 1853 719 1927 δόρυ.
763 1857 893 1908 Theocrit.
921 1861 945 1908 in
968 1858 1088 1910 Adonide
1113 1861 1161 1910 30:

95 1937 163 1982 esset:
192 1935 270 1985 elion
298 1935 445 1998 respicio„
468 1961 495 1968 -
525 1935 601 1982 «iton
639 1927 757 1996 Γυμνὸιι
772 1927 824 1982 τὸν
840 1927 900 1992 εἶχε
914 1929 1010 2002 μηρὸν
1024 1928 1164 2000 ’Epeiro-

94 2008 178 2066 rupim
201 2021 267 2068 eos,
294 2009 339 2072 qui
365 2008 412 2058 tibi
436 2009 542 2060 iamiam
564 2007 602 2058 iu·
638 2005 846 2072 μαιηιλὰσαι,
873 2009 1015 2072 inquibus
1037 2025 1062 2060 v.
1080 2012 1166 2074 furem

94 2079 157 2141 penti
172 2081 309 2132 instent‘i»
639 2096 776 2133 summum
799 2083 923 2147 cupiendi
946 2084 1058 2172 gradum
1078 2087 1165 2149 expri-

119 2155 152 2206 rt.
176 2157 266 2206 Teucer
286 2159 317 2222 et]
341 2158 372 2208 Η.
394 2155 411 2206 l.
430 2160 497 2208 etv.
514 2157 560 2210 36.
575 2157 601 2207 in
639 2158 754 2206 mit.-
726 2160 866 2222 -otroot
892 2152 993 2228 ἄγριοι
1017 2155 1165 2225 αἰχμητὴν

92 2226 138 2278 basi
152 2233 192 2280 est
206 2232 348 2281 trochaeus
362 2245 412 2296 pro
429 2230 505 2283 solito
522 2244 603 2294 spon-
639 2245 703 2282 eum
718 2234 798 2282 vocet
814 2234 913 2283 Hector
927 2231 954 2284 tl.
974 2235 996 2294 ζ,
1013 2233 1053 2282 97.

93 2300 147 2363 λιι,
168 2305 242 2369 quod
264 2319 318 2356 non
341 2304 428 2356 solum
451 2304 602 2356 detenditur
671 2306 713 2355 28.
736 2307 834 2367 metior,
861 2307 961 2368 tortior,
981 2307 1063 2370 patre]
1089 2306 1161 2358 iliad

92 2378 239 2430 Graecorum
263 2382 405 2444 poetarum
430 2393 522 2442 more,
552 2379 602 2430 sed
638 2375 664 2440 δ,
681 2379 739 2430 tot.
765 2379 919 2432 Sthenelus:
946 2375 1031 2446 ημεῖς
1044 2395 1091 2432 τοι
1107 2395 1163 2432 πα-

90 2453 165 2516 ellam,
184 2454 257 2518 quod
272 2455 415 2519 utrobique
432 2453 538 2506 licentia
551 2455 601 2504 heo
639 2455 728 2524 τέρωιι
754 2457 817 2521 μέγ’
850 2450 1001 2520 ἀμείνονες
1027 2450 1163 2522 εὐχόμεθ’

90 2537 143 2578 usus
168 2533 208 2580 est
241 2529 268 2579 iu
296 2529 449 2581 nominibus
477 2531 599 2594 propriis.
640 2525 721 2580 εἶναι.
743 2557 770 2566 -
789 2531 928 2593 Egregium
943 2531 1080 2581 Diomedis
1097 2533 1165 2581 ime-

92 2599 170 2652 Futcm
186 2605 266 2654 metri
283 2605 442 2655 invenerunt
465 2607 602 2668 corrigen-
639 2606 728 2668 ginem
745 2605 864 2655 inuenies
876 2607 902 2655 in
915 2617 1021 2668 gemma
1033 2605 1165 2671 (eorumeo)

90 2677 123 2725 tes
137 2679 232 2742 partim
249 2680 347 2740 Teucer,
373 2685 405 2742 te,
423 2693 476 2743 que
498 2682 600 2732 ratione
639 2678 815 2741 Worsleyunu
837 2680 909 2743 opud
932 2679 1076 2743 inghirami
1097 2682 1163 2732 Gall.

88 2749 156 2802 nimir
177 2755 217 2804 vis
240 2752 364 2804 tribuitur
396 2756 548 2817 pronomini
575 2759 602 2806 et
640 2753 693 2802 Om.
710 2754 729 2802 1.
750 2755 778 2804 Τ,
798 2753 838 2804 73.

88 2837 116 2872 eu
129 2827 221 2878 tiorotii
239 2828 433 2890 consuetudine
450 2831 539 2893 potius
555 2843 601 2880 re·
671 2827 760 2878 teor.
779 2847 792 2873 ι
803 2830 833 2880 Ut
850 2841 946 2878 cervus
958 2841 1058 2892 pascuo
1073 2827 1167 2880 celeri-

88 2900 227 2961 quireretur
244 2907 331 2968 orgen
349 2904 445 2966 partim
464 2905 602 2968 Τιιιοειηιιε
640 2904 680 2952 ter
694 2901 786 2953 relicto
803 2903 876 2965 fugit,
895 2901 942 2952 ubi
952 2901 994 2952 vel
1006 2904 1033 2953 in
1045 2905 1166 2966 opposito

88 2978 115 3034 et,
130 2976 248 3028 iuuetura
264 2978 328 3028 sotis
344 2979 444 3040 ingrate
458 2992 508 3043 pro
525 2979 602 3030 Solo-
639 2976 713 3028 voltis
729 2979 805 3040 porte
822 2975 881 3040 (sibi
899 2990 913 3026 e
930 2977 1047 3040 regione)
1073 2975 1166 3042 lupum

88 3050 214 3113 ιιιλιιιιιιηιιι
230 3051 328 3101 Taum.
349 3077 376 3087 -
398 3051 533 3118 smmum]
554 3055 603 3105 Ce-
640 3052 805 3115 conspexit.»
847 3049 969 3114 virgilius
996 3048 1051 3103 Eel.
1075 3051 1108 3111 8,
1132 3053 1161 3102 2:

89 3126 155 3185 penei
178 3125 264 3186 tilius,
290 3127 381 3190 auriga
405 3128 551 3180 Diomedis.
572 3156 600 3166 -
638 3127 769 3176 ιἰιιιιιιιιιοι
784 3125 919 3175 terbum
933 3151 948 3162 -
964 3151 979 3162 -
994 3125 1107 3174 twereo.
1136 3153 1163 3162 -

88 3199 159 3263 ιιιιιιι]
181 3202 286 3252 «scitus
309 3201 464 3264 pugnandi»
488 3201 602 3268 explicet
639 3199 752 3263 Sultirrm
768 3195 912 3268 μετεώρῳ.
947 3199 1012 3258 ιΩιιί
1038 3199 1063 3249 in
1085 3211 1166 3262 proe-

91 3271 180 3330 tuoto.
207 3276 232 3336 9,
258 3275 283 3334 3,
311 3275 350 3325 40.
385 3275 456 3327 iliud.
485 3292 508 3338 ε,
536 3277 599 3328 tte:
639 3275 711 3338 cipiti
729 3274 787 3338 iuge
805 3271 912 3324 anhelet
929 3273 954 3322 in
969 3271 1051 3324 ultum
1077 3277 1164 3324 erecte

88 3343 174 3416 μάλης
189 3341 224 3401 eri
239 3345 332 3400 εἰδότε
348 3346 452 3416 πάσης.
470 3353 566 3416 Odyss.
579 3368 600 3414 ι,
639 3352 745 3400 cervice
763 3352 790 3399 et
803 3363 850 3400 ore
866 3347 972 3400 sublato
989 3347 1024 3398 od
1043 3349 1166 3412 spiritum

90 3419 128 3472 to:
149 3421 337 3490 ἐπιστάμενοι
356 3419 456 3489 μὲν
437 3428 489 3488 αφ’
508 3390 601 3476 turoi
639 3424 828 3489 captandum.»
863 3425 927 3473 Stet.
945 3423 1028 3474 Theb.
1047 3424 1086 3486 tt,
1105 3425 1163 3474 239:

87 3494 206 3635 πειζδρρισι
213 3497 393 3572 μάρνασθαι,
410 3492 495 3552 και“’
477 3515 526 3552 ore
542 3497 599 3574 χρὴ
639 3501 748 3550 Nuntius
770 3499 884 3550 ειιιιιιιιιιι·
906 3512 1037 3560 arpenno
1059 3503 1166 3560 pectore

175 3571 271 3626 ἐόντα.
638 3590 722 3626 erem.
767 3576 920 3640 (comparat
941 3574 1087 3625 Meiuekius
1111 3576 1165 3625 tte·

113 3647 147 3697 to.
192 3650 330 3714 Merionen]
366 3648 437 3700 llied.
472 3647 502 3712 e,
535 3651 598 3700 263:
639 3650 775 3714 nondrp.
799 3651 839 3700 ⁴7.
862 3644 1020 3719 μετεώρῳ
1012 3643 1161 3712 πνεύματι.

86 3712 174 3774 ὀπάων
209 3719 389 3790 Ἰδομενῆος,
441 3721 598 3795 Μηριόνης,
637 3725 797 3787 Ιιιεει)-
817 3723 905 3788 mono]
927 3725 1079 3786 rigemus.»
1097 3737 1161 3785 non

85 3787 232 3864 ἀτάλαντος
242 3795 383 3865 Ἐνυαλίῳ
395 3791 596 3872 ἀνδρειφόντῃ.
637 3803 667 3851 ut
688 3800 731 3850 elii
753 3798 860 3858 volunt,
891 3811 987 3849 «eursu
1006 3798 1159 3860 exhaustus,

81 3867 413 3962 Eurip.1phig.Aul.tt0:
438 3855 596 3945 Μηριόνην,
637 3875 819 3938 defetigatus.

81 3935 202 4014 ’Ἡριως
185 3954 261 4014 egon,
278 3945 381 4016 θαῦμα
395 3949 555 4021 βροτοῖσιν.
669 3931 708 4000 3!
728 3947 793 4012 tuoe]
811 3951 910 3999 Amano
926 3945 1041 4011 probro:
1061 3945 1159 4010 «longe

112 4023 148 4072 ll.
179 4025 243 4088 furit
271 4031 294 4076 te
321 4026 441 4089 reperire]
469 4026 511 4075 Sic
539 4025 595 4076 scil.
636 4024 684 4075 elie
702 4025 817 4074 facinora
834 4021 965 4086 pollicitus
981 4035 1041 4072 ems
1058 4019 1160 4071 adulte-

86 4093 252 4162 iungendum,
289 4115 341 4152 non
374 4106 452 4152 atroce
477 4102 595 4163 reperire.
635 4113 681 4150 roe
699 4101 785 4149 tuae.»
820 4097 891 4148 lliod.
918 4113 944 4162 y,
970 4096 1033 4148 7³0:
1065 4087 1159 4161 ημὲι

86 4165 145 4221 iliud.
159 4189 185 4234 ιι,
204 4176 265 4226 iet:
283 4171 403 4240 μεμαώς
418 4170 477 4224 ἀτὸ
493 4171 597 4235 τεύχεα
635 4169 694 4238 δὴ
686 4173 791 4244 uptvy'
807 4165 882 4231 εὔχε
897 4165 1159 4241 ἈρηῖφίλοιιΜενε

86 4238 167 4297 θῦσαι.
212 4251 328 4315 Euripid.
356 4251 492 4300 Phoeniss.
516 4251 594 4302 isti:
634 4247 706 4300 λάου
731 4246 773 4320 Σῇ
799 4263 830 4298 ιε
853 4247 903 4319 βίη
928 4247 978 4300 aar
1001 4246 1083 4316 χερσὶ
1107 4246 1158 4296 καλ

86 4320 213 4392 ιιαργῶιιι’
247 4327 289 4378 ἐπ’
323 4319 493 4390 ἀλλήλοισιν
523 4325 596 4376 ἱέναι
634 4319 715 4391 εγχεϊ
727 4325 866 4394 φέρτερος
881 4301 962 4372 strat.
984 4322 1049 4370 Tuae
1065 4321 1155 4369 eutem
