3012 4978
308 495 369 560 ott
619 473 622 480 ’
713 493 840 544 ironam
859 493 987 544 saonen

304 635 489 702 praeferamus
506 647 633 698 expresso
651 637 747 699 po'e'tae
771 633 938 692 testimonio,
969 645 1019 682 nec
1045 635 1099 682 tam
1123 635 1227 696 angusti
1254 646 1286 682 ac
1312 633 1402 698 pusilli

306 720 385 771 animi
404 719 452 771 luit
467 720 614 782 augustus,
634 719 680 782 qui
699 718 818 767 earmina
835 716 954 767 Bibaculi
972 719 998 766 et
1015 715 1107 767 Catulli
1120 715 1218 766 relenta
1230 717 1401 768 contumeliis

306 806 451 855 Caesarum
469 803 604 866 sapienter
621 800 753 852 tolerabat
772 801 860 864 (Tacit.
880 806 946 851 Anu.
967 799 995 862 4,
1017 799 1078 864 db),
1097 803 1126 850 ut
1142 803 1253 865 propter
1269 803 1320 852 tria
1335 800 1403 852 libe-

306 889 376 938 riora
394 887 511 938 carmina
537 888 623 936 tetum
639 885 711 935 hune
737 883 847 944 librum,
876 887 917 935 sat
934 883 1031 934 multas
1048 885 1130 948 ipsius
1146 883 1241 936 laudes
1259 887 1402 936 eontinen-

306 974 373 1032 tem,
394 969 508 1021 celatum
526 971 653 1034 cuperet,
673 981 734 1025 eum
753 967 779 1018 id
797 967 855 1018 lieri
871 969 981 1018 omnino
1001 969 1135 1032 nequirat;
1154 969 1310 1033 quicunque
1327 971 1400 1020 euim

305 1054 426 1115 volebat,
454 1053 575 1117 exempla
599 1051 709 1116 Epodea
733 1065 747 1100 a
771 1055 850 1115 poeta
874 1053 932 1116 ipso
955 1053 1035 1116 atque
1053 1053 1093 1101 tot
1115 1052 1173 1103 eius
1190 1053 1284 1104 amicis
1301 1066 1400 1118 parare

307 1138 356 1190 sibi
374 1136 442 1190 laeili
460 1150 540 1201 opera
559 1137 673 1202 poterat.

697 1411 1002 1474 ml.

474 1564 540 1630 lbis
563 1562 711 1630 Liburnis
734 1563 817 1630 inter
838 1562 901 1630 alta
922 1564 1068 1638 navium,

373 1748 391 1796 l.
411 1747 493 1796 inser.
512 1741 580 1805 volg.
598 1742 636 1791 Aa
652 1743 841 1802 Maecenatem,
860 1743 888 1792 et
904 1743 943 1792 sle
960 1742 1010 1792 BT.
1032 1769 1059 1777 -
1079 1743 1137 1792 0m.
1157 1754 1253 1792 omnes
1271 1743 1366 1794 inscri-

339 1820 444 1885 ptiones
456 1821 488 1878 S,
502 1819 566 1868 item
577 1816 605 1878 b,
619 1819 732 1881 excepto
743 1815 835 1880 Epodo
849 1816 887 1866 li.
908 1843 935 1852 -
955 1815 1038 1866 liuius
1051 1817 1176 1868 carminis
1188 1819 1248 1868 octe
1261 1819 1365 1868 mutum

340 1907 383 1946 vv.
403 1895 429 1944 in
446 1895 465 1944 B
483 1891 614 1956 legtmtur.

339 2055 358 2103 l.
387 2053 456 2103 Sane
474 2063 536 2101 cum
557 2051 609 2100 boc
626 2061 736 2100 muman
756 2061 832 2099 eom·
867 2041 1110 2118 πράξωσιναῦτῷ,
1125 2041 1330 2114 tatanem
1340 2069 1398 2118 pq-

306 2128 406 2192 posuit,
426 2127 598 2176 coustitutum
616 2126 686 2186 erat,
713 2126 742 2174 ut
759 2125 832 2174 lilae-
867 2120 915 2172 δὲν
936 2122 1117 2187 μονωθέντος
1132 2118 1344 2188 νεοχμιόοωοι,
1363 2127 1398 2178 ro'

306 2215 387 2252 cenas
400 2201 572 2252 Octavianum
584 2197 721 2250 labellum
734 2197 832 2247 adver·
867 2211 898 2246 τε
908 2199 1062 2264 μέγιστον,
1075 2190 1154 2260 ὅπως
1165 2195 1327 2265 ἐνδείξηται
1338 2205 1398 2264 τοῖς

305 2289 352 2327 eus
365 2277 398 2326 ti.
409 2275 551 2325 Antonium
564 2273 746 2332 comitaretur,
759 2271 831 2334 quod
868 2265 1048 2343 ἀνθρώποις,
1076 2266 1122 2324 ὅτι
1140 2275 1190 2324 καὶ
1206 2269 1242 2323 τὸ
1260 2273 1398 2326 πλεῖστον

306 2353 396 2400 umen
422 2348 561 2400 consilium
586 2351 679 2412 postea
701 2347 831 2396 mutatum
867 2348 918 2396 aaut
939 2343 975 2397 τὸ
996 2343 1151 2418 κράτιστον
1171 2347 1230 2398 τῶν
1247 2343 1396 2416 Ῥωμαίων

197 2470 203 2484 ,
306 2435 367 2474 esse
385 2424 620 2484 Maecenatemque
639 2423 738 2470 Romae
754 2433 833 2470 man·
868 2417 1098 2488 ὁμογνωμονοῦν
1114 2415 1179 2482 ἔχοι
1197 2421 1255 2486 (Dio
1272 2426 1315 2486 eo,
1336 2427 1395 2490 tta.

307 2499 390 2558 sisse,
420 2500 449 2546 ut
475 2495 585 2547 urbanis
614 2496 726 2557 negotiis
751 2509 832 2560 prae·
869 2498 949 2547 etiam
967 2499 1108 2548 Maecenas
1126 2499 1184 2563 [per
1200 2497 1310 2563 aliquod
1328 2505 1397 2554 tem-

306 2574 379 2623 esset
399 2584 431 2622 ae
454 2570 598 2621 seditiones
617 2569 728 2620 tortasse
747 2571 832 2619 oritu-
868 2571 932 2635 pus)
962 2585 995 2622 ae
1023 2584 1053 2622 se
1082 2571 1226 2624 contulisse
1254 2574 1393 2626 videbar.-

305 2659 350 2696 ras
362 2647 466 2696 mature
478 2644 656 2708 opprimeret,
675 2645 718 2694 sat
728 2641 832 2694 idoneis
869 2646 977 2696 Faunus.
985 2647 1017 2710 (a.
1025 2659 1052 2695 u.
1061 2647 1156 2706 e.723.‚
1167 2661 1394 2714 quoauuepugua

305 2719 468 2784 argumentis
486 2717 681 2768 demonstravit
694 2718 832 2768 Massonus
868 2720 974 2770 Actiaca
991 2723 1106 2783 pugnata
1125 2724 1166 2771 est
1183 2723 1225 2772 lv.
1238 2725 1307 2774 Nou.
1322 2726 1392 2790 Sept.

305 2797 333 2846 iu
357 2795 415 2843 Vita
441 2795 503 2843 lior.
526 2805 586 2856 pag.
607 2791 662 2842 443.
693 2791 832 2855 (Tempore
868 2793 926 2844 Vid.
946 2792 1001 2844 Kal.
1020 2795 1098 2844 amit.
1120 2796 1203 2846 lusor.
1223 2809 1259 2846 m.
1282 2799 1310 2848 l..
1326 2800 1357 2849 ll.
1369 2814 1394 2864 p.

304 2867 367 2920 belli
384 2869 482 2918 Actiaci
500 2867 599 2918 Romae
612 2869 640 2915 at
656 2863 744 2916 ltaliae
757 2879 834 2929 prae-
868 2868 925 2919 398.
948 2868 999 2918 Cir.
1014 2868 1294 2922 Frandseulloeeeaos
1304 2886 1332 2937 p.
1346 2873 1394 2936 37.)

306 2943 409 3008 pesitus
438 2941 544 2991 abamita
572 2940 689 3002 partitate
717 2939 833 2990 caesarie
903 2940 957 2993 t-i.
976 2943 1032 3008 Ibis]
1051 2943 1115 2993 Tota
1131 2945 1294 3009 propositio,
1318 2949 1349 2997 ut
1368 2951 1396 2997 et

306 3017 411 3068 mactus
424 3017 476 3076 est,
501 3017 532 3065 ut
550 3015 698 3065 aitseneca
711 3013 758 3078 Ep.
772 3013 830 3073 444,
867 3029 893 3065 v.
912 3016 954 3065 44,
972 3017 1089 3067 Ferarum
1100 3025 1259 3080 --peetora
1284 3033 1339 3072 nou
1355 3024 1395 3072 est

305 3092 330 3141 6.
350 3093 377 3141 et
402 3091 451 3141 Dio
477 3091 524 3151 444,
552 3089 582 3139 3;
612 3083 782 3154 Μωκήνον,
808 3078 831 3154 ᾦ
868 3091 1038 3153 interrogatio
1060 3092 1097 3154 (ut
1116 3091 1221 3142 inlidd.
1243 3094 1393 3156 nonnullis).

305 3165 355 3216 καὶ
371 3161 437 3214 τότε
453 3156 473 3230 ἢ
489 3177 521 3214 τε
534 3158 629 3228 Ῥώμη
646 3163 696 3213 κιο
713 3157 831 3228 ἡλοιπὴ
868 3163 918 3214 sed
934 3164 1084 3219 atllrmatio.
1114 3167 1260 3220 «caesaris
1283 3169 1395 3220 navbus

302 3234 406 3292 'lectita
423 3239 643 3309 προσετέτακτο,
672 3238 833 3300 Eriguaau-
869 3239 991 3289 Liburnis
1017 3239 1074 3303 (Od.
1099 3241 1126 3301 4,
1154 3241 1199 3302 37,
1223 3242 1297 3306 ab),
1327 3257 1395 3307 quae

304 3317 360 3365 tem
378 3315 425 3364 eut
441 3311 512 3363 nulla
530 3313 614 3362 estin
632 3313 683 3362 liae
700 3325 729 3361 re
742 3313 833 3362 aueto-
868 3313 1025 3364 celerrimae
1037 3313 1155 3377 quidem,
1174 3315 1225 3366 sed
1242 3317 1395 3368 triremibus

303 3390 368 3440 ritas
385 3387 526 3451 Scriptoris
547 3385 618 3450 Eleg.
638 3386 665 3436 in
683 3384 727 3436 ob.
747 3387 830 3436 blaee
869 3385 952 3437 multo
974 3386 1128 3438 humiliores
1151 3392 1227 3450 suut,
1254 3389 1306 3442 ibis
1329 3393 1395 3443 iuter

304 3463 349 3516 le:
369 3463 431 3513 Cum
444 3463 512 3526 freto
522 3461 639 3510 Niliacae
650 3464 767 3509 maaet
779 3459 833 3509 toto
868 3463 989 3524 ingentes
1002 3461 1058 3512 illas
1069 3463 1193 3515 triremes
1205 3466 1321 3523 numni,
1335 3479 1394 3517 eum

304 3539 424 3600 catinae,
438 3537 520 3588 Fortis
532 3536 711 3596 ereteiraem,
725 3534 833 3597 sortiset
868 3536 920 3585 hoe
945 3536 1170 3600 depugnaturus.»
1206 3539 1302 3601 (mnus
1323 3545 1393 3590 recle

304 3616 362 3662 mate
378 3614 473 3662 damam.
509 3611 576 3660 Nam
594 3607 671 3660 laelle
689 3607 734 3658 tali
751 3621 833 3672 exag—
868 3610 1394 3677 nuperquidamoltuupropopnumlu

304 3685 440 3748 geratione
459 3684 496 3733 uti
513 3685 631 3747 poterat,
654 3683 700 3746 qui
714 3682 760 3732 diu
769 3684 834 3746 post
868 3685 902 3736 de
921 3685 1044 3735 Caesaris
1061 3683 1147 3736 alasse
1164 3699 1258 3738 rursus
1276 3701 1339 3739 cum
1351 3701 1394 3739 au-

304 3759 464 3809 llaecenatis
477 3756 579 3809 obitum
601 3757 633 3820 la.
650 3770 677 3808 u.
688 3756 755 3818 tie.)
769 3758 834 3807 seri·
869 3758 1026 3823 tiquloribus
1037 3758 1138 3824 aliquot
1149 3761 1341 3826 interpretibus
1352 3776 1394 3812 eu·

304 3831 366 3896 psit.
380 3830 692 3882 Maeeenatembiburnis
705 3830 834 3895 praeibis·
867 3833 976 3897 posuit.)
998 3861 1025 3870 -
1043 3833 1152 3884 Actiaco
1174 3834 1277 3898 proelio
1300 3836 1394 3887 libur-
1500 3857 1501 3875 t

303 3920 333 3959 se
351 3907 378 3964 et
388 3903 527 3956 lloratium
539 3903 582 3954 illo
598 3905 694 3965 agente
706 3903 740 3954 ab
753 3907 832 3956 Oeta-
869 3920 965 3958 aarum
981 3905 1077 3958 auulie
1095 3909 1240 3973 praecipue
1254 3911 1343 3962 dctus
1354 3915 1394 3960 est

303 3982 381 4031 viarm
407 3977 553 4029 obtinuisse
584 3975 691 4028 militiae
714 3981 832 4030 vacatio-
868 3982 1005 4032 lemnius.
1024 3981 1117 4045 Veget.
1137 3981 1171 4033 de
1193 3984 1230 4034 lte
1248 3983 1303 4034 mil.
1321 3986 1350 4044 5.
1368 3983 1392 4034 3.

304 4068 367 4106 nem
379 4053 443 4104 item
456 4049 663 4102 Scholiastarum
680 4055 741 4104 suut
757 4066 832 4104 mera
869 4055 916 4107 Ed.
927 4057 983 4120 ltip.
997 4084 1024 4093 -
1030 4057 1235 4123 propugnacula]
1248 4056 1353 4108 Plinll.
1362 4059 1390 4108 ll.
1499 4075 1500 4080 ¹

303 4131 416 4180 somnia.
454 4127 537 4178 ecum
555 4125 655 4176 Caesar
683 4129 710 4176 et
732 4126 830 4180 milites
868 4130 909 4192 34,
924 4131 952 4179 t:
970 4129 1091 4181 bouem
1102 4131 1191 4182 dossas
1203 4132 1335 4195 inpensae
1349 4131 1392 4182 stu

303 4217 398 4254 omnes
414 4203 442 4252 et
458 4213 523 4252 vero
544 4201 624 4251 etiam
645 4201 785 4252 senatores
803 4205 831 4253 et
868 4205 978 4254 mom
998 4202 1208 4269 propupndeoto,
1235 4211 1262 4255 ot
1285 4207 1312 4256 ia
1327 4205 1392 4254 νιοη·
1498 4245 1499 4260 ,

302 4280 422 4342 aquosa-ta
431 4277 564 4342 diguitatis
575 4277 646 4328 viros
658 4277 828 4330 Brundisium
867 4291 965 4342 ονοονο
978 4283 1105 4343 pameas
1120 4281 1187 4332 netto
1203 4293 1217 4330 e
1232 4281 1321 4330 wis.
1339 4279 1392 4330 fle-

302 4353 452 4414 evooasset,
464 4346 533 4416 τοὺς
543 4353 610 4419 μέν,
621 4345 700 4415 ὅπως
711 4367 739 4404 τι
750 4366 828 4418 cap·
866 4350 964 4416 ltvoeq
981 4349 1107 4426 πύργους
1124 4355 1229 4406 Antonii
1246 4367 1329 4408 naves
1343 4353 1390 4404 lo-
