3002 4974
324 471 385 536 292
594 506 597 512 .
701 469 830 520 aonnrn
851 469 1018 520 cnnuruuu

493 627 626 694 Servata
648 634 777 692 eentum
799 623 943 691 clavibus
966 635 998 690 et
1019 645 1110 690 mero

535 747 645 834 Tinget
666 747 883 834 pavimentum
905 745 1066 832 superbe,

577 867 766 935 Pontificum
787 868 913 956 potiore
935 867 1057 934 coenis:

386 1070 426 1119 ab.
448 1069 550 1132 liupuet
566 1065 650 1128 Td,C,
678 1064 762 1117 Bentl.
784 1093 811 1100 -
838 1065 971 1127 superbam
988 1067 1006 1115 L
1024 1079 1039 1115 e
1058 1064 1158 1127 Codd.,
1176 1065 1292 1128 usperbtu
1307 1079 1361 1116 eor-

354 1147 442 1195 reetus
460 1145 517 1193 Vat.
537 1143 567 1192 Α.
586 1141 656 1206 apud
675 1142 768 1202 Feam,
787 1143 816 1189 ut
831 1139 953 1190 voluerat
969 1139 1104 1199 barthius,
1123 1141 1234 1202 seete
1251 1141 1283 1190 de
1300 1141 1361 1202 Lyn-

353 1218 428 1268 iordii
446 1220 473 1268 et
490 1218 618 1278 Cuniugh.
638 1217 705 1266 coni.
726 1217 752 1265 F.
779 1213 894 1279 (superbo
912 1213 1019 1265 firmam
1035 1213 1161 1276 BbSTcd,
1188 1227 1281 1266 ornnes
1298 1215 1359 1266 Cru-

352 1295 406 1357 quii
424 1296 451 1344 et
467 1293 601 1354 Pottierii.)
622 1318 649 1328 ·-
668 1291 709 1341 28.
728 1291 813 1340 ruente
829 1291 858 1339 T.
1207 1295 1209 1303 ⁴

319 1475 347 1534 2,
373 1473 416 1521 ⁴9:
443 1473 518 1522 lieres
538 1484 620 1530 uuus,
646 1482 718 1531 quun
738 1469 840 1532 ipuoro,
881 1467 972 1530 utique
990 1466 1091 1517 eliusae
1110 1479 1141 1516 ao
1158 1466 1333 1530 superbientis
1342 1463 1389 1515 lae·

317 1549 416 1610 sapiens
432 1561 467 1596 on
482 1548 571 1597 stultus
586 1546 688 1608 futurus
701 1545 745 1606 ait,
764 1544 843 1592 domi-
880 1543 960 1592 titius.
997 1543 1157 1605 Neutiquam
1178 1555 1243 1591 vero
1265 1543 1345 1605 agitur
1361 1539 1388 1588 de

316 1622 419 1672 nubitur
443 1623 470 1671 in
497 1621 624 1671 laboribus
650 1620 724 1682 meo,
754 1618 843 1681 quibus
878 1615 1017 1678 libatione,
1038 1616 1072 1666 de
1083 1617 1280 1682 propinatione,
1302 1617 1334 1666 de
1345 1617 1390 1665 eot-

317 1698 436 1747 ‹iesudaot
463 1701 486 1745 et
513 1696 631 1745 sollicitus
658 1695 704 1757 fui.
746 1695 781 1742 lit
807 1698 842 1740 ert
879 1691 956 1752 tabo,
974 1695 1004 1740 ut
1021 1689 1062 1740 alii
1079 1693 1129 1741 rati
1147 1694 1217 1742 sunt.
1253 1691 1389 1754 Quilegunt

316 1772 454 1834 quidquam
471 1775 523 1819 tom
538 1769 650 1818 uanum?
673 1766 842 1818 Ecclesiasti-
875 1767 1048 1828 pavimentum
1075 1766 1223 1829 epatisen,
1258 1765 1390 1828 intelligunt

317 1859 364 1895 cus
383 1845 428 1906 ll,
447 1843 477 1894 l:
506 1845 554 1905 Qui
577 1849 679 1894 manat
701 1855 734 1891 err
756 1843 841 1891 anieno
879 1841 1020 1892 artificiose
1039 1840 1208 1902 tesselatum,
1228 1844 1257 1891 ut
1274 1843 1314 1892 est
1329 1841 1388 1902 virg.

314 1933 359 1970 suo
376 1920 466 1968 intruis
481 1919 539 1967 ultis
554 1921 704 1980 conpreput,
722 1921 746 1966 et
762 1918 789 1965 in
801 1916 842 1965 bo-
879 1919 943 1964 Aen.
963 1917 992 1978 7,
1013 1917 1057 1965 ti:
1077 1917 1192 1977 teettsmoe
1208 1915 1331 1978 uapor-bis,
1351 1917 1391 1964 le·

315 1994 355 2042 nir
370 1991 438 2042 illiue
454 1991 520 2042 utare
536 1991 717 2042 luxuriabitur.
739 2016 766 2026 —
785 2003 842 2040 cen-
878 1989 962 2040 lianus
984 1990 1056 2054 apud
1077 1990 1184 2040 Suidam
1207 2004 1234 2054 p.
1253 1991 1294 2041 28.
1320 1992 1391 2040 Bern-

315 2071 368 2116 tum
389 2065 508 2129 claustro]
527 2063 679 2130 Hyperbole
697 2077 746 2129 pro
765 2063 840 2113 udili—
878 2064 975 2126 hardy:
990 2057 1058 2126 ὕφει
1067 2066 1122 2116 τινὶ
1135 2059 1320 2135 ὑπερηφάνῳ.
1335 2061 1388 2128 (vid.

316 2141 496 2204 gentissime.»
878 2139 998 2203 inprimis
1032 2141 1099 2190 Hoss
1131 2142 1227 2190 annot.
1258 2142 1284 2190 in
1312 2141 1388 2190 Horat.

878 2225 961 2262 earm.
988 2213 1075 2277 Spioil.
1101 2227 1126 2277 p.
1151 2213 1186 2278 l.)
1213 2215 1298 2264 Minus
1323 2215 1390 2263 etiam

346 2292 388 2342 27.
420 2291 513 2356 Ttupet]
543 2288 651 2340 «colore
678 2291 731 2339 vini
757 2289 839 2339 rubro
878 2289 1061 2352 respiciendae
1088 2289 1151 2339 sunt
1169 2287 1298 2338 lectiones
1315 2299 1390 2350 urpa-
1476 2295 1477 2304 ¹

313 2365 497 2429 pavimentum
525 2363 627 2416 triclinii
656 2375 839 2413 marmoreum
877 2363 925 2424 bis,
947 2363 1162 2413 commendatae
1181 2365 1282 2427 Toupio
1299 2363 1331 2414 ad
1345 2362 1390 2411 Sui

315 2439 440 2488 inficiet.»
466 2465 493 2474 -
516 2452 585 2487 mero
601 2465 616 2473 -
633 2464 647 2473 -
663 2437 775 2500 superbo]
797 2437 839 2486 Sio
878 2437 939 2488 dam
957 2439 981 2488 Ξ.
998 2450 1024 2501 p.
1038 2437 1094 2486 539.
1116 2438 1186 2499 (oum
1206 2439 1389 2502 Pontificum·-

314 2513 407 2577 optimi
423 2513 523 2576 quique
542 2511 626 2561 Codd.
647 2514 717 2562 blero
729 2512 779 2575 ipsi
796 2525 840 2561 su·
876 2525 968 2561 coenae
983 2524 1034 2575 per
1050 2525 1080 2562 se
1093 2513 1190 2562 inerint
1200 2513 1327 2574 oeperbae,
1343 2511 1390 2574 opi·

313 2586 408 2651 perbis
428 2585 579 2636 attribuitur
599 2599 645 2647 eo,
670 2586 743 2649 quod
763 2600 840 2649 prae-
877 2599 972 2650 purae,
1002 2585 1189 2649 lautissimae),
1217 2590 1245 2638 et
1269 2587 1387 2650 autpertus,

314 2662 427 2712 stantiae
444 2674 508 2711 suae
525 2660 660 2710 conscium
674 2661 749 2722 quasi
760 2660 840 2710 insul·
878 2661 915 2722 (ut
931 2661 1152 2721 berea-superbio
1167 2660 1218 2710 alio
1236 2661 1317 2712 modo
1331 2659 1388 2726 petri
1476 2707 1477 2718 ,

316 2737 353 2786 tet
368 2737 531 2800 pavimento.
562 2735 666 2784 Etenim
678 2733 794 2797 loquitur
805 2736 838 2785 de
877 2733 1065 2798 insultatapud
1084 2735 1230 2788 Martialem
1242 2738 1271 2798 8,
1290 2736 1333 2796 ii,
1352 2735 1389 2784 u-

313 2810 466 2874 proiusione
479 2811 589 2873 propter
600 2809 752 2879 παροινίαν
763 2808 838 2860 solita
877 2810 937 2872 ra),
957 2822 1019 2859 cum
1037 2813 1065 2860 et
1080 2811 1149 2860 bores
1166 2813 1219 2862 iam
1230 2812 1327 2862 habeat
1337 2809 1388 2860 ἐπὶ·

315 2885 341 2934 in
359 2882 504 2935 heluonum
522 2882 614 2948 epuliS,
634 2883 745 2934 tortasse
758 2886 838 2935 etiarn
875 2883 961 2933 θετον
978 2885 1079 2948 diutior
1091 2887 1118 2933 et
1129 2886 1216 2936 minus
1229 2888 1329 2951 poetice
1340 2887 1387 2950 ipse

314 2959 348 3010 de
365 2959 525 3024 pytismatis.
561 2959 615 3009 Cic.
632 2957 740 3023 Philipp.
754 2961 782 3020 i,
795 2960 836 3011 tr.
877 2958 980 3008 meatur
1012 2959 1131 3020 uiperbtu
1164 2974 1247 3025 quam
1280 2971 1385 3016 merum.

314 3034 348 3085 de
383 3034 507 3083 Antonio:
543 3033 667 3082 nutabunt
693 3035 840 3096 putrimenta
876 3032 949 3097 quod
965 3033 1108 3097 profundit.

313 3109 387 3169 uiuo,
413 3107 547 3158 madebunt
572 3109 689 3170 parietes.
731 3111 836 3158 Petron.
908 3107 949 3158 28.
975 3108 1121 3170 Pontificum
1142 3109 1249 3173 potiore]
1278 3109 1385 3172 «potiore

315 3183 359 3234 38:
376 3183 433 3245 plur
448 3183 501 3232 uiui
518 3181 562 3231 sub
577 3183 840 3246 aunemueffitndebo-
876 3195 909 3232 so
925 3183 1001 3243 vino,
1020 3182 1094 3246 quod
1110 3185 1203 3246 potant
1219 3183 1386 3248 pontificesin

315 3263 371 3318 tur,
403 3270 480 3319 quam
505 3256 597 3318 aliquis
621 3258 648 3305 tn
672 3257 735 3306 celto
758 3256 837 3308 babet.
876 3255 961 3321 epulis
987 3255 1037 3308 illis
1063 3256 1251 3320 sollemnibus,
1279 3257 1387 3321 quaein

315 3332 415 3380 Vitruv.
435 3331 465 3390 7,
484 3329 514 3392 i,
533 3331 562 3380 a:
581 3332 609 3379 lo
625 3333 745 3382 conviviis
762 3334 841 3382 Grue-
875 3331 1049 3395 proverbium
1066 3331 1212 3382 abierant.»
1231 3331 1337 3384 Mertiel.
1353 3331 1385 3386 li,

314 3418 402 3454 conon
418 3405 635 3454 hibernaculorum
651 3411 674 3454 et
691 3408 841 3468 quodpoeu—
875 3405 921 3466 ta,
941 3406 986 3456 ⁴2:
1004 3407 1061 3455 Nou
1076 3407 1174 3456 Attum
1190 3405 1388 3456 ministrarat·

315 3479 379 3530 ttset
390 3479 695 3543 putiamuttseffitudttur‚
713 3481 840 3531 amulcu-
874 3481 939 3530 satio
955 3482 1032 3542 tanti,
1055 3481 1106 3531 Neo
1127 3482 1284 3543 Capitolinae
1298 3479 1387 3542 Pontit·

315 3554 351 3603 att
378 3555 541 3616 siccaturque.
583 3555 673 3605 luven.
701 3557 747 3617 tt,
776 3555 837 3605 t73:
875 3569 980 3617 auoque
1001 3557 1085 3618 dapes.
1115 3555 1234 3606 biaorob.
1254 3559 1306 3607 Sat.
1323 3557 1349 3614 i,
1365 3551 1384 3600 9.

317 3628 365 3690 Qui
380 3629 603 3679 Lmedaemootum
615 3631 749 3692 ppttonate
760 3631 840 3680 lubri-
875 3629 921 3678 ubi
938 3629 1018 3679 index
1036 3643 1136 3680 coenae
1154 3629 1251 3680 Metelli
1268 3627 1386 3695 pontifiois

315 3707 357 3751 eut
384 3700 474 3752 orbem.
513 3702 588 3753 idem
617 3717 676 3754 mos
701 3704 841 3755 obtinebat
876 3705 984 3754 maximi
1001 3704 1118 3754 effertur.
1142 3705 1298 3768 asyndeton
1309 3705 1386 3754 eutem

316 3774 387 3838 apud
404 3777 507 3826 Persas.
531 3776 602 3827 italis
620 3778 755 3828 ilemmeri
772 3780 791 3828 l.
811 3791 837 3842 p.
874 3779 1108 3841 uuerbe-potiore
1133 3779 1264 3843 signifieat
1290 3779 1386 3844 propter

317 3852 344 3898 t:
374 3849 449 3913 Fotpe
473 3851 529 3900 dem
555 3852 641 3902 Warte
665 3853 706 3902 des
732 3853 838 3903 Wtrtba:
875 3853 944 3902 hano
969 3854 1054 3917 ipsam
1079 3855 1286 3916 generositatem
1307 3853 1385 3902 vinum

315 3923 396 3974 Fc'trbe
412 3926 458 3976 den
477 3925 578 3988 l'eppieb
594 3928 641 3976 rub
658 3928 746 3978 Weinl
764 3930 839 3979 actus
873 3927 1007 3990 remobens
1023 3929 1121 3979 voeari.
