3080 4980
687 364 814 414 llOllATll
833 363 1002 416 clamauit

426 521 492 588 Nec
513 531 578 586 lam
600 521 748 586 Larissae
771 519 931 606 percussit
952 537 1086 604 campus
1109 517 1256 604 opimae,

515 643 619 721 Onam
640 639 757 707 domus
779 639 943 736 Albuneae
967 638 1148 705 resonantis

426 803 465 866 Et
486 819 643 887 praeceps
665 799 745 865 Anio
768 818 806 865 ac
828 797 958 864 Tiburni
981 797 1073 863 lucus
1097 805 1129 862 et
1151 795 1215 863 uda
1310 871 1325 884 ,

510 919 680 988 Mobilibus
701 919 847 1007 pomaria
868 917 955 984 rivis.

362 1141 401 1190 l3.
420 1141 458 1204 ac]
477 1145 500 1190 et
522 1140 551 1201 S,
571 1137 650 1189 LCtF.
670 1151 716 1186 «ac
736 1148 831 1186 omnes
848 1134 904 1184 tere
922 1133 1024 1184 Codd.»
1042 1133 1134 1184 Burri.
1170 1133 1216 1198 (Ae
1232 1133 1352 1184 tiburtini

329 1216 399 1265 incus
409 1219 433 1265 et
439 1226 544 1276 preceps
554 1213 614 1262 anio
626 1216 649 1262 el
660 1213 712 1261 uda
723 1210 764 1275 T.)
779 1237 805 1245 -
820 1209 859 1260 lt.
870 1210 986 1271 pannio
997 1209 1025 1270 T,
1038 1207 1111 1270 βκω,
1125 1221 1193 1258 corr.
1207 1223 1233 1269 ν,
1245 1222 1287 1273 pr.
1300 1209 1350 1270 χΙ).

296 1395 484 1472 καρτεροῦοα.
528 1398 654 1463 aspasius
680 1397 714 1447 ad
741 1398 818 1448 inst.
857 1397 882 1456 b,
900 1396 942 1456 Ἠ,
961 1396 1001 1445 77.
1021 1394 1087 1447 Plut.
1106 1397 1169 1458 Lyo.
1189 1396 1245 1446 is:
1263 1391 1389 1446 menia

295 1477 354 1528 Elh.
382 1475 406 1536 l,
433 1475 461 1524 7:
491 1469 626 1534 Λάκωνες
653 1467 820 1543 ἐγκράτειαν
857 1465 909 1521 νῦν
926 1466 1047 1535 ἐφήβων
1065 1465 1189 1532 πολλοὺς
1201 1468 1247 1520 ἐπὶ
1258 1467 1310 1520 τοῦ
1328 1469 1391 1531 βω-

294 1564 359 1599 aloa
375 1550 425 1599 acl
442 1549 594 1619 καρτερίαν
611 1543 820 1612 ἐπαγγελλόμε-
856 1542 915 1610 μοῦ
933 1541 986 1610 τῆς
1000 1538 1118 1614 Ὀρθίας
1130 1539 1297 1613 ἑωράκαμεν
1308 1540 1390 1594 οἱκο-

294 1639 350 1675 νοι.
391 1624 533 1675 «Patientia
559 1625 600 1672 est
625 1635 717 1672 rerum
739 1620 821 1670 dura·
857 1616 1040 1684 θνήσκοντας
1061 1623 1125 1680 ταῖς
1147 1617 1278 1684 πληγαῖς.
1313 1621 1387 1670 Max.

295 1712 356 1750 rum
382 1712 414 1748 ac
440 1696 585 1748 difficilium
607 1700 686 1759 alque
711 1709 822 1758 aspera-
858 1696 919 1756 Tyr.
939 1695 980 1754 29,
999 1695 1024 1742 i.
1059 1694 1108 1743 Dio
1126 1693 1263 1754 chrysost.
1283 1695 1327 1744 Or.
1341 1695 1386 1744 25.

295 1771 688 1835 mmvoluntariaperpessio.»
705 1771 819 1819 Bnouua.
857 1781 884 1832 p.
904 1769 960 1817 ato.
979 1769 1024 1818 a:
1045 1763 1216 1837 Λυκούργου
1228 1764 1389 1818 κελεύσαν-

296 1847 331 1897 ad
348 1846 405 1896 Tib.
425 1846 449 1906 3,
462 1847 487 1906 i,
501 1847 525 1894 5.
548 1844 601 1894 Cir.
616 1846 737 1906 Ungerp.
752 1842 820 1903 38³.,
858 1855 908 1904 τος
928 1835 970 1892 ἔτι
991 1839 1043 1892 νῦν
1063 1838 1272 1907 μαστιγοῦνται
1289 1841 1389 1893 Λακε-

295 1921 341 1984 qui
359 1919 432 1968 addit
449 1919 527 1969 Corn.
547 1919 612 1980 Nep.
626 1916 681 1967 Alc.
696 1916 740 1965 ll:
759 1929 822 1965 enn-
857 1912 1003 1981 δαιμόνιοι
1037 1917 1087 1966 κο)
1119 1913 1300 1987 θυραυλοῦσι
1334 1918 1389 1967 καὶ

295 1996 351 2043 dem
375 1992 445 2054 apud
468 1992 687 2050 Lacedaemonios,
715 2004 822 2052 οιιοναυι
857 1988 1072 2058 γυμνητεύουσι
1100 1991 1151 2041 καὶ
1183 1983 1257 2041 ἄλλα
1290 1988 1388 2042 πολλὰ

295 2065 606 2118 nmmumnmaoirluc
621 2065 821 2126 inpatientia
857 2067 907 2116 nal
928 2062 1040 2126 χαλεπὰ
1065 2062 1190 2129 δόξαντα
1215 2060 1255 2114 (ἲν
1276 2065 1389 2136 ἑτέροις

291 2139 446 2203 ponebatur,
472 2141 508 2189 sic
533 2139 642 2190 duritiae
666 2153 692 2188 se
719 2139 820 2200 manso,
857 2135 1022 2201 ἀνέχουσιν.
1044 2168 1072 2176 -
1096 2140 1225 2204 percussit]
1245 2142 1382 2202 «Larissa,

294 2221 324 2266 nt
346 2216 506 2278 parsimonia
532 2216 612 2264 victus
639 2220 715 2276 alque
742 2214 822 2263 cutim
858 2214 1008 2265 Thessaliae
1021 2213 1095 2275 urbs,
1114 2215 1288 2265 admiratione
1301 2218 1387 2278 alque

294 2289 723 2340 omnesLacedaomoniosuincerct.
738 2287 822 2348 Quiu-
858 2302 949 2339 amore
968 2301 1012 2339 me
1030 2290 1187 2353 permovit.»
1218 2315 1246 2324 -
1276 2289 1386 2353 optume]

295 2363 331 2414 til.
356 2365 380 2426 3,
403 2365 427 2424 7,
449 2364 494 2416 al:
529 2365 614 2414 Minus
638 2365 822 2413 Laccdaenone
857 2364 965 2414 Homeri
1000 2366 1042 2413 est
1068 2359 1202 2434 Λάρισσα
1230 2359 1385 2433 ἑριβῶλοιξ.

293 2439 378 2488 studia
399 2451 476 2500 quam
496 2437 595 2487 Alienis
614 2437 715 2486 bonor-is
739 2449 821 2486 mere-
857 2436 930 2488 lliad.
949 2435 978 2497 β,
997 2436 1054 2487 ull.

295 2513 402 2571 bunnam
425 2512 484 2573 plus
500 2512 669 2573 patientia,
690 2513 819 2576 fortitudo.
891 2513 931 2560 ti.
951 2513 1038 2560 dotales
1054 2511 1088 2560 de
1105 2513 1182 2561 antro
1198 2512 1387 2576 Nympharum

294 2586 397 2637 Eodem
425 2599 507 2636 seusu
538 2587 646 2649 Diogeni
673 2588 822 2649 patientiam
858 2587 939 2637 etiam
965 2588 1083 2650 Properl.
1112 2587 1136 2647 l,
1163 2587 1204 2646 20,
1228 2587 1272 2637 sl:
1301 2589 1387 2638 Grato

295 2659 387 2710 tribuit
407 2661 472 2724 Epp.
497 2661 521 2718 l,
546 2661 585 2720 ll,
603 2662 643 2710 ab.
678 2659 736 2711 Noli
756 2675 821 2710 roro
858 2662 944 2710 ἀσιυυσ
968 2661 1090 2722 Nnmptts
1113 2660 1217 2710 inuida
1240 2662 1384 2722 prniaun.

295 2747 358 2784 cum
387 2736 490 2798 Ungero
519 2735 687 2798 interpretari
716 2736 822 2784 nimiam
860 2761 887 2769 -
905 2733 1024 2796 Albunea,
1044 2732 1142 2796 Sibylla
1160 2747 1182 2785 s.
1200 2736 1324 2798 Nympha
1334 2749 1386 2786 va·

294 2808 481 2874 frnpattlaterm
499 2806 556 2859 laus
574 2812 627 2868 est,
647 2823 700 2859 non
716 2811 821 2874 vitupe-
857 2809 982 2870 ticinum,
1002 2822 1071 2872 quae
1089 2807 1178 2858 Tiburi
1195 2812 1225 2859 ut
1241 2809 1293 2859 dea
1310 2809 1386 2860 cole-

295 2885 371 2934 ratio.
405 2909 432 2918 -
464 2882 668 2933 «Lacedaemon
699 2887 820 2948 tempore
858 2884 945 2934 batur.
965 2883 1019 2934 Cir.
1037 2885 1103 2934 Aen.
1123 2884 1147 2943 7,
1166 2883 1277 2935 8a-8t:
1300 2885 1386 2936 lucos-

296 2957 394 3008 lloratii
412 2968 465 3006 nou
484 2959 542 3006 erat
560 2957 671 3019 patiens,
694 2958 743 3008 sed
765 2958 821 3008 dis·
859 2972 906 3021 quo
926 2959 970 3008 sub
991 2959 1047 3007 alta
1063 2959 1173 3009 Consulit
1191 2959 1315 3020 Albunea,
1338 2974 1386 3010 no-

295 3031 387 3082 solutis
404 3029 533 3082 moribus.
561 3033 593 3082 El
605 3034 767 3096 comparatio
780 3034 822 3084 est
857 3047 957 3083 morian
981 3047 1046 3096 quae
1069 3034 1186 3083 mamona
1209 3047 1283 3084 sao-o
1307 3034 1387 3084 Fonte

294 3107 397 3170 inepta:
416 3107 519 3158 Larissa
538 3119 581 3156 me
598 3108 731 3170 percussit
748 3107 822 3158 lerti-
857 3113 946 3157 sonat
962 3121 1112 3171 summaque
1120 3109 1223 3158 maala
1233 3121 1314 3170 opaca
1329 3121 1386 3159 υκ-

295 3179 380 3241 litate,
411 3179 492 3231 Tibur
516 3179 605 3242 silvis,
635 3182 821 3233 Lacedaemon
856 3183 952 3245 pillim.
979 3209 1006 3218 —
1030 3184 1069 3233 Ex
1088 3181 1189 3245 volgari
1210 3183 1333 3245 opinione
1357 3185 1386 3232 et

235 3283 236 3289 =
295 3256 430 3319 patientia.
466 3256 536 3318 Lege
553 3256 651 3318 spatiis
669 3255 754 3318 longis
771 3257 821 3306 de·
857 3256 955 3319 Virgilii
980 3260 1007 3307 et
1033 3257 1131 3307 Horatii
1156 3255 1206 3307 loci
1231 3257 1386 3307 referuntur

296 3327 547 3380 ambulationibus.»
582 3329 742 3379 Ounannour.
765 3333 822 3381 lla-
858 3330 893 3380 ad
910 3343 994 3393 aquas
1011 3329 1141 3380 sulfureas
1159 3344 1221 3380 cum
1235 3329 1327 3381 insulis
1338 3344 1387 3382 ua-

297 3404 336 3466 gis
354 3402 435 3452 etiam
446 3402 513 3451 mire
526 3401 690 3452 Praedioorr:
707 3417 820 3464 pascois.
859 3403 988 3463 lantibus,
1018 3404 1097 3453 hodie
1122 3407 1206 3466 Acone
1228 3404 1314 3455 Allrnb
1339 3405 1385 3454 di-

296 3478 354 3526 Non
366 3475 546 3524 meminerant
555 3475 706 3538 praedicari
717 3476 821 3528 solitam
859 3479 924 3527 ctas.
959 3478 1037 3528 Teste
1059 3478 1165 3542 Nlbbyo
1182 3479 1299 3542 (Viappio
1316 3479 1336 3528 l.
1351 3491 1383 3542 p.

297 3548 572 3600 Lacedaemoniorum
585 3549 751 3610 potientium·
770 3554 820 3602 est:
859 3552 926 3615 loa.)
949 3554 1066 3604 nemoris
1087 3555 1198 3616 vestigia
1218 3555 1384 3604 circumeas

297 3622 499 3674 «Lacedaemon
533 3620 575 3672 illa
603 3625 658 3674 lam
687 3624 822 3676 celebrata
859 3627 1011 3676 etiamnunc
1027 3629 1184 3691 supersunt3
1205 3627 1254 3678 sed
1272 3639 1385 3691 συστασ-

296 3698 407 3762 propter
423 3697 620 3748 severissimam
642 3711 720 3749 suam
741 3700 822 3752 disci·
858 3699 893 3750 do
918 3715 944 3750 v.
970 3715 1061 3752 sonmo
1081 3701 1115 3751 de
1137 3701 1320 3764 stagnantibus
1341 3701 1384 3751 his

291 3769 396 3834 ¹plinam
413 3783 446 3820 ac
461 3769 535 3833 leges
552 3772 691 3834 Lycurgi.»
713 3775 823 3838 Propter
858 3774 970 3826 lacubus
987 3779 1078 3840 aptum
1097 3776 1187 3837 luerit,
1211 3776 1289 3826 hodie
1310 3777 1384 3826 certa

296 3841 331 3894 τὸ
357 3849 456 3895 πονεῖν
477 3841 550 3895 εἶναι
571 3842 713 3908 δυνατοὺς
738 3850 823 3898 Lace·
859 3863 911 3900 non
928 3852 1095 3914 perspicitur.
1127 3852 1177 3900 Fen
1195 3851 1385 3915 iuterpretatur

297 3919 454 3971 daemonius
471 3918 561 3970 laudat
577 3921 672 3972 Critias
686 3923 772 3986 Bergk
793 3938 819 3988 p.
859 3925 908 3975 «de
926 3924 1025 3988 templo
1042 3923 1130 3989 paullo
1147 3928 1209 3975 ante
1226 3926 1296 3975 hanc
1312 3924 1383 3974 oden

297 3993 365 4050 ltu,
385 3995 412 4043 et
429 3995 621 4058 significanter,
640 3999 748 4048 auctore
761 3996 822 4047 Plu·
859 4012 875 4049 a
891 4001 919 4049 L.
939 3999 1022 4049 Caelio
1039 4001 1183 4060 exstructo,
1202 4001 1278 4050 cuius
1295 3998 1385 4049 adhuc

297 4067 390 4118 tancho
412 4067 509 4131 Agesil.
534 4071 571 4130 1.,
591 4071 740 4122 Simonides
757 4072 822 4123 dixit
859 4075 963 4122 exstant
979 4074 1095 4136 insignes
1107 4071 1233 4137 reliquiae
1246 4073 1330 4124 torma
1342 4085 1384 4122 ro-

297 4143 419 4205 sparlam
435 4140 683 4214 ὄαμοσίμβροτον.
713 4146 822 4196 Ouden-
849 4146 966 4200 lunda.»
1001 4147 1052 4200 Sed
1076 4150 1168 4212 poeta,
1196 4149 1225 4198 ut
1246 4149 1272 4198 in
1293 4160 1381 4210 seqq..

298 4216 421 4280 ‹lorpium
442 4219 506 4268 satis
528 4217 623 4268 refellit
641 4221 695 4270 Cio.
715 4219 819 4271 Tuscul.
858 4221 901 4270 hic
917 4225 1050 4272 memorat
1066 4223 1147 4272 situm
1159 4221 1237 4273 huius
1249 4221 1327 4272 lautu
1338 4233 1385 4270 na-
