3002 4974
594 519 598 526 .
696 469 823 520 uonaru
843 469 1012 522 onnuruuu
1079 437 1083 446 '

436 625 599 691 Tantalum
623 637 720 713 atquo
744 624 863 690 Tantali

480 749 589 814 Genus
612 754 754 820 (rubrosi,
778 745 830 811 hio
852 744 960 810 lavaro
984 747 1124 812 lunatum

410 875 414 884 '
436 871 628 956 Pauporem¹
642 867 812 935 laboribus

478 993 615 1056 Vocatus
638 999 734 1076 atque
757 1009 821 1055 non
844 997 977 1054 vocatus
1001 987 1098 1054 audit.
1350 991 1385 1054 tu

309 1192 356 1241 stis
373 1191 407 1239 ila
424 1187 540 1252 loquitur
555 1199 579 1236 ν.
592 1187 657 1236 252:
677 1182 786 1234 νεκύων
802 1181 833 1234 δὲ
871 1188 954 1245 taxat,
968 1186 1013 1248 qui
1026 1187 1144 1245 vocavlt;
1164 1186 1211 1237 sed
1223 1201 1271 1251 por
1281 1187 1386 1250 brachy-

311 1261 458 1332 πορθμεὺς
472 1289 486 1298 -
502 1257 609 1331 Χάρων
625 1259 653 1325 μ’
671 1253 726 1325 ἤδη
743 1257 832 1308 καλεῖ.
870 1258 966 1322 logiam
985 1261 1054 1309 hunc
1072 1263 1202 1311 contraxit
1218 1263 1384 1313 sententiam:

311 1339 471 1388 Ctrarontam
489 1338 579 1386 autem
598 1345 678 1384 nemo
694 1334 836 1384 invocabat
872 1335 1026 1398 «pauperis,
1054 1335 1099 1398 qui
1125 1337 1150 1384 in
1175 1336 1225 1386 hac
1243 1339 1293 1386 vita
1311 1337 1385 1386 multa

310 1415 340 1462 ut
356 1412 446 1462 deum.
871 1407 939 1458 mala
951 1421 1097 1472 perpessus
1108 1412 1164 1471 est,
1184 1411 1324 1461 miseretur
1335 1413 1385 1461 sive

871 1481 905 1531 ab
924 1495 956 1530 eo
976 1484 1129 1544 invocatus,
1149 1486 1205 1534 sire
1223 1499 1275 1535 nou
1289 1487 1386 1535 invoca·

343 1560 431 1611 tlt-tu.
455 1559 552 1610 ramata·
575 1557 675 1622 Geumi
693 1555 832 1622 Pelopem,
870 1559 929 1617 tus,
953 1569 1070 1620 eumque
1088 1556 1185 1608 levat.»
1219 1561 1323 1612 Minime
1344 1573 1388 1608 nu-

310 1639 429 1697 Alreum,
447 1637 684 1696 agamemnonem,
702 1633 832 1682 Orestem.
871 1633 941 1692 tem,
966 1635 995 1682 ut
1016 1632 1098 1683 voluit
1115 1648 1266 1696 nonnemo,
1286 1637 1325 1686 est
1339 1629 1385 1684 ἀν-

313 1739 340 1747 -
364 1710 525 1761 lnfinitivum
548 1708 631 1756 levore
652 1705 747 1757 melius
769 1720 836 1758 con·
870 1705 980 1768 τίθεσις
1008 1707 1077 1757 inter
1107 1709 1238 1760 Tantalum
1268 1710 1384 1774 impium.

310 1787 397 1836 strues
415 1796 476 1833 cum
494 1783 630 1847 participio
646 1783 750 1830 Vocatus
762 1782 835 1845 (nno-
870 1779 1031 1843 looupletom
1049 1795 1080 1832 ao
1101 1785 1254 1846 potentem,
1283 1789 1309 1835 at
1326 1797 1386 1846 poa-

311 1863 399 1919 oatus,
418 1861 448 1907 ut
464 1857 557 1919 lovel»)
575 1869 656 1919 quam
674 1856 835 1904 tonora-n
867 1868 967 1918 puoto,
1003 1856 1180 1908 innocentem.
1230 1859 1304 1920 (lluio
1331 1871 1386 1908 soo-

311 1935 390 1983 nmlil.
412 1931 522 1995 [Lambl
544 1958 570 1966 —
588 1929 835 1993 structum-utori-
872 1931 954 1980 currit
977 1943 1063 1992 mors,
1092 1931 1165 1982 illum
1188 1933 1277 1983 redire
1300 1934 1384 1984 lmstra

312 2008 363 2071 bur]
382 2007 521 2070 Euripides
537 2007 563 2056 in
580 2005 747 2068 Cresphonte
764 2004 835 2069 apud
872 2005 1025 2068 cupientem
1048 2007 1164 2057 aeternis
1193 2007 1303 2058 vinculis
1329 2007 1384 2056 reti·

312 2083 366 2132 Cic.
386 2082 462 2130 Tuso.
483 2083 510 2140 l,
530 2079 578 2140 l8,
598 2079 658 2129 tts:
680 2080 724 2139 qul
740 2079 836 2128 laboras
852 2073 854 2084 '
872 2082 919 2129 net
934 2091 967 2128 ao
983 2079 1076 2142 punit.)
1101 2080 1213 2131 «alludit
1229 2078 1383 2132 Horatiusad

310 2163 390 2206 morto
397 2157 596 2220 fluissetpraom.
607 2180 634 2190 —
649 2156 837 2215 Vocatumque
873 2154 1040 2204 notissimam
1058 2154 1180 2206 tabellam
1199 2156 1233 2206 de
1251 2169 1313 2206 sone
1325 2155 1385 2206 llor-

311 2232 482 2296 nouoooutus]
499 2229 575 2294 Apud
593 2229 712 2292 Thucyd.
731 2231 758 2289 l,
778 2229 834 2279 tt8.
872 2232 928 2280 tem
945 2232 1099 2290 invocante,
1119 2233 1148 2280 ut
1159 2230 1210 2282 sibi
1223 2246 1290 2282 onus
1301 2230 1384 2281 leret·

311 2301 400 2367 αὐτὸς
425 2304 533 2370 [Apollo]
553 2298 837 2370 erp,§ollri1pao·9m
874 2305 956 2354 Hatra,
976 2303 1096 2354 l'alrellaa
1114 2308 1203 2356 muron
1222 2307 1386 2370 ipsiusleso·

312 2381 361 2431 nat
372 2376 630 2444 παρακαλούμενος
643 2373 835 2444 καὶᾶκλητος.
874 2380 933 2443 piae
959 2380 1007 2430 Ed.
1036 2381 1097 2430 Cor.
1125 2382 1166 2430 20.
1192 2393 1219 2444 p.
1240 2381 1279 2432 ta.
1302 2391 1386 2430 semus

315 2482 342 2490 -
356 2453 435 2516 audit]
453 2455 561 2517 Proprie
572 2455 676 2504 eaoudr't
688 2465 751 2504 eoru
763 2453 838 2504 dum·
873 2453 952 2518 plano
971 2459 1012 2506 ast
1029 2453 1160 2506 diversus.
