3014 4978
477 471 537 522 ure.
556 473 598 523 ιιι.
634 471 663 524 c.
681 471 757 526 ιιι.
1129 474 1192 541 517

195 626 304 704 Dicar,
328 647 394 715 qua
415 625 539 694 violens
561 627 719 716 obstrepit
739 627 874 697 Aufidus
1150 632 1192 696 to

194 748 231 814 lit
251 768 316 836 qua
337 768 462 836 pauper
484 767 590 836 aquae
611 750 746 816 Daunus
767 752 942 838 agrestium

194 871 347 958 Regnavit
368 868 577 958 populorum,
602 889 642 936 ax
663 870 776 936 humili
797 881 913 959 potens

192 1027 346 1115 Princeps
367 1025 515 1094 Aeolium
537 1047 667 1094 carmen
689 1026 730 1093 ad
753 1027 849 1094 Italos

174 1209 212 1258 ta.
231 1205 443 1272 limatorbcss.
466 1205 597 1270 (armavit
615 1207 662 1268 DS,
684 1205 774 1258 Dland.
797 1210 861 1271 tres,
879 1206 914 1278 γξ
934 1213 962 1261 et
979 1225 1021 1276 pr.
1042 1229 1069 1274 κ,
1091 1215 1157 1266 Ροιι.

142 1281 217 1346 octo.)
235 1281 261 1333 ll
278 1281 372 1344 iungit:
391 1280 513 1345 llegnooit
525 1281 678 1343 ροριιιοηιιιι
694 1295 727 1332 σω
742 1284 830 1334 limiti
843 1290 931 1348 potans
948 1287 1082 1352 (Daunus).

112 1430 201 1482 Vestae
217 1429 546 1482 smerdotemvocatovid.
560 1431 629 1481 Fast.
667 1431 729 1482 nich
754 1434 884 1484 construit
909 1449 960 1498 pun
985 1437 1122 1500 agrestium
1144 1451 1192 1500 po-

113 1505 213 1568 ι,699.
663 1507 800 1569 pannum,
838 1509 944 1571 idest,
980 1513 1009 1562 ut
1034 1512 1086 1574 ait,
1123 1525 1191 1576 «qua

141 1581 179 1631 to.
196 1579 286 1645 Dicar]
306 1581 406 1629 «Grato
423 1579 511 1630 animo
528 1591 631 1630 memo-
666 1582 812 1645 agrestium
822 1581 984 1647 populorum
998 1585 1105 1649 regione
1122 1587 1193 1637 Dau-

113 1655 204 1706 rabunt
220 1655 334 1720 posteri,
352 1666 406 1714 me,
426 1653 563 1704 hominem
576 1653 630 1701 lle·
666 1667 717 1708 nus
747 1658 892 1720 regnavit.»
921 1686 949 1694 -
984 1671 1018 1710 aa
1045 1660 1133 1710 tumlti
1146 1674 1193 1722 ρο-

113 1725 630 1792 nusinum,primumsapplmsetllcael
666 1731 731 1794 tens]
760 1732 829 1793 «Ego
857 1731 949 1782 humili
972 1731 1032 1785 loco
1055 1735 1133 1784 natus
1150 1734 1192 1784 in·

110 1803 197 1866 poesin
219 1801 334 1874 lyricam
355 1803 445 1852 Latine
466 1799 629 1851 aemulatum
666 1806 736 1868 genii
759 1806 812 1856 mei
837 1819 887 1871 ope
905 1805 940 1856 ad
958 1821 1019 1858 eam
1036 1810 1106 1858 vilae
1124 1822 1192 1860 con-

111 1892 191 1930 esse.»
209 1880 253 1930 Sic
271 1879 342 1928 enim
366 1877 512 1928 ordinanda
534 1875 627 1938 verba,
666 1879 800 1930 dicionem
811 1881 933 1944 perveni,
954 1895 1007 1946 qua
1019 1883 1083 1934 satis
1095 1881 1192 1934 nobilis

110 1955 217 2004 utrecte
230 1954 285 2003 iam
296 1952 401 2003 Acron:
419 1953 501 2002 Dicar
512 1951 630 2013 princeps
666 1969 698 2006 ac
715 1955 775 2005 ielin
793 1956 857 2006 mihi
875 1969 936 2008 essa
954 1958 1073 2008 videor.»
1105 1960 1192 2010 Pom

108 2027 213 2078 dmlimn
228 2039 334 2076 carmen
350 2028 384 2076 ad
399 2027 475 2076 Italos
490 2027 627 2076 modosde·
665 2029 792 2081 audacius
817 2044 866 2095 pro
885 2045 930 2093 eo,
958 2032 1031 2095 quod
1053 2034 1094 2084 est
1119 2031 1191 2096 apud

109 2103 216 2164 ἀιιιιιι,
230 2100 436 2166 lihinatuslpua
451 2100 513 2164 (ubl)
528 2097 630 2166 Aufidia
665 2103 808 2156 Salustium
836 2107 900 2168 (Cat.
928 2106 979 2169 53.)
1005 2107 1039 2157 de
1068 2108 1187 2158 Catone:

110 2177 235 2242 altrepia
257 2189 310 2227 nou
327 2189 409 2226 raro:
429 2175 492 2238 «ibi,
511 2176 557 2226 ubi
573 2179 629 2227 Au·
665 2181 750 2230 clarus
794 2185 869 2241 atqua
913 2193 1023 2243 magatia
1062 2180 1187 2242 dabatur,

109 2251 171 2304 lidus
189 2253 261 2312 iluit,
280 2251 385 2310 dicaam
404 2251 430 2300 id
448 2253 501 2312 est,
522 2251 628 2300 «Venu-
666 2255 788 2318 quamvis
805 2254 862 2302 sine
879 2255 989 2304 externa
1008 2256 1134 2318 potentia.
1159 2256 1191 2305 st

108 2328 167 2389 alni,
184 2326 335 2389 municipes
352 2326 419 2387 mei,
442 2339 485 2376 me
504 2323 627 2375 laudibus
664 2339 776 2392 prorsus
795 2328 833 2378 sic
847 2331 959 2389 potentes
973 2333 1043 2379 cates
1060 2327 1123 2378 dixit
1140 2327 1188 2378 Od.

109 2401 293 2461 celebrabunt,
310 2397 629 2465 utprimumpodtamly·
664 2401 695 2462 ι,
713 2402 743 2464 8,
762 2401 803 2450 ιι.
823 2400 954 2451 Gloriatur
966 2414 1030 2466 ergo
1047 2415 1094 2464 se,
1114 2402 1190 2453 libor-

107 2479 187 2528 ricum
204 2477 355 2527 Latinum.»
384 2474 475 2526 Natale
493 2476 565 2526 enim
583 2487 628 2526 so·
664 2477 716 2526 tino
740 2479 829 2525 ηαιιιιιι
859 2480 935 2538 patre
961 2481 986 2527 ct
1009 2491 1037 2528 m
1070 2478 1137 2528 tenid
1162 2491 1191 2528 re

108 2550 157 2602 lum
168 2551 278 2602 lloratio
300 2551 379 2600 nimis
390 2553 517 2613 angustus
529 2548 627 2612 glomm
665 2551 739 2615 (Epp.
770 2551 797 2612 l,
826 2551 874 2612 ιο,
904 2551 975 2614 ιθ),
1020 2551 1054 2602 ad
1089 2553 1189 2604 tanum

108 2625 160 2676 finis
172 2625 275 2676 luisset.
289 2624 427 2688 -violensl
441 2625 532 2674 Rarior
541 2623 626 2672 torma
663 2623 813 2675 studiorum
845 2623 994 2676 claritatem
1021 2627 1188 2690 pervenisse.

107 2713 150 2762 pro
165 2701 296 2750 υιοιιιιιιιιε.
324 2697 400 2764 Apul.
415 2701 475 2750 Met.
489 2699 513 2748 6.
528 2711 553 2762 p.
567 2698 624 2748 tto.
664 2699 716 2748 Cir.
741 2699 821 2748 etiam
841 2697 992 2760 onum,
1009 2701 1039 2749 t:
1067 2701 1125 2750 Non
1145 2713 1190 2764 ego

108 2774 186 2825 Dud:
203 2774 323 2824 violentes
339 2787 439 2836 apum,
459 2772 504 2822 ubi
523 2785 572 2835 ego
592 2771 625 2834 lin
660 2785 804 2835 pauperum
834 2773 944 2837 Sanguis
969 2780 1108 2837 parentum
1136 2776 1187 2824 cet.

106 2853 197 2900 Amore
228 2851 257 2899 et
282 2849 411 2910 Psyche),
446 2848 510 2898 item
535 2845 627 2896 llilde-
663 2847 828 2911 Properti,
848 2848 888 2908 lD,
909 2849 935 2897 lt
951 2863 956 2896 :
975 2849 1065 2913 Surge,
1084 2851 1188 2910 aalma,

107 2923 201 2974 brand:
226 2923 344 2972 comtes.
372 2923 460 2972 Acrem
477 2923 555 2972 vocat
572 2921 624 2969 Sat.
662 2935 696 2971 ac
711 2921 799 2970 ιιιιιιιιι
815 2923 866 2970 cet.
906 2921 995 2984 (Recte
1015 2924 1119 2987 accepit
1135 2925 1188 2974 iam

108 2999 225 3060 t,t,ta.
247 2996 425 3059 Od.l‚9,s:
442 2998 627 3059 Lonpcsonon-
661 2997 784 3047 Poirarca
808 2995 833 3044 in
859 2995 906 3058 Ep.
934 2996 968 3045 ad
994 2997 1133 3047 Horatium
1159 3012 1186 3047 v.

106 3077 150 3122 lun
167 3079 244 3124 natata
267 3073 302 3122 ad
319 3073 450 3136 Aufidum,
480 3071 525 3134 qui
550 3067 625 3119 loeus
662 3071 695 3119 t:
724 3071 801 3131 Οιισιιι
817 3071 920 3131 enupsit
933 3071 1069 3132 proprian
1088 3072 1190 3134 Thymio

106 3149 204 3212 egregie
223 3147 313 3198 firmat
332 3148 450 3196 nostram
469 3145 627 3209 interpreta-
663 3145 696 3193 ab
712 3145 819 3208 Aufida,
845 3169 860 3180 -
887 3171 901 3180 —
932 3145 1098 3208 Nocturnum
1114 3151 1189 3209 atqua

105 3223 208 3273 tionem.
245 3219 298 3271 Cir.
337 3219 370 3270 de
398 3217 508 3278 Aulido,
545 3219 624 3269 hodie
661 3219 779 3268 humilem
794 3219 886 3280 sprevit
902 3219 1032 3282 ονιριιισιη.
1054 3219 1189 3272 Bentleius

105 3297 207 3359 Olunta,
230 3296 311 3346 etiam
324 3293 372 3344 od.
386 3293 411 3355 ι,
425 3293 470 3352 ιι,
487 3294 528 3343 rt.
548 3291 624 3342 Silius
662 3295 755 3343 contra
786 3293 820 3342 da
854 3295 948 3344 Dauno
982 3295 1187 3358 iuterpretatur,

105 3371 131 3430 8,
144 3372 207 3422 630:
233 3371 361 3435 fundoque
377 3369 428 3418 imo
443 3367 550 3432 mugivit
569 3381 626 3417 απ-
663 3369 725 3432 «qui
757 3366 884 3432 (illyricae
904 3369 990 3432 gentis
1018 3367 1106 3420 clarus
1136 3371 1186 3432 vir,

104 3441 623 3510 tolosarorum-obstrepit]ancolim
662 3447 771 3492 auctore
804 3443 897 3502 Festo,
940 3443 988 3494 cir.
1016 3443 1065 3493 0d.
1090 3444 1119 3512 l,
1143 3445 1185 3506 ιι,

105 3533 212 3585 «magno
239 3533 303 3572 cum
334 3520 421 3570 sonitu
448 3519 534 3569 undas
562 3531 625 3570 suas
664 3517 713 3581 ιι.)
739 3517 842 3581 primus
864 3517 936 3582 apud
952 3515 1052 3582 Apulos
1075 3531 1188 3581 regnum

103 3595 213 3658 volvit,»
230 3585 262 3646 ut
278 3597 431 3645 etiamnunc
448 3593 519 3645 iacit.
663 3593 821 3657 capessivit,
848 3593 876 3642 at
894 3591 1007 3656 proinde
1030 3605 1062 3642 en
1079 3593 1187 3645 homine

133 3671 172 3720 tt.
188 3684 290 3734 pauper
301 3669 391 3734 aqam]
405 3671 538 3730 Daunum,
551 3667 626 3719 iabu·
662 3667 765 3732 privato
777 3668 911 3732 princeps,
935 3681 968 3717 en
986 3667 1077 3718 exsule
1095 3669 1188 3731 tyran-

103 3741 187 3796 losum
198 3744 308 3810 Apuliae
320 3757 427 3808 regem,
446 3746 534 3808 ipsum
546 3747 625 3794 vocat
663 3755 730 3802 nus,
758 3743 996 3805 almutipotenr
1016 3743 1187 3796 estractus»

103 3831 238 3882 poupmem
254 3833 352 3881 aqum,
374 3833 424 3884 pro
441 3819 549 3882 regione
567 3819 624 3869 eius
662 3817 731 3878 Sed,
750 3820 780 3867 ut
797 3819 947 3880 taceamus,
971 3819 1091 3883 spiritus,
1120 3831 1187 3883 quos

104 3892 213 3957 imperio
231 3893 360 3946 subiecta.
399 3893 474 3944 Ouid.
495 3895 556 3944 liet.
579 3892 623 3954 tt,
662 3893 743 3954 sumit
754 3893 877 3944 Horatius
893 3907 943 3959 per
961 3897 1046 3945 totum
1062 3895 1114 3944 hoc
1126 3907 1187 3944 car-

103 3967 163 4018 tto:
184 3968 556 4032 lapgpisoridoDaootAruu.
578 3969 624 4030 (De
663 3980 739 4028 men,
769 3965 846 4032 longe
864 3967 959 4020 melius
977 3969 1120 4018 convenire
1137 3981 1188 4018 no-

103 4041 192 4093 Dauno
206 4042 239 4094 cl.
256 4044 349 4107 lleyne
366 4042 400 4093 ad
416 4045 480 4092 Aen.
498 4043 525 4092 tt
538 4079 543 4104 ,
556 4041 624 4104 ιιι.)
662 4044 734 4092 strae
752 4044 922 4106 expositioni,
951 4042 993 4094 vel
1010 4041 1108 4106 duplex
1125 4039 1187 4092 ἐπι-

135 4117 173 4166 ta.
193 4119 314 4182 llcgnuott
326 4117 491 4181 populorum]
510 4115 625 4166 uincula·
661 4116 748 4167 θετον
764 4118 809 4166 uni
828 4119 919 4168 Dauno
937 4117 1028 4168 datum
1040 4117 1186 4179 arguteque

104 4201 160 4240 rum
186 4193 243 4244 eius
268 4195 369 4243 tractus
394 4205 441 4243 rex
468 4192 530 4254 luit,
558 4181 625 4262 ἦρξε
662 4187 821 4253 ἀντίθεσις,
857 4205 926 4255 quae
961 4189 1022 4240 inde
1058 4189 1184 4247 nascitur,

104 4259 208 4324 iada.»
227 4267 422 4317 constructione
443 4277 547 4330 graeca.
578 4268 626 4317 lle-
662 4267 741 4331 poeta
764 4266 853 4316 minus
870 4265 948 4327 digna
965 4263 1042 4313 nobis
1060 4263 1132 4312 certe
1151 4262 1187 4310 vi-

103 4343 195 4400 duatur
223 4343 263 4392 est
290 4339 431 4404 glossema.
478 4343 542 4392 llire
568 4341 626 4392 llo-
663 4339 749 4392 detur.
794 4337 967 4390 intolerabilis
994 4339 1084 4388 autem
1109 4336 1185 4386 tertia
