3014 4978
502 469 560 520 tle.
580 469 622 518 lll.
658 471 687 519 C.
707 470 806 522 xxvu.

428 621 511 688 Vidit
532 633 564 690 et
586 624 699 692 undae.

299 781 390 858 Quae
413 779 507 845 simul
529 790 659 848 eentum
680 783 781 870 tetigit
803 794 969 872 potentem

304 902 441 990 Oppidis
463 903 595 969 Creten:
618 904 727 980 Pater,
750 925 770 970 u
793 904 940 974 relictum

300 1023 397 1091 Filiae
419 1043 536 1092 nomen
558 1024 743 1112 pietasque,
768 1025 861 1104 dixit,

423 1146 512 1212 Victa
533 1145 657 1212 lurore!

297 1303 388 1372 Unde
409 1324 475 1392 quo
498 1303 597 1370 veni?
619 1305 714 1371 Levis
736 1325 800 1372 una
823 1327 909 1373 mors
932 1319 981 1375 est

194 1481 233 1534 34.
252 1483 351 1534 eoum
364 1488 440 1545 poter
457 1496 480 1544 ο,
500 1483 600 1532 Oretum
616 1497 631 1532 o
645 1489 721 1544 puter
736 1493 771 1548 ψ.

134 1639 164 1690 ad
180 1637 249 1691 lllad.
267 1639 301 1702 β,
321 1639 387 1702 let.)
415 1640 529 1690 Phoenix
557 1639 649 1704 appel·
687 1653 733 1692 sus
751 1646 905 1694 exuerint»
924 1657 975 1709 que
994 1648 1211 1712 interpretatione

133 1712 209 1775 latur,
227 1717 256 1765 ut
272 1715 308 1766 ab
325 1717 384 1780 ipso
401 1715 518 1766 Homero
534 1711 607 1764 Iliad.
621 1709 647 1777 ξ,
685 1729 796 1780 prorsus
818 1717 916 1770 tollitur
932 1723 1083 1772 necessaria
1100 1721 1142 1772 illu
1162 1737 1211 1789 ap-

132 1786 191 1836 324:
218 1783 282 1840 Οὐδ’
310 1783 359 1839 ὅτι
383 1789 517 1850 Φοίνικος
541 1783 649 1859 κούρης
685 1792 793 1855 positio:
817 1798 907 1854 pour,
926 1809 1023 1846 nornen
1054 1798 1211 1859 Languidior

132 1859 335 1926 nominavero,
347 1857 387 1913 Ἣ
400 1863 463 1913 τέκε
479 1877 532 1927 μοι
550 1861 647 1912 Μίνων
686 1867 766 1916 etiam
779 1869 821 1918 est
831 1869 908 1918 tertia
918 1872 1060 1936 expositio:
1081 1873 1209 1936 «Opater,

131 1948 158 1984 ra
168 1937 214 1988 καλ
225 1932 360 1990 ἀντίθεον
372 1933 578 2002 Ῥαδάμανθυν.
592 1937 645 1987 Cir.
685 1941 761 1992 euius
783 1943 848 1993 mihi
870 1957 941 1994 nunc
963 1944 1026 1995 nihil
1045 1947 1094 1996 nisi
1113 1960 1211 1997 nornen

130 2008 187 2059 Stoll
211 2012 361 2064 Antimeoh.
388 2025 415 2076 p.
442 2011 484 2061 32.
513 2037 541 2048 -
570 2010 648 2074 Apud
685 2013 808 2068 relietum
825 2019 903 2079 esti,
932 2017 997 2068 dixit
1013 2019 1118 2085 Europe
1141 2022 1210 2071 victo

130 2085 274 2150 Euripidem
294 2089 412 2152 (Cretum
429 2087 532 2150 Frugm.
545 2087 580 2150 2.)
598 2086 648 2138 lli-
685 2088 808 2150 lurorep»
832 2103 884 2154 qua
902 2092 1048 2142 iuratione
1066 2093 1143 2144 nimia
1161 2107 1210 2144 ne-

130 2165 192 2211 noen
208 2163 247 2213 sie
263 2162 406 2226 alloquitur
423 2160 563 2212 sacerdos:
583 2160 648 2210 dor-
684 2161 822 2226 gligituru.
829 2166 970 2227 pietasque,
984 2166 1098 2229 adquod
1111 2168 1209 2218 mirum

130 2235 289 2304 νικογενοῦς
300 2241 356 2287 παι
363 2234 416 2302 τῆς
425 2237 529 2306 Τυρίας
538 2237 646 2286 Τέκνον
684 2237 710 2286 in
736 2236 848 2288 modum
873 2253 888 2289 e
913 2253 939 2290 v.
964 2241 1078 2290 relietum
1103 2241 1208 2292 diversa

128 2303 261 2379 Εὐρώπας
285 2312 337 2364 κο)
361 2307 413 2362 τοῦ
436 2308 565 2376 μεγάλου
587 2312 646 2376 217-
683 2310 873 2374 significatione
891 2312 998 2364 eliciunt
1024 2315 1140 2376 «minu,
1160 2329 1209 2368 ne-

127 2381 181 2448 νός.
216 2387 294 2452 Apud
311 2385 398 2438 Sehol.
420 2384 484 2437 Plat.
506 2399 566 2450 pag.
586 2384 643 2438 948.
683 2383 782 2460 gleeta,
809 2385 931 2438 violatam
969 2389 1067 2448 Quarta
1092 2389 1208 2454 denique

127 2457 169 2510 Ed.
187 2465 312 2512 nostrae:
332 2454 518 2532 ἡἎγήνορος
537 2453 558 2526 ἧ
577 2459 646 2512 Φοί·
683 2462 767 2512 restat
775 2473 858 2526 praua
876 2461 1024 2514 distinctio:
1046 2465 1139 2514 adluit:
1158 2478 1208 2528 ego

125 2529 231 2601 νικοςῆ
242 2529 357 2588 Τιτυοῦ.
373 2561 401 2572 -
414 2535 646 2596 orelietwnJCon-
685 2535 755 2586 Victo
775 2535 863 2600 fluore
882 2537 948 2586 unde
974 2551 1024 2600 quo
1051 2539 1144 2589 vnit„
1177 2569 1204 2576 -

126 2609 210 2660 strae:
235 2625 272 2662 «o
289 2611 380 2675 pater,
400 2622 498 2662 nomen
517 2611 645 2674 (neeesai-
684 2609 762 2674 Victo]
776 2610 849 2660 Ovid.
863 2611 948 2662 Meti
962 2611 1040 2674 ,il9:
1062 2614 1133 2663 Victo
1143 2615 1208 2664 locet

126 2682 216 2736 tudinis
233 2684 412 2748 oamssimumi
436 2683 558 2734 relietum
575 2682 644 2734 filiae
681 2685 771 2734 Pietas.
784 2682 823 2734 Id.
835 2683 875 2743 ⁴³,
887 2684 947 2734 662:
964 2685 1204 2750 Victametupietus.

126 2754 231 2822 (datin),
251 2759 279 2809 id
297 2761 351 2819 est,
375 2757 512 2810 desertum
529 2771 562 2808 ae
579 2771 644 2822 pru-
684 2785 711 2794 —
723 2758 821 2821 liuore]
841 2771 937 2808 neeeeo
954 2757 997 2810 illo
1015 2761 1131 2824 impetu,
1151 2775 1205 2826 quo

123 2828 201 2882 ditum
219 2846 234 2883 a
252 2833 319 2892 filia,
339 2835 366 2884 et
381 2833 466 2898 pietas
483 2833 553 2882 victu
570 2831 644 2882 iuro-
683 2833 757 2880 tauro
776 2830 859 2882 iollael
877 2845 921 2882 rue
940 2835 1088 2884 commisi„

122 2917 162 2964 re,
188 2908 333 2960 temerario
360 2919 421 2956 meo
443 2919 509 2956 auso
532 2905 644 2970 turpiter
713 2903 754 2954 37.
776 2906 842 2955 Unde
853 2919 903 2968 quo
914 2905 1001 2970 ueriti]
1013 2906 1115 2971 Duplici
1127 2909 1208 2958 inter-

123 2978 268 3041 neglectui»
291 3009 318 3018 -
342 2994 432 3031 raomen
447 2983 578 3044 pietasque
594 2992 644 3030 vo-
681 2979 817 3042 rogotione
834 2978 968 3043 implicata
985 2983 1086 3032 Graeco
1106 2981 1205 3032 modo:

122 3053 193 3103 catini
211 3058 287 3116 sunt;
315 3053 390 3106 multi
413 3055 439 3106 in
458 3067 490 3104 eo
509 3056 641 3116 errarunt,
681 3049 771 3104 πόθεν
788 3057 841 3104 ποῖ
855 3051 1000 3120 ἐλήλυθας
1025 3069 1095 3105 non:
1117 3057 1206 3106 Unde?

121 3127 189 3190 quod
211 3142 261 3194 pro
284 3130 453 3180 nominativis
475 3128 641 3184 hahuerunt:
680 3140 729 3188 quo
753 3127 831 3178 vent?
867 3126 991 3192 Aeschyl.
1030 3131 1119 3180 Prom.
1146 3129 1204 3180 uio.

120 3199 158 3250 alii
182 3206 324 3268 praeterea
356 3201 426 3253 male
460 3202 640 3266 distinguunt:
680 3200 758 3254 Diod.
777 3203 842 3254 On:
870 3201 949 3264 εἰπέ,
976 3199 1032 3254 ποῦ
1050 3203 1094 3266 τις
1110 3195 1204 3262 ἀλκά,·

119 3275 188 3327 Peter
217 3281 250 3328 o!
278 3277 402 3328 relietum.
436 3304 463 3314 -
493 3277 524 3328 V.
553 3291 643 3328 nonren
680 3275 726 3326 ubi
750 3275 844 3340 volgo:
875 3277 936 3326 εἰπέ
960 3289 1016 3328 που
1041 3277 1084 3340 τίς
1108 3271 1184 3328 ἀλκά
1193 3294 1204 3338 ,·

120 3362 196 3415 soepe
218 3353 253 3403 ad
277 3351 483 3404 necessitudinis
500 3354 528 3403 et
544 3365 642 3416 cogna-
680 3351 769 3416 Eurip.
788 3350 880 3402 Helen.
894 3349 976 3401 tale:
993 3349 1061 3414 Πῶς
1077 3349 1205 3416 ἐκτίνος

119 3423 191 3476 tionis
203 3428 341 3477 notionem
357 3426 469 3476 accedit.
498 3425 551 3476 Cir.
565 3426 639 3476 Ouid.
679 3421 750 3488 νεώς
767 3439 837 3476 ποτε
849 3453 863 3464 -
875 3415 976 3490 duem
994 3426 1123 3476 lentilli:
1143 3421 1205 3490 πῶς

118 3498 232 3564 Herio,
246 3503 294 3553 69:
307 3503 642 3565 Nompateretteltueiuato
679 3497 709 3552 dt
735 3497 792 3552 ποῦ
817 3514 862 3550 νιν
888 3495 1003 3550 aloitide
1010 3514 1021 3560 ;
1049 3499 1116 3551 lbid.
1136 3501 1201 3552 tle:

116 3582 220 3638 ropnotu
227 3579 331 3640 parenti
341 3578 445 3628 Prodito
454 3581 511 3628 aunt
520 3577 642 3641 suetonu-
680 3567 735 3636 κοῦ
752 3575 796 3638 τίς
812 3569 928 3635 λοχεύει
944 3588 997 3634 σος
1021 3574 1121 3644 Phoeo.
1137 3575 1201 3626 ⁴23:

116 3649 183 3698 minu
199 3665 266 3702 earo
281 3664 344 3702 uteo.
364 3654 392 3702 et
408 3654 497 3702 cetera
518 3649 640 3716 exemplo
678 3649 721 3712 τίς
746 3645 836 3698 πόθεν
867 3645 975 3716 γεγῶςι·
1010 3647 1107 3700 Alcest.
1135 3649 1201 3710 atu:

117 3723 257 3774 allentleio
268 3723 355 3776 allatu.
373 3726 448 3776 un'd.
462 3727 524 3778 liet.
538 3725 568 3787 8,
581 3725 638 3776 463.
678 3725 721 3785 τίς
736 3716 774 3771 ἂν
791 3719 832 3791 πᾷ
849 3718 939 3793 πόρος
956 3717 1054 3774 κακῶν
1069 3723 1203 3789 γένοιιο;

117 3797 207 3849 etum.
227 3799 290 3849 ller.
304 3799 333 3861 8,
355 3799 396 3850 28.
413 3827 440 3836 -
453 3797 541 3863 Filiae]
560 3811 591 3848 aa
607 3798 640 3850 Γι-
678 3796 750 3848 Plato
768 3797 834 3848 Tim.
852 3810 879 3862 p.
898 3798 939 3848 λλ.
958 3798 995 3848 Β;
1015 3794 1075 3860 πῶς
1092 3797 1119 3848 rt
1135 3795 1203 3849 τοῦ·

116 3868 171 3934 liun,
184 3875 214 3922 ut
222 3872 271 3924 ud.
282 3873 307 3936 Ξ,
318 3873 342 3934 6,
355 3875 382 3923 tl
394 3888 400 3922 :
412 3878 560 3938 reynau—
568 3875 640 3924 lluru
677 3885 711 3928 το
722 3869 828 3938 λέγεις;
847 3872 960 3934 (Turnus
971 3872 1043 3936 apud
1054 3871 1124 3935 virg.
1134 3875 1200 3923 Aen.

114 3945 256 3998 monuo.
284 3947 331 3996 Od.
353 3947 447 4010 mu,
466 3949 638 4012 rerepente
678 3945 723 4006 tu,
751 3946 816 3997 670:
848 3947 902 4008 (λιιο
925 3947 1012 4010 feror,
1041 3947 1107 3996 unde
1132 3945 1200 4008 alit,

116 4019 178 4080 Οννο
188 4021 293 4073 Baetra.
305 4019 354 4072 Alii
366 4021 455 4072 minus
463 4023 524 4086 apte
534 4035 559 4072 v.
569 4021 638 4086 {ittae
677 4033 742 4083 quoe
763 4033 802 4070 nae
823 4020 887 4084 supa
909 4033 1010 4082 ᾳοονιοο
1026 4021 1126 4072 reducet
1134 4017 1158 4082 l)
1172 4047 1198 4056 —

115 4105 161 4154 pro
172 4095 287 4156 genitivo
299 4095 431 4146 hahentes
443 4097 482 4146 sic
494 4095 635 4160 explicant,
675 4095 755 4156 Levia]
773 4094 866 4144 «nimis
883 4095 980 4144 mltis.»
1011 4093 1090 4156 soph.
1112 4092 1197 4156 Antig.

115 4169 142 4216 ut
158 4167 280 4218 Liibker:
316 4171 358 4218 «0
375 4173 465 4235 peter,
491 4183 534 4220 me
552 4171 636 4220 mise·
675 4168 740 4219 308:
778 4162 838 4228 Οὐχ
876 4159 945 4234 ὗμιν
968 4156 1062 4232 ’Ἅιδης
1079 4161 1201 4244 ,μοῦνος

115 4251 183 4301 ram,
208 4255 278 4306 quae
295 4241 364 4293 flliae
382 4255 481 4294 nomen
497 4245 637 4308 pietatem·
674 4235 800 4314 ἀρκέσει.
820 4243 905 4306 (Prop.
923 4241 953 4302 4,
972 4241 1002 4302 i,
1023 4241 1071 4290 l'l:
1090 4239 1122 4288 Et
1139 4239 1201 4290 sotir

115 4323 165 4374 que
176 4315 275 4366 victam
286 4316 375 4368 lurore
387 4316 550 4380 reliquerim,
562 4331 638 4382 pror·
653 4283 657 4384 Ι
673 4331 738 4366 una
762 4317 847 4368 mutue
868 4316 951 4378 potuit
975 4327 1043 4364 mora
1063 4326 1113 4363 ease
1126 4313 1200 4376 puel-
