3078 4978
627 485 630 490 ,
699 425 826 475 nonarn
847 423 972 474 saonen

512 579 701 648 Siticulosae
723 579 875 667 Apuliae,

468 705 533 769 Nec
557 723 673 767 cunnus
695 701 837 767 humeris
860 699 1000 766 ellicacis
1025 700 1171 766 Herculis

512 823 625 889 lnarsit
648 823 839 890 aestuosius.

470 947 506 1010 lt
530 944 656 1032 siquid
680 964 823 1031 unquam
844 943 906 1009 tale
930 944 1171 1030 concupiveris,

514 1068 626 1133 iocose
650 1067 835 1142 Maecenas,
859 1085 991 1152 precor,

472 1189 600 1253 Manum
622 1185 729 1274 puella
752 1187 842 1252 savio
864 1197 1007 1274 opponat
1030 1195 1104 1263 tuo,

515 1308 664 1374 Extrema
686 1319 719 1374 et
740 1309 772 1373 in
794 1307 919 1395 sponda
941 1307 1047 1375 cubet.

366 1507 407 1558 te.
426 1507 528 1569 quodsi
545 1507 562 1556 S
580 1505 641 1569 (non
659 1505 731 1569 bed).
760 1531 788 1543 -
817 1507 859 1557 2⁰.
877 1507 963 1557 iocoso
979 1503 1115 1558 Markland
1139 1506 1245 1557 initur.
1264 1507 1355 1572 suppl.

332 1595 359 1646 p.
377 1583 435 1632 258.
457 1607 482 1620 -
503 1581 544 1630 tt.
562 1581 632 1631 socio
649 1593 788 1645 superscr.
805 1595 824 1630 u
840 1580 872 1642 d,
891 1581 979 1632 aiecio
996 1581 1057 1632 uct.
1078 1581 1118 1644 (Ut
1134 1593 1200 1642 nos,
1219 1580 1292 1644 bSc.)

302 1758 393 1822 oedip.
407 1757 451 1809 ii:
476 1757 525 1807 Sed
540 1758 628 1821 ονοοῑο
642 1761 665 1807 οι
681 1761 737 1807 oter
753 1758 827 1808 incu-
864 1756 915 1808 dus
932 1756 1085 1821 deceperat.
1120 1757 1177 1807 lloc
1199 1759 1292 1808 autem
1312 1755 1389 1822 louge

303 1833 345 1883 tot
361 1832 435 1882 terris
455 1844 544 1894 vapor.
566 1858 593 1866 —
617 1831 775 1896 siticulosae]
799 1833 828 1880 ut
864 1832 951 1897 aptius
974 1832 1021 1882 toti
1042 1831 1154 1882 carmini
1175 1843 1258 1894 quem
1275 1832 1389 1882 otiosum

302 1903 479 1969 πολυδίψιον
488 1899 598 1976 Ἄργος.
619 1930 645 1940 -
665 1905 765 1969 manus]
783 1919 829 1956 ve·
864 1903 928 1955 illud
953 1903 1058 1970 puellae
1083 1903 1217 1956 ἐπίθετον
1241 1907 1334 1955 imore.
1361 1931 1387 1942 -

303 1984 351 2034 stis
368 1981 444 2032 Nessi
462 1981 588 2032 Centauri
612 1981 826 2041 emorousae,
864 1979 944 2045 socio]
963 1981 1078 2030 «amoris
1094 1979 1213 2031 osculo».
1232 1981 1326 2031 Senos.
1347 1994 1390 2031 ro-

210 2075 212 2078 ·
302 2071 317 2108 a
344 2057 467 2108 Deianira
492 2053 598 2106 Herculi
630 2055 734 2119 conlugi
760 2053 828 2105 loles
863 2056 948 2116 νίνου,
972 2053 1088 2120 φίλημα
1103 2051 1258 2126 ἑταιρικόν.
1289 2053 1388 2105 Philon.

302 2145 394 2182 amore
418 2133 496 2196 capto
519 2130 624 2181 funesto
646 2129 717 2181 dono
735 2131 826 2180 misse.
865 2130 969 2179 Rectior
991 2131 1082 2180 autem
1105 2129 1173 2180 haec
1196 2131 1239 2180 est
1260 2130 1390 2194 scripture

304 2204 378 2256 ovid.
403 2207 465 2258 liet.
490 2205 518 2266 9,
546 2205 603 2255 430.
632 2231 660 2241 -·
687 2205 796 2254 tanneris
814 2229 829 2240 -
865 2216 947 2267 quarn
964 2202 1046 2254 altera
1064 2204 1161 2254 anceio.
1180 2205 1325 2254 Nouenim
1342 2203 1390 2254 de-

302 2279 403 2344 lnorsit]
422 2280 556 2330 «humeris
574 2278 672 2329 ardens
690 2278 827 2329 inhaesit.»
865 2277 971 2328 ducitur
994 2293 1010 2328 a
1034 2291 1061 2327 v.
1088 2277 1185 2339 ονοοῑο,
1215 2277 1265 2328 sed
1293 2279 1390 2328 sociem

305 2380 332 2390 -
357 2354 471 2418 efficacis]
497 2353 671 2406 «difficillimis
692 2352 828 2403 laboribus
865 2353 973 2416 proprie
992 2355 1032 2403 est
1048 2351 1177 2412 ῑοὺοὶὶννν,
1205 2354 1236 2402 ut
1257 2351 1300 2402 bis
1318 2355 1391 2404 terre

303 2426 433 2487 defuncti,
451 2426 635 2498 δραστηρίου,
654 2429 827 2492 ιὴοιὶενᾱρίρν
865 2429 935 2494 apud
960 2427 1102 2499 Plautum.
1116 2427 1168 2479 Cir.
1187 2429 1253 2478 lahn
1271 2427 1307 2478 ad
1329 2429 1357 2479 h.
1373 2428 1390 2479 Ι.

303 2500 379 2565 Apul.
392 2500 467 2565 Apol.
480 2517 506 2566 p.
520 2500 582 2553 itu:
600 2503 717 2552 Hercules
734 2503 829 2552 instro-
867 2527 894 2538 -
908 2503 1005 2565 sponda
1016 2501 1094 2566 cubet]
1113 2503 1151 2552 De
1163 2515 1264 2552 venere
1276 2515 1292 2551 a
1305 2502 1391 2566 puella

303 2579 344 2624 ior
364 2576 443 2636 orbis,
463 2581 592 2639 purgator
613 2578 740 2639 seram,
766 2589 829 2639 pen-
866 2579 961 2641 negata
974 2577 1090 2640 accipio,
1109 2579 1139 2627 ut
1155 2578 1197 2628 est
1213 2577 1286 2641 apud
1298 2577 1390 2628 Tibull.

303 2649 368 2699 tium
392 2651 506 2700 domitor.
543 2651 585 2700 Sic
611 2651 739 2701 Maximus
765 2651 826 2712 Tyr.
866 2654 896 2711 l,
915 2653 943 2712 9,
962 2652 1003 2703 56.
1030 2653 1057 2702 in
1081 2650 1160 2701 simili
1181 2652 1391 2714 imprecatione:

305 2724 336 2774 D.
356 2724 384 2784 3,
403 2724 426 2774 7.
453 2724 595 2776 Herculem
611 2728 690 2774 vocat
706 2719 757 2774 τὸν
772 2720 829 2774 τῶν
867 2727 954 2776 Tecmo
970 2727 1119 2790 interposito
1136 2726 1260 2791 leopoldo
1276 2733 1343 2777 ueste
1353 2741 1394 2776 cri-

305 2793 417 2848 πολλῶν
447 2800 497 2850 καὶ
526 2797 705 2865 θαυμαστῶν
733 2798 829 2849 πόνων
865 2800 911 2850 bct.
941 2799 1003 2850 Alii:
1032 2814 1111 2852 «sese
1134 2814 1217 2864 quam
1238 2799 1393 2865 longissime

305 2866 447 2940 ὁμιλητὴν
463 2875 512 2926 κο)
524 2868 688 2941 ἀγωνιστὴν
703 2869 830 2924 colidei·
866 2877 925 2924 ate
945 2877 1084 2925 removeat
1109 2876 1135 2925 in
1161 2873 1222 2925 lecti
1247 2875 1393 2927 convivalis

304 2944 352 3006 da,
380 2951 407 2999 et
423 2949 533 3000 similius
551 2951 632 3000 etium
650 2950 718 3000 Diss.
734 2949 827 3010 at,6.
866 2949 995 3014 sponda.»
1035 2951 1103 2999 Sane
1131 2949 1224 3000 auaro
1249 2951 1333 3002 etiam
1358 2949 1392 3002 de

304 3019 496 3092 καθορθωτῆν
513 3017 613 3095 ἔργων.
652 3021 767 3074 lulianus
794 3021 828 3072 ad
866 3024 985 3075 convivis
1002 3026 1154 3088 usurpatur.
1178 3023 1233 3074 Cic.
1253 3023 1287 3074 de
1307 3026 1351 3076 Or.
1364 3026 1391 3082 ²,

304 3095 480 3148 ‘themistium
501 3112 527 3161 p.
547 3098 604 3149 26l.
624 3109 656 3147 ex
676 3097 772 3159 Odyss.
791 3113 827 3159 φ,
866 3098 913 3148 86:
932 3111 981 3159 qno
998 3111 1084 3147 eorum
1101 3097 1153 3148 loco
1171 3099 1276 3160 qunque
1291 3099 1392 3148 enituis-

303 3169 350 3220 te:
385 3167 518 3237 μεγάλων
551 3169 701 3242 ἐπιῖστορα
723 3165 828 3242 ἔργων,
866 3178 909 3222 sci.
931 3200 958 3209 -
979 3171 1052 3222 Falso
1070 3173 1161 3224 autem
1177 3175 1266 3224 Acron
1282 3174 1394 3236 praelium

305 3239 553 3315 «αὕτοοργόνατον
581 3241 718 3313 ἁπᾴντων
747 3243 830 3314 γενό-
867 3245 981 3311 explicat
1004 3247 1038 3297 de
1064 3248 1187 3297 Terentia
1213 3248 1391 3308 Maecenatis,

303 3333 419 3384 μενον.»
448 3320 489 3370 nd
513 3320 734 3371 consuetudinem
758 3323 831 3371 Lati·
866 3321 894 3371 id
911 3321 984 3385 quod
1004 3334 1089 3386 prope
1112 3321 1270 3373 indecenter
1292 3322 1392 3373 dictum

304 3393 426 3444 namclr.
445 3393 565 3444 Caelium
582 3395 616 3444 ad
634 3395 687 3444 Cic.
707 3395 778 3446 Fam.
798 3395 829 3456 8,
867 3395 935 3446 toret
963 3396 996 3446 de
1024 3397 1080 3446 tam
1105 3395 1244 3460 splendida
1271 3399 1392 3448 metrum

305 3467 350 3529 lt),
365 3467 391 3517 3:
410 3468 482 3518 Nosti
498 3467 662 3530 Marcellum,
681 3483 759 3532 quom
775 3475 831 3520 iar·
868 3471 998 3531 Romana,
1028 3469 1103 3534 prius
1131 3484 1147 3520 a
1173 3470 1290 3522 Caesare
1316 3471 1392 3521 Octa·

305 3543 352 3591 dur
368 3547 391 3592 et
405 3556 501 3605 parom
518 3543 610 3608 efficax
626 3544 665 3594 rit.
867 3545 946 3594 riano
966 3546 1063 3594 amate.
1100 3545 1217 3606 (sueton.
1230 3544 1324 3595 octav.
1343 3546 1392 3605 69.)

339 3616 437 3667 tt-tt.
456 3619 638 3681 concupiveris]
657 3619 697 3669 «Si
715 3621 770 3669 tam
782 3618 832 3669 de·
868 3619 953 3668 immo
971 3618 1111 3668 manifesto
1128 3617 1245 3681 loquitur
1262 3619 1297 3669 da
1316 3617 1392 3669 irat-

306 3689 437 3742 teslabilis
459 3693 535 3743 cibus
561 3707 679 3757 unquam
706 3693 752 3744 tibi
774 3707 833 3744 rur·
868 3708 919 3764 ρᾳ,
955 3705 1073 3757 quacum
1101 3694 1271 3743 consueverit
1298 3697 1393 3758 potens

306 3775 353 3814 sus
370 3761 524 3826 placuerit.»
545 3795 571 3802 -
590 3767 680 3833 Ioccse]
700 3771 831 3832 quatenus
868 3769 971 3818 amicus
989 3767 1049 3817 ante
1068 3767 1173 3831 nuptias
1191 3779 1253 3818 cum
1271 3769 1391 3819 Terentia

306 3834 365 3887 allio
383 3835 451 3920 clarp
468 3837 558 3890 oblato
570 3845 687 3893 amicum
704 3841 830 3894 ludibun·
869 3841 1028 3894 celebratas.
1047 3839 1100 3892 Clr.
1111 3841 1287 3894 frameati.
1298 3855 1325 3906 p.
1338 3845 1390 3893 rm.

744 4126 961 4137 -ω-ῌ--ι
