2986 4974
317 451 378 519 idi
694 451 824 503 uenam
842 451 1011 504 osammu

315 613 525 663 commentum.»
543 611 610 661 Tum
627 607 726 660 Galiani
744 607 801 662 aliis
818 610 928 673 Cruquti
945 613 972 658 et
991 609 1124 660 senadoni
1142 609 1391 675 interpretationibus

315 695 434 747 breviter
449 693 569 745 rastitatis
586 694 621 742 ita
637 694 735 757 pergit:
758 695 833 744 L'ode
848 707 879 744 ne
895 694 1003 744 contient
1020 695 1112 756 qu'ane
1127 695 1274 745 meditatim
1285 697 1320 745 dae
1329 694 1393 757 poc'ie

314 791 359 829 ευν
375 779 401 828 to
417 778 524 829 ἀεειίιιει
539 777 687 839 d'Archgtas
700 781 724 828 et
734 778 765 828 de
775 781 831 828 tous
841 777 876 827 ter
885 778 981 841 prmds
990 778 1111 838 hamne,
1130 791 1190 829 ooec
1201 792 1250 829 υιιε
1260 779 1393 828 invocationi
1481 781 1482 844 t

312 860 744 922 misedocstohooched'drchyme
753 859 1394 924 mane,ctonepriereoaepaeonadeasmie

313 947 348 997 tes
369 946 482 996 martes
501 944 605 994 aevosa.
649 944 681 994 Ge
698 957 808 1007 passage
824 944 889 994 nebit
910 945 985 994 d'aeee
1001 957 1125 1007 personne
1141 945 1159 995 d
1174 959 1224 995 υιιε
1239 951 1314 996 onte
1328 946 1393 995 edei

311 1029 428 1092 Aequent
450 1029 513 1077 does
534 1027 568 1077 tes
585 1027 683 1089 poesie
703 1027 814 1088 ipriqaes
836 1027 866 1076 de
881 1031 960 1076 ιουεεε
976 1027 1011 1077 tec
1026 1029 1139 1090 ιισείονε,
1168 1041 1216 1091 que
1232 1042 1259 1079 oe
1275 1030 1337 1079 n'est
1349 1041 1392 1091 poe

313 1111 426 1174 lapsine
450 1111 507 1161 d'ec
527 1111 594 1174 [cire
616 1111 698 1172 t’objct
720 1111 795 1160 οὐσα
816 1123 980 1173 νευισιηυε.»
1007 1137 1034 1148 -
1053 1113 1163 1162 Doctius
1180 1125 1246 1162 sane
1265 1111 1393 1177 multoque

313 1208 376 1246 curn
392 1195 516 1245 acumine
533 1194 568 1244 de
585 1194 637 1244 hoc
652 1197 809 1257 argumento
822 1193 965 1258 disputavit
975 1195 1145 1258 liottingerus
1156 1196 1183 1245 iu
1194 1197 1394 1259 megrammms
1482 1263 1483 1266 Ἴ

312 1280 415 1329 Turicc.
442 1291 466 1328 a.
493 1277 613 1328 tritaet
637 1278 709 1328 4789.
734 1277 854 1342 repetitis
880 1279 907 1328 in
933 1279 991 1329 eius
1016 1279 1128 1343 Opusoc.
1152 1277 1216 1343 phil.
1237 1281 1307 1345 lips.
1327 1280 1392 1330 titi.
1482 1271 1483 1280 ’

313 1361 395 1413 liuius
412 1359 616 1425 scriptiunculae
633 1361 740 1424 ignarus
757 1373 810 1411 uon
828 1362 931 1411 minore
948 1361 1092 1424 sagacitate
1110 1362 1226 1413 eandem
1239 1363 1395 1414 sententiam

312 1445 434 1509 exposuit
450 1445 582 1496 Weislrius
599 1445 686 1494 iunior
703 1445 729 1494 in
747 1445 830 1495 Iahnii
846 1444 938 1495 Annal.
951 1444 1015 1510 phil.
1029 1458 1052 1495 a.
1069 1445 1142 1496 4830.
1161 1447 1199 1496 Er
1214 1445 1313 1496 horum
1325 1447 1395 1510 igitur

312 1529 443 1580 sententia
460 1531 647 1591 argumentum
664 1527 717 1578 hoc
734 1531 788 1579 est:
808 1527 901 1592 «Apud
917 1529 1052 1593 Archytae
1069 1531 1150 1579 tenue
1168 1527 1343 1593 sepulchrum
1360 1528 1394 1580 lo-
1482 1593 1483 1604 ἶ

311 1625 398 1676 quens
415 1611 548 1663 inducitur
563 1611 660 1662 umbra
671 1601 792 1664 hominis
809 1613 944 1677 naufragio
962 1613 1092 1675 exstincti,
1111 1613 1158 1676 qui
1174 1613 1219 1664 lati
1236 1615 1279 1664 sui
1296 1611 1395 1664 acerhi-

311 1698 394 1747 tatem
417 1709 479 1746 cum
503 1694 580 1746 simili
598 1695 733 1758 Archytae
751 1697 838 1756 sorte,
865 1697 922 1746 tum
940 1694 1149 1747 clarissimorum
1166 1696 1309 1747 hominum
1326 1709 1395 1747 oom-
1482 1729 1483 1750 2

310 1781 447 1845 paratione
465 1782 545 1843 atque
563 1779 685 1844 imposita
702 1778 812 1829 tandem
830 1778 955 1831 omnihus
973 1780 1133 1830 necessitate
1151 1777 1264 1840 soletur,
1284 1779 1395 1843 denique
1482 1771 1483 1784 ²

310 1875 326 1912 a
343 1865 424 1914 nauta
436 1875 497 1913 eam
509 1875 585 1913 oram
597 1875 662 1913 casu
673 1863 896 1926 praetervehente
908 1863 1029 1928 corporis
1041 1863 1083 1914 sui
1094 1863 1195 1926 ilagitat
1205 1861 1394 1926 sepulturum.»

308 1946 429 1996 Eandem
446 1945 501 1996 iere
519 1946 765 2009 interpretationem
785 1944 917 2009 dialogum
935 1960 989 1997 uon
1004 1960 1066 1998 esse
1081 1960 1132 1997 neo
1148 1945 1395 2013 μονολσγὶανριο-

309 2030 367 2093 prie
389 2028 500 2086 dictam.
528 2028 577 2078 sed
598 2030 694 2092 po'etae
716 2029 798 2093 ipsius
820 2025 981 2094 φάντασμα
999 2028 1112 2081 adscivit
1127 2031 1238 2080 Lunum.
1275 2029 1395 2082 Similiter

309 2111 400 2176 Regel:
430 2111 580 2176 «Equidem
603 2111 669 2162 certi
691 2111 755 2163 nihil
778 2113 912 2164 affirmare
934 2114 1035 2174 ausim,
1062 2113 1208 2164 admodum
1232 2117 1327 2166 umen
1343 2115 1394 2166 veri

308 2195 393 2247 simile
411 2199 489 2261 puto,
508 2196 646 2247 Horatium
662 2195 823 2261 periculum,
843 2197 916 2261 quod
934 2199 984 2262 ipsi
1001 2198 1028 2248 in
1044 2199 1138 2249 itinere
1156 2198 1290 2249 maritimo
1311 2198 1395 2250 immi-

307 2281 396 2331 nuerit
413 2281 469 2344 (eir.
488 2279 536 2330 0d.
555 2281 585 2341 3,
604 2278 635 2339 i,
653 2281 699 2330 m:
717 2293 757 2330 nte
772 2282 870 2331 Deiota
885 2295 936 2332 non
952 2282 1075 2332 cestim
1090 2281 1165 2331 ortos
1180 2282 1232 2332 Nec
1249 2283 1395 2334 Simalol’o·

306 2364 405 2414 linares
428 2363 530 2428 eodm)
555 2365 660 2427 poetico
684 2363 767 2415 modo
789 2377 933 2416 exornasse
957 2367 995 2427 et,
1022 2367 1161 2428 tamquam
1184 2378 1213 2415 re
1235 2379 1300 2416 vera
1321 2367 1394 2417 undis

306 2445 419 2498 obrutus
436 2446 527 2506 luerit,
555 2459 585 2497 se
603 2447 657 2496 iam
674 2447 826 2498 exanimem
844 2447 870 2498 in
888 2447 985 2499 iisdem
1001 2447 1168 2511 regionibus,
1194 2447 1242 2498 uhi
1259 2450 1394 2513 quondam

307 2530 439 2592 Archytas
457 2528 624 2592 naufragium
642 2528 750 2591 iecerat,
770 2531 903 2582 iacentem
919 2531 1037 2582 finxisse.
1056 2533 1117 2584 Utut
1132 2545 1177 2583 res
1194 2545 1223 2583 se
1241 2531 1341 2597 hahet,
1364 2533 1395 2584 de

306 2611 437 2676 colloquio
462 2614 535 2662 certe
552 2611 723 2676 cogitandum
740 2627 794 2665 non
811 2613 941 2664 videtur.»
976 2615 1132 2666 tinnovero
1150 2616 1183 2667 de
1202 2617 1313 2668 Horatio
1334 2631 1395 2669 nau·

305 2695 379 2758 trago
397 2696 550 2761 opinionem
568 2695 602 2746 ab
625 2695 682 2747 aliis
703 2698 757 2747 iem
777 2699 942 2762 propositam
965 2697 1107 2764 displicere
1124 2699 1188 2750 mihi
1206 2701 1395 2765 significantia
1489 2729 1490 2756 r

305 2779 425 2830 Editione
442 2780 544 2842 prima,
567 2792 655 2843 neque
674 2793 745 2831 nunc
762 2795 822 2832 eam
840 2781 964 2846 amplecti
981 2795 1105 2847 possum,
1127 2785 1219 2848 utpote
1236 2787 1394 2837 arcessitam

305 2865 385 2926 atquo
412 2863 492 2913 nimis
517 2863 696 2914 artificiosam.
740 2865 852 2915 Editoris
876 2865 1013 2916 Leidensis
1039 2867 1130 2916 autem
1151 2867 1239 2930 opinio
1259 2869 1394 2933 Archytae

304 2946 387 3010 ipsius
403 2945 530 2997 umbram
547 2959 597 3011 per
615 2949 699 2998 totum
717 2961 827 2999 carmen
847 2947 933 3012 loqui,
957 2961 1074 3013 paucos,
1099 2951 1150 3000 nisi
1172 2949 1259 3013 lallor,
1277 2953 1395 3016 reperiet

305 3029 431 3081 lautores.
452 3029 525 3092 (Eum
542 3031 634 3081 tamm
649 3031 848 3082 defendendam
860 3034 979 3098 suscepit
990 3033 1094 3084 Steiner
1105 3033 1198 3084 uonna.
1211 3033 1300 3084 Horat.
1315 3037 1391 3100 Spec.

304 3115 336 3164 li.
346 3127 372 3178 p.
385 3113 424 3163 ta.
435 3113 507 3178 sqq.)
521 3114 648 3165 ceterum
659 3115 756 3166 eadem
767 3115 925 3167 iamdudum
938 3116 1163 3168 meratsententia
1173 3118 1220 3168 Ge.
1230 3117 1354 3170 Fabricii.
1367 3145 1391 3155 -

221 3258 225 3266 ¹
305 3195 392 3248 simile
417 3196 614 3260 quadamtenus
636 3201 824 3261 argumentum
843 3201 1004 3252 tractaverat
1019 3201 1073 3252 iam
1090 3199 1266 3254 Archilochus
1283 3207 1392 3254 auctore

305 3280 446 3331 Plutarcho
468 3279 502 3330 de
525 3279 587 3330 aud.
612 3283 683 3344 po'et.
702 3294 729 3345 p.
747 3281 789 3332 86.
810 3282 966 3346 wycam:
995 3279 1047 3334 τὸν
1071 3277 1163 3356 ἄνδρα
1186 3281 1240 3351 τῆς
1263 3279 1393 3351 ἀδελφῆς

304 3357 506 3428 ἠφανισμένον
531 3361 562 3414 ἐν
586 3360 716 3435 θαλάττῃ
746 3365 796 3416 καὶ
819 3362 862 3431 μὴ
887 3363 1016 3428 τυχόντα
1039 3370 1167 3434 νομίμου
1192 3365 1291 3434 ταφῆς
1318 3367 1392 3436 λέγει

303 3441 419 3516 θρηνῶν
439 3442 629 3517 μετριώτερον
646 3439 685 3496 ἄν
701 3442 755 3512 τὴν
772 3445 930 3520 συμφορὰν
946 3449 1080 3518 ἐνεγκεῖν,
1098 3449 1392 3518 arcesseremusne

305 3529 355 3580 eol
376 3531 513 3600 χαρίεντα
532 3529 606 3595 μέλη
623 3520 785 3596 ΙἨφαιστος
804 3533 978 3606 καθαροῖσιν
1000 3535 1031 3588 ἐν
1048 3534 1164 3602 εἵμασιν
1180 3532 1390 3604 ἀμφεπονήθη.

309 3614 443 3676 -=Certe,
463 3615 485 3664 si
502 3614 639 3676 Horatius,
661 3615 734 3680 quod
751 3629 800 3668 nos
816 3629 927 3682 prorsus
943 3619 1110 3683 ignoramus,
1136 3623 1268 3672 Graecum
1284 3621 1391 3688 aliquod

306 3699 415 3750 secutus
433 3700 475 3748 est
492 3697 637 3763 exemplar,
656 3699 759 3764 lyricen
775 3715 828 3752 non
847 3701 906 3764 hait,
926 3717 989 3754 cum
1006 3706 1067 3768 post
1083 3717 1182 3756 novem
1199 3705 1311 3767 Lyrieoe
1322 3707 1392 3756 vire-

306 3782 339 3830 rit
355 3781 499 3844 Archytas,
519 3782 567 3832 sed
585 3778 725 3834 εἰόυλλιον
742 3783 784 3836 vel
802 3785 882 3836 etiam
900 3787 1064 3850 epigramma
1081 3785 1275 3840 Alexandrinae
1286 3791 1388 3841 aetatis.

305 3865 405 3915 Vemm
422 3864 626 3928 significationes
644 3867 703 3920 illae
720 3870 801 3920 litoris
816 3871 909 3921 Matini
920 3872 948 3920 et
961 3872 1081 3922 Venusiae
1097 3873 1122 3922 in
1135 3875 1266 3924 Graecum
1282 3875 1390 3939 potitam

304 3947 423 4011 prolecto
445 3962 498 3999 non
521 3949 632 4012 cadunt,
660 3952 709 4002 sed
729 3953 852 4017 propriae
875 3953 1000 4004 videntur
1021 3956 1129 4006 iloretii.
1171 3958 1285 4008 Proreus
1301 3959 1390 4008 autem

305 4031 442 4083 diversum
459 4032 541 4084 tuisse
558 4032 724 4086 Archilochei
742 4037 866 4088 carminis
879 4039 978 4090 exitum
990 4038 1071 4090 docet
1081 4038 1195 4090 alterum
1206 4041 1311 4104 Fragm.
1323 4039 1388 4092 inid.

305 4127 331 4178 p.
352 4115 408 4166 tas.
428 4115 481 4166 Cir.
501 4117 582 4167 etiam
599 4118 709 4181 Dionys.
728 4121 809 4183 Loug.
829 4121 873 4182 to,
901 4123 925 4172 7.
956 4123 1042 4185 (Quod
1058 4135 1123 4175 vem
1139 4123 1175 4175 ad
1192 4125 1279 4188 ipsam
1296 4137 1390 4191 super·

305 4197 453 4259 stitionam,
480 4213 550 4263 quae
576 4201 619 4251 hio
644 4203 773 4265 tangitur,
801 4205 910 4265 attinet,
937 4205 984 4256 clr.
1002 4205 1132 4260 Achillem
1156 4209 1260 4260 Tatium
1285 4221 1313 4274 p.
1332 4207 1387 4258 iio.

306 4281 411 4332 lacobs:
431 4281 558 4349 Λέγουσι
574 4282 605 4335 lt
621 4282 673 4348 τὰς
691 4284 722 4337 ἐν
739 4278 821 4338 ὕδατι
838 4283 941 4352 ψυχὰς
957 4283 1142 4362 ἀνῃρημένας
1157 4289 1232 4356 μηδὲ
1248 4284 1388 4356 stellano
