3012 4978
640 435 656 473 f
679 419 808 470 ttoaartt
827 419 996 470 cantttrttttt

461 575 640 642 Praebente
664 575 766 642 divos.
811 576 890 640 Nam
913 575 982 650 tibi,
1007 573 1148 662 quodie

504 700 618 764 Portus
642 696 845 768 Alexandrea
867 696 1004 784 supplex

546 822 585 885 Et
607 839 744 884 vacuam
766 818 915 904 patefecit
937 817 1058 892 aulam,

462 981 601 1043 Fortuna
622 975 723 1042 lustro
745 997 901 1064 prospera
923 977 1017 1043 terlio

461 1099 539 1166 Belli
563 1096 725 1166 secundos
747 1097 888 1164 reddidit
908 1099 1030 1172 exitus,

399 1199 401 1204 ¹
501 1221 713 1308 Laudemquc
737 1230 769 1286 et
791 1230 937 1306 optatum
959 1222 1098 1308 peractis

546 1342 692 1430 Imperiis
716 1341 817 1409 decus
841 1342 1010 1429 arrogavit.

463 1505 505 1569 Te
528 1501 688 1569 Cantaber
709 1523 773 1568 non
796 1512 869 1568 ante
892 1499 1063 1568 domabilis

358 1721 397 1770 35.
417 1719 572 1770 Alexandria
590 1719 656 1780 S,C,
676 1719 810 1768 maeandri
831 1719 885 1781 (sic)
898 1719 925 1768 T.
945 1717 1117 1782 (Alexandrea
1134 1731 1269 1783 superscr.
1289 1719 1345 1781 th.)

293 1906 398 1956 rabant.
439 1908 505 1956 iiiuc
532 1906 620 1956 ductus
647 1909 674 1958 et
702 1907 816 1968 auspiciu
855 1917 966 1955 revera
990 1905 1062 1955 idem
1085 1904 1132 1955 luit
1152 1905 1223 1966 dies,
1250 1909 1294 1956 est
1312 1909 1378 1956 leste

292 1982 488 2044 distinguuntur
505 1993 520 2030 a
538 1981 627 2031 Tacito
639 1983 706 2031 Anu.
720 1982 750 2041 2,
772 1980 813 2031 tt.
854 1978 1011 2030 Kalendario
1028 1981 1174 2040 Antiatiuo,
1194 1979 1298 2031 Claudii
1316 1985 1380 2031 lem-

295 2058 368 2118 (Aun.
393 2056 421 2116 3,
447 2055 490 2106 lt:
532 2055 640 2105 liberios
657 2081 672 2092 ·
688 2081 703 2092 -
719 2056 817 2106 candui
854 2065 933 2116 pore,
953 2056 981 2102 ut
997 2052 1117 2114 videtur,
1140 2053 1265 2105 coniecto
1283 2057 1377 2117 (inser.

291 2131 391 2192 scripsit
408 2157 422 2166 -
440 2157 454 2167 -
470 2131 518 2194 fide
542 2143 573 2179 oc
597 2131 689 2180 uirtute
713 2131 815 2193 baeton
854 2140 890 2178 m.
916 2128 971 2178 Lat.
996 2129 1026 2178 ll.
1046 2141 1072 2192 p.
1092 2128 1159 2190 397.)
1185 2131 1212 2178 el
1236 2129 1330 2179 Oresio
1351 2131 1377 2185 6,

291 2219 317 2256 sc
337 2207 486 2254 consiliis
502 2205 672 2269 alpersuisse.)
706 2207 814 2255 sueton.
855 2203 895 2252 l9.
915 2201 969 2252 Kal.
989 2201 1380 2268 Sexll1.,utaliiminuspro-

294 2283 386 2330 Octav.
402 2281 449 2329 al:
479 2281 582 2330 Domuit
596 2281 717 2343 -portim
732 2281 815 2340 dacto,
854 2275 977 2328 habiliter
986 2277 1106 2338 tradunt,
1125 2291 1158 2326 ιν.
1172 2275 1227 2327 Kal.
1242 2279 1316 2342 Sept.
1332 2279 1378 2340 (iil.

289 2355 386 2417 partim
408 2356 527 2416 auspiciis
548 2355 776 2403 aria--llaeliom
795 2358 818 2402 ct
854 2365 891 2402 m.
910 2353 1039 2416 Augusti.)
1062 2352 1116 2402 Cir.
1139 2353 1240 2402 lranlre
1264 2353 1334 2403 Fasli
1354 2365 1379 2416 p.

202 2467 217 2481 .
296 2429 430 2478 Vindelicos
446 2442 477 2477 uc
496 2428 619 2477 Sala-rma,
646 2427 719 2478 Ovid.
738 2428 815 2478 Trist.
854 2425 911 2478 dii.
931 2428 1019 2490 Longe
1037 2425 1113 2476 aliter
1129 2427 1201 2478 huuc
1217 2425 1310 2478 locum
1322 2429 1382 2476 Sca·

292 2502 321 2560 2,
342 2502 404 2550 til:
426 2501 556 2562 (Victoria)
574 2502 818 2564 Artsooirtmquedtl-
854 2499 920 2564 liger
936 2501 971 2552 dc
990 2501 1100 2552 Emend.
1120 2503 1201 2565 lcmp.
1224 2502 1256 2550 V.
1278 2515 1305 2565 p.
1325 2501 1379 2552 tal.

268 2588 345 2625 cem
372 2575 449 2624 solitis
477 2576 636 2625 circumvolet
664 2577 819 2625 alis--Per
854 2577 1056 2639 interpretatur:
1069 2576 1287 2640 «Hictmperium
1297 2579 1382 2639 Augu-

292 2663 365 2710 quan
382 2649 446 2699 bello
461 2651 536 2712 peris,
555 2651 702 2700 mtiusnanc
713 2664 818 2713 corpore
855 2652 888 2702 sii
906 2651 1040 2700 orditura
1059 2651 1142 2702 caede
1160 2651 1294 2710 Caesaris,
1313 2665 1381 2700 anno

288 2737 404 2788 pequam
429 2725 574 2787 Auspicium
596 2727 637 2776 coi
654 2727 700 2776 dos
722 2727 818 2789 pronde
855 2725 975 2777 secundo
1002 2726 1111 2776 Iuliano.
1150 2729 1243 2789 ltaque
1273 2727 1381 2776 tertium

291 2801 397 2862 deosqeec
412 2803 475 2849 tuos.
491 2813 582 2861 -quo
599 2801 645 2865 die}
664 2802 745 2861 «Quia
757 2804 818 2866 post
854 2798 967 2850 lustrum
979 2799 1146 2860 absolutum,
1165 2800 1192 2849 id
1204 2803 1260 2860 est,
1273 2801 1381 2864 quintus

292 2874 445 2937 quindecim
471 2888 555 2925 anuos
576 2888 658 2938 quam
683 2876 817 2936 Augustus
855 2873 977 2926 decimus
1002 2887 1087 2926 annus
1110 2887 1123 2923 a
1147 2874 1230 2926 caede
1258 2875 1380 2926 Caesaris

291 2947 478 2998 Alexandriam
500 2951 571 3012 cepit
592 2950 625 3012 (a.
648 2963 674 2998 u.
695 2963 718 2999 c.
738 2949 815 3010 litt,
854 2961 939 2999 annus
957 2952 1083 3013 receptae
1108 2948 1299 3008 Alexandriae,
1331 2949 1380 2998 boc

291 3023 412 3073 Tiberius
430 3025 528 3074 devicit
545 3023 722 3074 Vindelicos.»
742 3024 774 3086 (a.
788 3036 814 3072 u.
854 3027 909 3083 cst,
939 3037 1024 3074 annus
1050 3024 1114 3074 xvt.
1139 3021 1264 3074 lulianus.
1301 3024 1380 3073 Recte

292 3097 397 3159 cliii.)
425 3101 512 3148 Acrior«
538 3101 636 3149 Nnuun.
666 3123 693 3136 -
719 3097 815 3162 metus]
854 3099 932 3162 igilur
948 3099 1071 3148 Horatius
1086 3097 1205 3148 delinivit
1215 3099 1381 3162 tempusim·

292 3173 345 3222 Cir.
376 3172 471 3223 Strabo
501 3173 544 3232 ll,
575 3173 599 3222 6.
629 3173 671 3223 tl.
700 3185 727 3236 p.
758 3172 815 3223 tea.
854 3173 921 3237 perii
943 3173 1053 3236 Augusti
1077 3172 1111 3223 ad
1132 3175 1271 3236 receptam
1294 3185 1379 3236 usque

292 3246 385 3296 Tasch.
415 3245 602 3298 Alexandriam
636 3249 727 3297 autem
749 3247 777 3297 h.
798 3245 814 3297 l.
854 3245 1056 3308 Alexandriam,
1091 3259 1222 3296 annorum
1244 3247 1299 3296 XV.
1323 3245 1381 3297 soli-

292 3334 341 3383 per
363 3320 602 3391 προσωποποιῗαν
624 3322 694 3384 linge
719 3321 766 3371 libi
783 3321 817 3370 ii-
853 3321 975 3372 dorum.»
1014 3321 1114 3372 Verum
1138 3321 1178 3370 sic
1202 3319 1273 3372 uulla
1298 3322 1381 3372 inler-

291 3407 355 3457 gura
374 3395 511 3456 muliebri,
539 3396 768 3460 quemadmodum
789 3398 816 3446 in
854 3395 926 3446 cedit
948 3396 1015 3446 ratio
1037 3395 1106 3444 inter
1126 3394 1315 3446 Alexandriam
1336 3409 1379 3445 ca·

292 3472 408 3521 nummis
424 3469 507 3520 urbes
528 3469 615 3520 solent
635 3471 760 3534 exprimi,
787 3472 817 3521 ut
853 3473 927 3536 ptam
951 3473 977 3520 et
999 3468 1150 3521 Vindelicos
1173 3467 1331 3521 debellatos.
1349 3495 1377 3506 -

292 3543 362 3606 apud
392 3545 492 3594 Rosche
521 3545 583 3594 Lex.
611 3557 684 3594 num.
711 3543 731 3594 1.
753 3556 813 3608 pag.
853 3543 1094 3605 comeam-ouium]
1117 3543 1245 3594 Antonius
1264 3544 1378 3594 enimet

293 3615 350 3664 3t9.
378 3619 420 3668 est
436 3617 596 3668 Alexandria
624 3619 695 3683 ipsa,
721 3617 817 3668 mulier
855 3619 1010 3682 Cleopatra,
1035 3631 1097 3668 cum
1115 3629 1144 3666 sc
1167 3617 1193 3666 iu
1215 3615 1377 3667 Mausoleum

291 3690 382 3749 stans,
418 3695 493 3741 veste
522 3694 676 3753 succincta,
711 3696 815 3744 exserta
854 3695 1032 3758 recepissent,
1052 3705 1114 3742 mox
1130 3695 1245 3742 mortem
1257 3691 1380 3742 sibicon-

291 3762 385 3812 dextra
402 3776 533 3823 mamma,
561 3767 647 3830 capite
668 3765 817 3830 elephanti·
854 3769 997 3818 sciverunt.
1014 3793 1042 3802 ·-
1054 3765 1171 3828 reddidit]
1185 3777 1295 3816 «rursus
1306 3777 1380 3830 prae-

292 3850 354 3888 nam
367 3835 470 3899 galeam
482 3852 593 3900 garena,
607 3841 631 3890 in
641 3839 692 3890 alio
706 3855 817 3892 nummo
854 3842 936 3892 huila·
957 3867 985 3878 -
1000 3841 1111 3902 peractis
1124 3839 1245 3900 imperiis]
1264 3838 1379 3890 «bellicis

292 3910 414 3962 eiusdem
439 3911 512 3961 urbis
538 3912 601 3964 ibid.
620 3927 680 3977 pag.
700 3914 756 3964 323.
776 3918 818 3966 est
855 3913 1070 3980 expeditionibus
1088 3918 1115 3964 et
1140 3915 1191 3964 luis
1216 3915 1332 3979 propriis
1354 3917 1378 3964 et

292 3985 388 4038 mulier
406 3986 479 4036 humi
497 3985 632 4038 desidens.
654 4015 681 4023 -
701 3989 749 4039 lv.
768 4003 818 4050 quo
854 3991 954 4041 ducum
972 3993 1077 4040 luorum
1096 3993 1142 4040 tuo
1160 3987 1270 4038 consilio
1287 3988 1322 4038 ad
1342 3987 1379 4038 lc·

291 4064 331 4112 die
354 4065 443 4112 Portus
464 4063 515 4110 (tet.
543 4075 595 4111 non
630 4063 708 4112 nimis
736 4077 817 4114 accu-
853 4065 1010 4116 licissimum
1023 4065 1123 4114 exitum
1141 4064 1306 4128 perductis.»
1329 4063 1380 4114 ilo·

292 4139 348 4188 rate
375 4137 408 4188 de
434 4149 487 4186 uno
506 4137 657 4200 codemque
681 4137 724 4188 dic
745 4140 818 4188 acci·
855 4141 972 4192 nendum
984 4141 1036 4190 hoc
1048 4141 1108 4190 erat
1125 4143 1322 4203 proptereurn,
1336 4139 1378 4200 qui

291 4212 387 4276 pienda
405 4211 541 4270 ridentum
563 4212 612 4262 sed
631 4215 684 4263 est:
705 4214 817 4264 neodem
856 4228 942 4280 nuper
953 4215 1020 4264 mire
1033 4214 1222 4278 interpretatus
1234 4215 1287 4264 cel:
1307 4223 1378 4276 «pse-

292 4300 375 4354 propc
388 4291 509 4352 tempore
519 4292 701 4338 recurrente.»
718 4289 816 4348 Quodsi
855 4291 926 4352 igere
950 4288 1065 4352 (solocce
1083 4301 1132 4353 pro
1146 4287 1280 4352 peredere)
1299 4289 1378 4350 impe·
