3012 4978
556 444 687 500 esaum
705 445 877 501 SECULARE.

340 602 405 665 iam
427 601 508 666 mari
531 611 681 690 terraque
703 623 817 670 manus
838 614 986 691 potentes

339 720 452 788 Medus
475 720 680 812 Albanasque
703 724 793 790 timet
814 745 969 802 secures,

339 845 405 910 lam
429 841 568 932 Scythae
590 865 748 932 responsa
770 857 897 934 petunt,
925 848 1057 936 superbi
1211 855 1251 915 55

426 967 548 1053 Nuper,
574 975 607 1032 et
628 964 706 1031 lndi.

337 1122 404 1187 lam
425 1121 522 1190 Fides
545 1134 578 1190 et
600 1126 664 1191 Pax
686 1135 719 1192 et
740 1125 850 1193 Honos
875 1127 1049 1216 Pudorque

337 1242 467 1310 Priscus
489 1253 522 1310 et
542 1245 689 1330 neglecta
711 1245 818 1314 redire
841 1247 945 1314 Virtus

338 1363 451 1442 Audet,
476 1375 676 1454 apparetque
698 1366 794 1434 beata
816 1368 913 1456 pleno

421 1486 522 1574 Copia
543 1507 654 1554 cornu.
1210 1498 1253 1561 60

231 1673 272 1724 83.
290 1685 394 1724 monton
406 1679 532 1737 peterten
547 1675 631 1727 Bentl.
651 1679 720 1728 coni.
742 1706 768 1714 -
788 1679 828 1728 87,
846 1679 933 1729 Honor
949 1678 1055 1741 abdet
1072 1683 1133 1745 (non
1150 1683 1183 1744 c).

166 1855 246 1902 nere,
265 1840 329 1905 quid
346 1841 470 1893 Romanis
486 1844 623 1906 praestare
641 1843 690 1895 de·
706 1851 710 1878 ¹
727 1859 799 1908 σοις.
816 1874 843 1883 -
861 1847 967 1912 Mure]
985 1848 1055 1911 virg.
1066 1851 1131 1899 Aen.
1146 1849 1174 1912 6,
1187 1851 1249 1901 879:

165 1916 272 1968 beant.»
298 1941 326 1952 -
350 1915 462 1980 amabi]
487 1917 566 1981 iunge
584 1931 645 1970 cum
662 1933 688 1969 v.
726 1920 950 1986 immiscendos!
969 1950 991 1958 -
1009 1924 1102 1988 redire]
1115 1925 1141 1974 iu
1153 1926 1248 1986 terras,

163 1991 277 2051 septem
303 1990 375 2039 suet.
394 1991 450 2040 Oct.
469 1991 510 2040 74.
533 1991 582 2042 Dio
599 1991 644 2054 et,
663 1992 687 2044 8.
726 2008 793 2058 quas
811 2008 874 2046 cum
892 2009 906 2046 a
924 1995 1081 2048 mortalibus
1098 1998 1148 2049 coli
1165 1999 1248 2051 desita

163 2064 237 2114 Ovid.
257 2065 334 2115 Trist.
353 2065 383 2124 7,
397 2065 459 2114 227:
478 2067 551 2116 Nunc
563 2068 627 2129 petit
642 2068 690 2118 Ar-
726 2071 810 2130 esset,
834 2071 936 2120 maesta
954 2069 1108 2134 reliquerat;
1131 2072 1158 2122 id
1177 2073 1249 2137 quod

163 2138 260 2188 mentm
274 2151 381 2200 pacem
401 2153 468 2188 πνοι
482 2141 594 2204 porrigit
613 2154 689 2190 arem
726 2145 818 2195 Graeci
836 2145 870 2194 de
888 2147 1014 2206 Astraea,
1037 2145 1127 2212 Δίκη,
1157 2161 1249 2198 narra·

161 2213 269 2263 Partim
284 2226 357 2276 eques
374 2213 465 2263 tirnida
478 2219 602 2277 captaque
616 2216 690 2280 deoc
724 2217 802 2278 bant;
836 2219 900 2268 item
929 2219 1061 2272 Hesiodus
1080 2220 1160 2292 “Epp.
1190 2223 1247 2274 498.

161 2300 249 2337 mauu.
279 2315 306 2324 -
328 2287 392 2348 Indi]
418 2289 552 2351 Augustus
578 2290 635 2354 ipse
662 2290 688 2340 in
726 2291 836 2342 Goetti.:
858 2292 1013 2344 Arrectum
1034 2299 1176 2368 φαρέεσσι
1195 2311 1249 2346 κα-

160 2363 279 2414 Menum.
300 2364 397 2424 Ancyr.
418 2361 460 2412 ed.
480 2364 561 2414 Franz
578 2377 605 2428 p.
624 2365 686 2414 ⁴08:
724 2365 885 2432 λνψαμενω
902 2366 978 2440 χρόα
989 2367 1079 2421 καλὸν
1088 2366 1249 2422 Ἀθανάτων

160 2431 241 2570 Πὲὸς
250 2434 302 2500 ἐμὲ
315 2431 346 2500 ἐξ
357 2429 456 2499 Ἰνδίας
464 2434 608 2496 βασιλέων
625 2451 689 2510 πρε-
723 2437 797 2507 μετὰ
836 2439 931 2503 φῦλον
974 2441 1036 2495 ἴτον
1081 2443 1246 2517 προλιπόντ’

161 2524 181 2561 σ
202 2515 259 2560 siat
293 2507 432 2573 πολλάκις
464 2503 686 2578 ἀπεστάλησαν,
723 2511 896 2588 ἀνθρώπους
916 2515 1008 2581 Αἰδώς
1035 2521 1085 2570 καλ
1111 2521 1246 2585 Νέμεσις.

161 2577 301 2636 οὐδέποτε
312 2579 367 2656 πρὸ
384 2580 489 2636 τούτου
506 2583 559 2636 τοῦ
576 2583 686 2658 χρόνον
726 2619 754 2628 -
772 2593 936 2655 apparetque]
953 2590 1124 2658 Splendidam
1141 2595 1184 2646 bic
1196 2609 1248 2646 nu·-

160 2655 301 2722 ὀφθεῑσαι
333 2656 412 2732 παρὰ
442 2655 588 2726 Ῥωμαιων
620 2657 687 2730 dye-
723 2667 802 2716 minis
819 2663 990 2730 ἐπιφάνειαν
1006 2669 1145 2732 significat.
1160 2698 1188 2706 —
1201 2671 1247 2721 Co-

158 2732 239 2802 μόνι.
268 2737 307 2786 De
324 2734 451 2786 Indorum
468 2738 559 2786 autem
575 2735 686 2800 legatio-
718 2740 774 2803 pio]
793 2739 972 2791 abundantiae
990 2742 1055 2802 dea;
1082 2745 1158 2793 cuius
1179 2747 1247 2795 ima-

159 2812 239 2863 nibus
264 2811 298 2862 ad
322 2813 471 2874 Augustum
494 2813 584 2862 missis
607 2814 685 2864 docte
721 2815 782 2877 gine
799 2816 942 2879 praecipue
960 2814 1108 2868 delectatus
1125 2822 1248 2869 essedu-

159 2887 304 2952 disputavit
319 2887 406 2950 Unger
422 2887 453 2936 V.
472 2886 502 2936 R.
516 2899 542 2949 p.
556 2887 611 2936 355.
636 2885 682 2949 (ct.
721 2891 814 2951 gustus
828 2889 942 2940 videtur.
967 2889 1014 2939 Od.
1030 2892 1040 2940 4
1055 2929 1061 2951 ,
1078 2891 1126 2951 47,
1144 2891 1175 2942 44
1186 2905 1245 2956 sqq.

158 2965 190 3013 Α.
209 2963 252 3012 W.
277 2959 396 3024 Schlegei
420 2959 685 3010 Berliuer-Koimder
721 2963 787 3026 Epp.
801 2963 825 3023 4,
838 2964 920 3024 4778
930 2977 970 3026 sq.
983 2963 1035 3014 Cir.
1044 2963 1245 3016 MiiilerDeairm.

159 3035 233 3087 4879.
256 3049 283 3100 p.
302 3033 343 3086 48.
368 3036 397 3084 G.
420 3034 504 3084 Riiter
528 3035 618 3098 Geoqr.
636 3049 684 3085 νοπ
721 3036 752 3085 V.
771 3037 801 3084 N.
825 3035 882 3086 377.
913 3037 1025 3086 Genium
1047 3039 1157 3101 Augusti
1183 3051 1247 3090 cum

157 3111 232 3160 Asier
247 3110 290 3159 [V.
310 3111 333 3160 4.
349 3122 375 3173 p.
389 3107 437 3159 488
455 3121 531 3172 seqq.
545 3107 645 3172 Beniey
656 3111 684 3160 in
721 3109 814 3172 copiae
826 3122 908 3159 cornu
920 3113 1052 3161 monstrat
1060 3112 1176 3163 visconti
1187 3115 1247 3163 Me-

158 3185 261 3236 Erschii
286 3187 314 3234 et
339 3182 452 3234 Gruberi
477 3183 584 3246 Encyel.
612 3197 634 3235 s.
655 3197 681 3234 v.
720 3197 760 3234 seo
776 3184 919 3234 rto-cieo.
939 3185 963 3235 8.
983 3183 1047 3235 Tab.
1066 3187 1090 3236 7.
1112 3213 1139 3223 -
1158 3188 1247 3251 νοντα]

157 3259 257 3320 ludier,
275 3272 302 3322 p.
316 3257 367 3322 89.)
721 3259 814 3308 Graeci
841 3257 926 3309 simile
954 3258 1055 3309 habent
1078 3253 1247 3324 Ἀμαλθειας

191 3333 295 3384 87-60.
325 3333 412 3398 Fides]
442 3333 573 3398 Theognis
600 3334 681 3385 tter:
719 3333 814 3404 κέρας.
847 3331 926 3396 Apud
951 3334 1082 3385 Senecam
1108 3334 1178 3384 Med.
1204 3335 1244 3385 65.

156 3406 268 3470 Πίστις,
285 3403 398 3474 μεγάλη
415 3403 493 3470 θεός.
509 3435 537 3444 -
549 3408 614 3472 Poe]
630 3409 684 3458 Eu·
720 3408 781 3458 Paci
807 3407 857 3471 ipsi
883 3406 1008 3457 tribuitur
1030 3420 1113 3458 cornu
1137 3409 1244 3473 copiae:

157 3483 207 3547 rip.
233 3483 319 3534 orest.
342 3482 420 3533 taes:
450 3477 504 3547 τὴν
527 3479 684 3548 καλλιστην
719 3482 752 3532 m
769 3495 847 3532 rome
862 3483 952 3532 retinet
968 3483 1162 3544 eioeeeoptam.
1193 3483 1247 3532 Re-

157 3553 239 3608 Θεῶν
249 3553 385 3628 Εἰρήνην,
405 3557 466 3608 Eius
478 3569 525 3606 ara
536 3557 685 3608 erati-the·
721 3556 824 3606 eeniior
843 3549 941 3621 μῦθος
958 3555 1064 3607 videtur
1081 3556 1152 3621 apud
1170 3556 1244 3606 Ouid.

156 3633 207 3683 nis.
232 3630 290 3682 vid.
305 3632 383 3682 Corn.
397 3633 464 3695 Nep.
483 3631 510 3681 in
528 3632 642 3682 Timoth.
656 3633 681 3682 7.
719 3631 783 3682 Met.
796 3631 824 3691 9,
842 3631 883 3681 87.
901 3629 1034 3681 Achelous
1051 3630 1086 3681 de
1099 3643 1182 3681 cornu
1194 3629 1245 3681 sibi

156 3708 185 3758 et
210 3718 279 3770 quae
307 3706 445 3756 adnotavit
468 3705 631 3770 Nipperdey.
653 3733 681 3742 -
720 3703 755 3754 ab
773 3701 886 3755 Hercule
909 3707 1043 3756 truncato:
1070 3707 1164 3756 Naides
1184 3706 1245 3768 boe,

156 3781 254 3843 Hortos,
281 3781 359 3845 quia
383 3781 507 3831 Romanis
530 3778 682 3842 colebatur,
716 3779 799 3842 pontis
815 3783 838 3828 et
854 3779 932 3829 odoro
951 3781 1013 3844 tiore
1033 3780 1169 3842 repletum,
1195 3781 1247 3831 Sa·

156 3857 265 3922 proprie
283 3855 325 3906 esi
339 3855 424 3906 Honos
443 3855 557 3916 Virtute,
576 3855 621 3918 qui
633 3855 685 3904 vir-
720 3859 840 3913 erotema·
865 3853 980 3916 divesque
1000 3867 1055 3904 meo
1081 3853 1146 3904 bone
1168 3855 1247 3917 Copia

156 3933 242 3981 tutem
260 3930 447 3992 consequitur;
474 3928 524 3981 sed
545 3931 599 3980 iem
616 3942 631 3978 a
648 3930 682 3980 44.
720 3942 800 3978 como
824 3933 867 3978 est.
889 3957 917 3964 -
937 3929 1079 3979 ePacatum
1104 3931 1194 3978 autem
1220 3930 1248 3978 et

155 4003 280 4058 Marcello
291 4002 362 4054 bello
372 4002 470 4054 Gallico
482 4003 517 4054 ad
528 4001 683 4054 Clastidium
721 4003 841 4066 quietum
857 4003 912 4054 iam
929 4016 988 4053 esse
1006 4004 1139 4053 terrarum
1151 4001 1247 4052 orbem

156 4079 239 4130 aedes
264 4090 359 4132 rorem
381 4091 415 4128 rr
432 4091 530 4129 rrrrrrr
552 4080 613 4129 vota
632 4080 681 4130 est.
720 4090 783 4127 cum
795 4076 885 4128 verbis
897 4079 953 4127 tum
965 4077 1084 4128 numeris
1101 4074 1246 4126 lenioribus

156 4155 212 4206 biv.
226 4154 271 4215 77,
289 4155 330 4206 78.
352 4179 379 4190 -
392 4153 485 4216 Pudor]
502 4152 581 4217 Apud
592 4153 682 4218 Eurip,
720 4151 826 4216 egregie
846 4150 991 4202 declaravit
1006 4152 1099 4215 poete,
1118 4151 1148 4198 ut
1159 4149 1204 4212 qui
1219 4149 1245 4200 in

157 4230 236 4294 iiipp.
250 4229 295 4279 77:
317 4221 466 4300 ἀκήρατον
478 4254 493 4266 -
507 4225 683 4294 λειμῶνα--
720 4227 837 4290 strophis
860 4225 891 4276 44
909 4228 936 4276 et
953 4227 992 4276 48.
1012 4223 1153 4288 quinquies
1174 4221 1244 4274 molli

95 4353 100 4360 .
157 4298 458 4369 Aram-noveramus
477 4297 596 4370 κηπεύει
616 4298 683 4374 δρό-
720 4297 1243 4352 caesuratrochaieausussit.»Sramse.
