3012 4978
509 457 641 510 CARMEN
658 459 830 512 secubare.

387 617 542 702 Proroget
564 636 689 682 aevum.

301 776 459 862 Quaeque
482 775 671 841 Aventinum
694 785 781 842 tenet
802 775 1031 862 Algidumque,

303 894 494 975 Quindecim
517 897 618 962 Diana
640 917 755 983 preces
777 895 918 962 virorum

305 1017 403 1084 Curet
424 1028 456 1084 et
477 1019 559 1083 votis
582 1040 757 1105 puerorum
780 1019 899 1084 amicas

388 1137 534 1226 Applicat
556 1160 661 1207 aures.

201 1329 242 1379 68.
262 1329 381 1392 Proropet
398 1327 434 1389 b,
457 1331 484 1378 et
501 1328 606 1379 duobus
624 1332 741 1394 exceptis
759 1343 854 1382 omnes
872 1331 1004 1392 Pottierii,
1031 1333 1094 1382 item
1116 1335 1183 1382 Lllt:

167 1404 291 1468 Proropat
307 1404 341 1464 Β,
369 1402 620 1466 marmoratam..
648 1417 717 1455 unus
735 1407 853 1466 flerem,
872 1422 902 1470 y,
922 1419 962 1470 pr.
981 1421 1013 1466 κ,
1032 1408 1098 1457 Ροιι.
1118 1408 1185 1463 duo.

165 1479 205 1539 C,
232 1475 333 1538 Bentl,
360 1478 412 1528 rm.
441 1503 469 1514 —
499 1479 539 1528 il.
560 1479 784 1530 Curetbetduo
801 1481 929 1542 Pottierii,
957 1483 1001 1540 Lt3
1029 1482 1188 1533 Curotltet

170 1553 280 1617 praeter
297 1552 381 1604 Codd.
408 1566 423 1601 a
449 1551 568 1603 Bentleio
592 1553 627 1604 ad
652 1569 677 1604 v.
695 1557 820 1618 Proroput
837 1559 1014 1617 memoratos,
1044 1555 1114 1618 βλχ,
1133 1561 1187 1608 tres

165 1628 286 1694 iterem..
305 1640 360 1677 ver.
374 1627 435 1677 lect.
448 1643 486 1686 ω,
500 1629 529 1690 C,
542 1629 637 1691 Bentl,
651 1630 703 1680 ιιι.
720 1658 746 1666 -
766 1631 806 1679 72.
824 1629 935 1692 Applicat
949 1629 968 1680 b
986 1634 1014 1681 et
1029 1633 1144 1682 Pottierii
1157 1634 1187 1692 8,

167 1703 259 1762 Mi:
284 1701 401 1765 Applicat
412 1705 446 1764 Β,
467 1703 551 1753 Codd.
565 1717 579 1752 a
591 1703 674 1754 Bentl.
694 1704 728 1754 ed
745 1717 771 1753 v.
791 1705 870 1754 Garat
886 1709 1040 1767 memorati,
1060 1708 1089 1768 C,
1102 1707 1187 1757 Bentl.

166 1777 219 1828 Fit.
249 1776 395 1828 Decetia
412 1790 483 1828 nuno
500 1779 563 1828 mibi
581 1791 635 1829 non
652 1783 762 1830 constat.
794 1781 854 1842 (Nos
871 1783 980 1832 secutus
997 1785 1039 1832 est
1054 1781 1140 1843 Jahn.)
1161 1809 1187 1818 -

166 1853 238 1902 oum
254 1853 283 1902 Β.

132 2019 271 2084 religiosa,
293 2021 413 2086 proprie,
434 2035 487 2072 non
504 2021 604 2072 infinite
624 2023 661 2085 (ut
696 2025 758 2088 post
773 2037 815 2073 vv.
836 2024 867 2074 68
886 2027 912 2075 ει
929 2023 980 2085 72,
999 2037 1110 2090 prorsus
1122 2025 1219 2090 inepta,

133 2095 191 2146 aliis
202 2095 310 2160 placuit)
322 2096 522 2160 accipiendum,
541 2097 602 2147 ideo
613 2111 661 2162 po-
697 2099 719 2147 si
737 2109 786 2162 per
802 2110 913 2161 zeugma
930 2099 998 2162 part.
1017 2099 1038 2148 ri
1054 2100 1182 2150 relerasa
1196 2113 1220 2149 v.

133 2170 282 2232 tissimum,
301 2170 373 2234 quod
391 2184 461 2221 enno
478 2171 659 2234 praecedente
696 2172 762 2221 ciaet
779 2171 813 2220 ad
831 2173 880 2222 tria
899 2170 1001 2235 reliqua
1017 2173 1102 2224 verba
1120 2176 1146 2224 et
1163 2187 1178 2223 a
1196 2189 1220 2224 v.

133 2245 192 2295 736.
211 2246 345 2307 Augustus
363 2246 446 2296 πέντε
462 2243 515 2311 τῆς
531 2260 660 2316 προστα-
698 2246 738 2296 ι3.
758 2245 886 2310 apoduein
903 2247 1027 2310 incipias,
1054 2250 1084 2297 ut
1104 2249 1151 2298 sit:
1180 2251 1220 2299 «Si

133 2321 202 2382 σίας
225 2311 294 2384 ἔτη,
322 2316 474 2391 ἐπειδήπερ
502 2315 519 2370 ὁ
544 2318 661 2387 δεκέτης
697 2318 790 2383 Apollo
807 2333 865 2370 rem
883 2319 1018 2384 publicam
1033 2326 1170 2386 prorogat,
1189 2325 1224 2374 si-

133 2391 242 2466 χρόνος
250 2389 362 2458 ἐξήκων
374 2385 419 2460 ἤν,
432 2394 601 2466 προσέθετο.
611 2398 660 2446 Dio
698 2407 750 2458 que
779 2395 862 2444 Diana
891 2397 959 2446 votis
987 2395 1102 2461 applicat
1129 2410 1223 2456 auree,

135 2469 182 2531 54,
202 2469 241 2518 ιι.
271 2470 326 2520 Ηεε
343 2469 450 2520 laenam
470 2471 589 2534 principe
605 2473 662 2521 Au·
698 2481 776 2533 spem
789 2472 897 2532 reporto
914 2473 966 2521 cet.

134 2547 213 2608 gusto
230 2542 291 2594 lelin
307 2543 364 2594 iore
376 2543 426 2594 sibi
444 2543 560 2609 spondet
571 2546 659 2608 politic
718 2543 835 2610 ,69-72.
867 2545 995 2612 Quaeque]
1022 2547 1053 2598 Ut
1077 2545 1224 2610 Apollinem

133 2620 241 2670 alienam
262 2621 353 2668 autem
372 2621 579 2683 «proximumm
608 2621 661 2671 iam
698 2631 748 2682 per
765 2619 860 2669 eedem
878 2619 1037 2680 Palatinam,
1057 2623 1096 2671 sic
1114 2622 1225 2672 Dianam

134 2693 257 2758 sequitur
276 2695 383 2756 tempus
404 2693 535 2744 inlinitum
560 2695 662 2744 metim·
699 2691 847 2744 obtestatur
865 2694 962 2744 chorus
980 2707 1030 2759 per
1046 2693 1187 2758 religiones
1200 2699 1226 2746 et

135 2781 184 2830 qne
194 2781 290 2831 semper
301 2795 316 2805 -
327 2781 428 2826 aevnm3
447 2779 545 2830 seraper
561 2783 594 2818 ex
612 2770 663 2820 lor*
699 2769 799 2819 Romae
811 2770 838 2817 et
849 2769 875 2818 in
888 2769 975 2828 Latio,
988 2769 1014 2818 in
1028 2773 1120 2819 monte
1131 2769 1225 2833 Algido

134 2842 225 2902 maala,
252 2844 281 2893 ut
304 2842 361 2893 Tib.
382 2843 411 2904 l,
436 2843 464 2904 ι,
492 2843 539 2892 63:
565 2845 597 2892 At
619 2850 660 2906 tn,
701 2841 799 2904 (ΟΜ,
817 2843 859 2903 it,
879 2843 913 2904 6.)
927 2841 962 2893 illi
978 2843 1123 2904 institutae,
1143 2847 1184 2903 ut,
1203 2846 1225 2896 si

135 2919 247 2979 Natalis,
260 2917 506 2968 meboeoeebranae
512 2930 561 2980 per
572 2931 660 2979 annor,
698 2916 812 2980 propitia
829 2917 864 2966 sit
880 2918 992 2981 imperio
1009 2918 1142 2978 Romano,
1173 2919 1224 2968 hoc

135 2993 275 3045 Candidior
290 3007 386 3055 semper
402 2993 581 3054 candidiorque
595 2994 660 3044 oeni.
700 2991 834 3042 fortunare
859 2989 931 3041 velit.
963 2992 1061 3042 Zosim.
1080 2993 1111 3052 Ξ,
1135 2994 1165 3042 5:
1195 2994 1226 3044 ἐν

134 3066 211 3118 Ovid.
223 3068 291 3118 last.
303 3069 314 3118 l
326 3106 331 3127 ,
345 3069 385 3119 87.
406 3067 439 3118 de
455 3066 509 3118 Kal.
523 3068 659 3118 Ianuariis:
699 3063 738 3133 τῷ
757 3062 822 3136 ιερῷ
840 3063 892 3130 τῆς
907 3059 1080 3137 Ἀρτέμιδος,
1101 3061 1118 3117 ὃ
1136 3066 1167 3118 e'v
1186 3065 1225 3135 τῷ

139 3143 225 3204 8αιυε,
238 3144 305 3192 laeta
316 3144 375 3204 dies,
393 3143 529 3204 nectierque
538 3148 664 3193 reuertere
697 3137 860 3207 Ἀουεντὶνῳ
877 3137 961 3208 λόφῳ
978 3139 1147 3214 καθίδρυται
1163 3141 1223 3193 κτλ.

134 3231 239 3279 semper.
282 3215 410 3267 Nonnulla
442 3219 552 3280 poetae,
585 3216 661 3280 longe
702 3245 728 3252 -
753 3217 1082 3281 Quindecim-mirorum]
1106 3217 1173 3266 Cum
1200 3215 1225 3266 bi

133 3291 237 3342 maiore
260 3292 437 3356 interpretum
460 3289 537 3355 culpi
562 3291 662 3342 lactum
699 3291 754 3342 ludi
776 3289 913 3341 seculares
936 3304 968 3340 ex
991 3289 1121 3341 librorum
1142 3290 1227 3354 Sibyl-

135 3369 187 3426 est,
205 3367 235 3414 ut
252 3364 294 3416 alii
310 3366 452 3427 iungerent
468 3367 569 3415 Latiam
585 3367 660 3429 setin,
698 3365 814 3416 tinorum
848 3378 979 3430 responso
1014 3364 1224 3426 celebrarentur,

133 3441 222 3504 ocelim
239 3453 336 3498 acuam,
355 3438 397 3489 alii
415 3441 515 3489 Latium
530 3440 593 3504 setin
608 3453 662 3490 me-
699 3453 767 3504 quos
780 3438 842 3491 solis
854 3440 1077 3500 Quindecimviris
1092 3441 1150 3490 Suc.
1165 3441 1224 3505 Fac.

134 3517 242 3577 timeare,
261 3514 302 3564 alii
320 3513 438 3577 denique
454 3515 518 3577 [elie
535 3514 568 3564 ad
581 3513 662 3578 Apol·
699 3514 773 3564 adire
791 3513 902 3573 licebat,
924 3516 1135 3565 consentaneum
1153 3518 1224 3577 erat,

133 3589 217 3641 linem
234 3589 379 3650 reterrent,
407 3588 572 3654 appellentes
588 3589 659 3652 virg.
698 3592 729 3640 ut
739 3588 968 3639 bocsacerdotum
977 3587 1118 3652 collegium
1126 3589 1226 3640 diserte

134 3664 189 3716 Ecl.
203 3666 228 3724 e,
239 3664 283 3714 lit:
302 3665 343 3714 Sia
360 3663 462 3714 tonnae
477 3664 590 3728 foliaque
604 3664 660 3714 tais.
699 3665 903 3713 memoraretur.
939 3663 1020 3713 Tacit.
1034 3664 1100 3714 nnn.
1116 3664 1162 3725 ιι,
1177 3665 1223 3714 ll:

161 3739 210 3790 -68.
228 3739 602 3802 l’roropet-Curet-Applicet]
612 3741 662 3790 Per
698 3739 800 3801 callepio
812 3738 1023 3800 Oindecirnvtrnm
1039 3739 1178 3801 antiquitus
1195 3753 1226 3789 ea

133 3829 164 3868 se
189 3813 360 3864 manifestum
380 3815 436 3872 est,
464 3814 590 3864 carminis
616 3813 660 3863 lini
698 3827 762 3862 cura
781 3811 912 3875 (ludorum
929 3812 1109 3876 secularium),
1129 3819 1152 3864 et
1168 3828 1227 3864 ma·

134 3900 229 3938 rursus
244 3887 322 3936 unice
335 3889 477 3938 convenire
494 3889 662 3952 precationes
698 3889 819 3952 pietratue
842 3889 999 3950 polissirmon
1028 3889 1227 3951 mouebantur

133 3975 199 4012 vere
218 3960 368 4024 religiosas,
393 3974 445 4011 non
464 3961 572 4013 nimiam
591 3961 661 4013 illam
699 3963 783 4026 officia
800 3963 1021 4013 caerimoniarum.
1037 3992 1064 3999 -
1077 3963 1225 4026 puerorum]

133 4035 337 4088 indicativorum
349 4035 546 4098 confidentiam,
557 4039 663 4100 quaeat
700 4038 838 4101 utriusque
856 4051 945 4089 sexus.
976 4037 1074 4089 Paulus
1092 4037 1125 4087 tle
1142 4037 1224 4086 Verb.

134 4109 311 4175 scriptoribus
329 4109 444 4161 librariis
457 4113 483 4160 et
496 4111 593 4162 criticis
607 4113 664 4176 qui-
700 4111 788 4175 Signil.
809 4111 843 4161 ed
867 4113 986 4162 Cramer.
1005 4125 1032 4177 p.
1051 4111 1091 4161 78.
1110 4109 1170 4170 463,
1195 4112 1224 4158 l:

133 4185 260 4246 busdam,
274 4185 396 4248 adeoque
409 4186 458 4249 ipsi
468 4185 596 4248 Bentleio,
609 4184 664 4250 pla-
699 4187 773 4236 Pueri
785 4187 950 4250 appellatione
962 4187 1039 4237 etiam
1051 4185 1139 4246 paetto
1149 4185 1227 4247 siprit-

135 4261 198 4310 cuit.
212 4261 284 4320 Quae
294 4259 404 4323 quidem
416 4259 482 4310 ratio
493 4261 556 4311 tuuc
568 4260 663 4311 saltem
698 4263 799 4324 fleatur.
820 4289 846 4298 —
867 4261 963 4311 amicae
980 4259 1099 4322 Applicor]
1119 4258 1225 4323 «propi-

136 4332 280 4386 lolerabilis
298 4337 351 4396 esi,
378 4336 400 4384 si
421 4333 499 4398 plene
518 4335 663 4400 distinguas
702 4337 751 4387 tiae
769 4335 923 4400 praebeat.»
950 4337 1042 4385 Senon.

222 4427 313 4473 tieem.
331 4439 387 4473 ron.
407 4427 423 4472 l.
455 4427 640 4474 nominaui.
1023 4427 1046 4469 ιι
