2998 4980
683 421 809 470 HOllthl
829 421 996 471 ChlllllNUhl

552 585 657 649 Silvae
680 576 862 646 laborantes
884 576 1024 663 geluque

552 705 697 772 Flumina
719 698 918 766 constiterint
940 705 1043 761 acuto.
1090 777 1094 788 ι

509 863 656 931 Dissolve
680 861 778 947 lngus
800 859 885 944 ligna
906 873 1006 940 super
1028 852 1098 918 loco

512 990 612 1073 Large
636 1000 796 1069 reponens
819 975 915 1066 atque
937 975 1108 1062 benignius

552 1110 714 1193 Deprome
737 1100 942 1188 quadrimum
965 1097 1097 1170 Sabina,

551 1230 579 1295 Ο
603 1221 801 1299 Thaliarche,
825 1241 952 1286 morum
974 1219 1071 1285 diota.

509 1387 659 1453 Permitte
682 1381 766 1448 divis
788 1390 910 1454 cetera,
934 1377 989 1465 qui
1012 1374 1105 1441 simul

365 1579 388 1632 l.
409 1577 500 1630 actim?
519 1576 552 1640 lb)
573 1576 631 1626 CtF.
654 1600 681 1609 -
700 1573 724 1620 7.
744 1573 845 1632 Depone
862 1568 890 1617 T.

300 1745 513 1812 conspiciendus,
536 1742 614 1793 hodie
632 1741 716 1790 Monte
734 1740 825 1800 Tretto,
863 1737 919 1800 ipsa
938 1735 1008 1784 diota
1025 1734 1154 1783 hauritum
1170 1761 1196 1769 -
1216 1737 1383 1800 quadrimestre]

301 1823 356 1882 vel,
375 1823 405 1870 ut
422 1819 465 1869 ulii
480 1817 585 1876 volunt,
603 1815 724 1865 lloutedi
735 1813 761 1863 S.
775 1815 827 1862 Sil·
863 1812 927 1862 satis
944 1811 1023 1872 igitur
1039 1811 1115 1859 vetus
1134 1822 1166 1858 ac
1183 1807 1270 1870 dulce,
1290 1823 1385 1873 quam-

300 1902 396 1955 οοοιτο,
414 1891 457 1942 vel
474 1893 558 1940 Monte
574 1891 599 1938 di
617 1889 643 1938 S.
664 1889 755 1938 Oreste.
776 1888 827 1936 «So
863 1886 902 1936 vis
920 1884 1047 1934 Sabinum
1064 1883 1210 1934 dumtaxat.
1232 1883 1280 1933 cd.
1301 1885 1324 1942 l,
1343 1886 1384 1944 20,

294 1973 383 2034 somne
413 1967 486 2016 holte
519 1970 542 2014 et
575 1963 709 2027 siopulicre
737 1964 828 2026 frcppe
864 1961 891 2008 l:
913 1959 962 2008 uile
978 1958 1100 2008 Sabinum
1116 1959 1144 2008 et
1155 1958 1300 2019 plumbeum
1316 1959 1387 2010 lilar-

300 2044 336 2092 iee
361 2043 483 2106 reparcis,
510 2039 595 2100 quand
613 2051 644 2086 on
669 2042 722 2086 sort
747 2038 776 2086 de
800 2037 827 2086 ia
863 2031 973 2094 halitu,
993 2032 1033 2082 lc.
1061 2033 1132 2082 Bimo
1150 2034 1290 2082 contentus
1308 2035 1386 2082 estin

300 2119 359 2167 oilie
382 2131 436 2179 por
459 2128 508 2164 une
532 2115 574 2163 des
598 2115 665 2162 deun
686 2117 772 2174 portes
793 2113 827 2160 du
863 2109 993 2159 sacrificio
1010 2109 1107 2157 Veneri
1125 2106 1213 2158 oblato
1229 2107 1277 2156 0d.
1298 2109 1321 2166 l,
1341 2109 1385 2162 tm

299 2194 390 2242 nord.»
410 2190 584 2242 tualekenaer
601 2190 620 2238 l.
640 2202 666 2251 p.
685 2185 742 2238 tlt.
862 2185 944 2232 horna
954 2184 1014 2232 vina
1026 2181 1095 2230 bibit
1105 2181 1163 2231 ami
1175 2180 1288 2244 agricolo
1301 2181 1385 2245 Epod.

333 2267 357 2316 3.
388 2265 537 2326 laborantes]
568 2265 717 2312 «nutantes
746 2263 825 2324 atque
864 2260 888 2318 2,
908 2257 948 2307 tt.
971 2255 1019 2324 Alli
1036 2257 1133 2306 Sabinu
1149 2257 1237 2306 urinus
1254 2259 1327 2306 recte
1345 2258 1388 2306 iu·

301 2354 361 2391 sese
379 2339 547 2388 inflectentes
564 2335 615 2387 sub
633 2337 699 2385 nivis
717 2349 825 2384 caereo
863 2335 1044 2396 terpretantur
1064 2332 1098 2381 de
1121 2345 1184 2382 vase
1203 2332 1388 2384 tantummodo

301 2415 350 2466 Od.
373 2415 399 2472 2,
422 2414 447 2474 9,
469 2413 497 2462 6:
524 2411 686 2473 Aquilonibus
711 2415 828 2472 querceto
865 2406 948 2466 fictili,
977 2404 1063 2468 qualia
1087 2419 1119 2456 ex
1143 2420 1175 2455 ea
1200 2407 1308 2469 regione
1335 2407 1388 2456 llo-

302 2489 418 2552 Gorponi
439 2488 564 2536 laborant.
595 2513 622 2522 -
649 2486 760 2548 petoque]
784 2485 827 2534 Li·
864 2496 937 2533 mam
954 2481 1050 2531 advehi
1068 2479 1143 2531 solita
1164 2483 1223 2530 sint.
1254 2508 1281 2516 -
1309 2481 1387 2544 diota]

301 2563 360 2612 vius
386 2563 411 2622 5,
439 2562 483 2610 tu:
513 2561 619 2624 lndpnis
639 2573 721 2608 onnus
743 2559 774 2622 (a.
798 2573 824 2608 u.
864 2555 929 2608 Plat.
948 2557 1024 2619 Hipp.
1050 2557 1112 2605 mai.
1136 2569 1161 2618 p.
1184 2555 1241 2606 288.
1266 2555 1301 2604 D:
1332 2553 1388 2604 τῶν

302 2636 368 2698 355.)
395 2637 473 2686 hieme
497 2637 581 2698 aalide
605 2649 636 2684 οο
657 2636 745 2684 niuosa
768 2634 826 2696 suit,
864 2626 960 2682 καλῶν
981 2627 1094 2700 χυτρῶν
1116 2630 1173 2680 εἰσί
1190 2627 1387 2691 τινεςοίωτοι,

302 2712 364 2760 odeo
381 2714 409 2758 ut
425 2710 483 2758 elue
499 2710 614 2768 cloacae,
640 2708 730 2757 Tiberis
750 2709 827 2757 ιὀοο-
864 2705 920 2756 τῶν
939 2701 970 2769 ἓξ
991 2701 1066 2767 χόας
1086 2701 1255 2774 χωρουσῶν.
1291 2707 1388 2756 Moeris

301 2784 417 2852 nipahilis
437 2784 521 2847 suerit.
558 2783 682 2833 Recentia
706 2781 827 2845 exempla
864 2795 889 2844 p.
925 2780 970 2831 ll:
1010 2774 1164 2849 ἀμφορέα,
1200 2774 1251 2829 τὸν
1284 2777 1389 2828 δίωτον

303 2860 380 2910 atlort
396 2857 506 2907 Schlller
522 2871 548 2920 p.
568 2857 608 2908 tl.
865 2850 1002 2920 οταμνόν.
1039 2849 1197 2918 «Amphora
1207 2853 1321 2904 duarum
1339 2867 1389 2903 au-

335 2933 359 2984 l.
379 2934 461 2996 acuto]
481 2931 554 2983 Pind.
574 2931 651 2994 Pyth.
665 2931 689 2991 l,
703 2931 748 2980 39:
767 2929 829 2989 χιό·
864 2932 942 2988 rium,
962 2929 1050 2988 idest,
1069 2941 1221 2978 ansarum.»
1239 2929 1318 2978 Laus.
1340 2926 1390 2977 Alii

302 3023 352 3069 νος
371 3001 475 3070 ὀξείας,
495 3019 564 3069 quae
582 3005 678 3068 frigore
695 3004 828 3054 suovelut
865 3006 952 3055 minus
978 3005 1051 3053 recte
1078 3016 1154 3063 uvas,
1182 3016 1234 3066 quo
1259 3004 1352 3054 vinum
1374 3017 1389 3052 e

302 3085 377 3132 secat
394 3085 421 3132 et
437 3082 537 3145 pungit.
573 3080 644 3142 Virg.
669 3080 715 3128 Ge.
738 3079 761 3139 l,
781 3079 825 3127 93:
865 3079 939 3128 cadis
955 3078 1080 3127 haustum
1098 3077 1124 3126 in
1141 3077 1259 3128 minores
1277 3077 1389 3139 cyathos

302 3157 397 3205 Boreae
420 3155 575 3217 penetrabile
600 3155 691 3217 [ripen.
739 3151 826 3202 Glacie
865 3152 1090 3211 delundcbatur3n
1108 3151 1158 3202 sed
1170 3153 1237 3202 haec
1248 3153 1336 3216 potius
1348 3152 1390 3201 est

302 3230 379 3292 igitur
391 3230 517 3280 adstricta
529 3229 638 3279 flumina
651 3241 760 3278 cursum
772 3239 829 3276 mo-
864 3226 941 3277 trulla
958 3227 1067 3276 vinaria.

302 3307 355 3355 rari
372 3304 505 3354 uidentur.
897 3302 986 3350 9-ta.
1021 3298 1111 3363 cetera]
1142 3299 1262 3364 «reliqua
1289 3302 1388 3360 omnia,

336 3379 410 3428 5—6.
440 3377 560 3439 Dissolve]
586 3372 746 3436 κάββαλλε,
773 3375 829 3440 pcl—
865 3389 934 3440 quae
956 3377 1002 3424 aut
1022 3377 1099 3424 aulea
1122 3373 1247 3426 sollicitos
1269 3389 1317 3424 nos
1339 3375 1390 3424 ha-

303 3452 336 3502 lc.
358 3478 386 3486 -
402 3450 466 3513 foco]
490 3451 569 3500 totius
586 3449 682 3501 domus
705 3463 828 3512 commu·
865 3451 989 3509 buerunt,
1008 3451 1054 3497 aut
1070 3451 1131 3512 quia
1150 3449 1237 3499 lutura
1249 3449 1389 3498 clincerle

304 3527 352 3587 nie,
372 3523 407 3574 ed
425 3537 515 3586 quem,
543 3525 684 3576 sarmentis
706 3527 733 3575 et
752 3523 827 3587 lignis
865 3527 933 3584 sunt,
953 3536 1023 3574 nunc
1041 3526 1114 3573 certe
1133 3522 1195 3573 nihil
1214 3523 1247 3572 ad
1266 3535 1315 3572 nos
1328 3523 1390 3572 atti-

304 3599 374 3661 large
392 3599 535 3662 impositis,
559 3598 711 3662 quicunque
736 3600 828 3648 convi—
865 3600 929 3649 nent
950 3611 1000 3648 nec
1022 3597 1135 3648 laetitiae
1158 3601 1265 3648 nostrae
1289 3610 1391 3646 conra-

304 3685 398 3722 varum
414 3671 528 3734 algebat,
548 3673 680 3724 accedens
698 3671 827 3724 collacare
865 3675 963 3722 aiunt.»
990 3671 1140 3722 Archilochi
1158 3673 1199 3721 Fr.
1219 3672 1259 3723 to.
1278 3671 1391 3721 Schnei-

304 3759 333 3796 se
367 3748 484 3809 poterat3
515 3748 559 3809 qui
588 3761 647 3797 mos
676 3749 828 3798 etiamnunc
865 3747 946 3805 dem:
965 3747 1033 3809 Τοῖς
1049 3747 1130 3808 θεοῖς
1147 3747 1221 3797 τίθει
1237 3744 1267 3796 δὲ
1285 3742 1389 3798 πάντα.

303 3822 425 3869 servatur
441 3821 467 3869 iu
484 3819 566 3870 ltalia.
580 3849 607 3857 -
621 3821 756 3886 haemulus]
769 3819 825 3871 scil.
865 3821 980 3882 Theogn.
1001 3821 1076 3872 totu:
1107 3817 1168 3870 Νῦν
1185 3820 1240 3885 μὲν
1260 3822 1392 3883 πίνοντες

304 3891 393 3953 solito,
412 3893 518 3957 largius,
533 3895 673 3958 copiosius.
695 3896 741 3944 Est
752 3908 829 3944 com·
864 3891 1033 3964 τερπώμεθα
1048 3893 1123 3944 καλὰ
1136 3893 1275 3962 λέγοντος·
1294 3886 1392 3944 Ὄσσα

303 3969 438 4030 parativus
460 3971 552 4034 copiae
576 3982 664 4032 neque
687 3971 828 4032 opponitur
863 3967 887 4017 δ’
907 3961 991 4019 ἔπειτ’
1009 3963 1103 4030 ἔσται,
1122 3969 1213 4021 ταῦτα
1223 3971 1321 4020 θεοῖσι
1336 3971 1391 4035 με’-

303 4041 415 4103 positivo
432 4043 515 4106 lorpe,
534 4045 563 4091 ut
581 4043 703 4105 opinatus
722 4047 761 4092 est
779 4044 827 4093 Sa·
864 4042 915 4092 let.
952 4044 1004 4094 Clr.
1030 4045 1112 4108 Epod.
1137 4045 1177 4106 43,
1197 4047 1221 4094 7.
1243 4073 1270 4081 -
1289 4047 1391 4096 Gratis-

304 4114 401 4166 nadon.
865 4119 930 4168 sima
957 4119 1009 4168 iarn
1037 4121 1124 4184 imago
1152 4119 1346 4183 tranquillitatis
1374 4135 1390 4168 a

336 4189 360 4238 7.
380 4191 511 4254 Deprome]
535 4203 587 4240 non
611 4192 664 4239 tam
688 4203 734 4238 nex
762 4204 828 4254 apo·
865 4192 914 4242 diis
940 4195 1076 4245 restitutae
1103 4207 1135 4244 ac
1160 4196 1289 4258 temporis
1315 4195 1390 4244 remi

304 4263 395 4324 theca,
427 4264 491 4314 cella
519 4265 638 4313 vinaria„
667 4277 747 4327 quant
775 4279 827 4316 rex
865 4269 1006 4331 opponitur
1024 4269 1111 4332 trigeri
1130 4273 1157 4320 et
1173 4270 1390 4334 procellaenunc
