3002 4974
327 443 390 507 32ss
621 515 624 521 Ι
707 442 835 492 uoniru
853 443 1023 493 cnunruuu

325 597 481 663 χαιότατον
494 596 579 670 ἱερόν.
599 626 614 636 -
624 626 638 636 -
650 599 764 670 Γραφαὶ
775 595 806 649 de'
816 593 921 649 αὐτόθι
932 625 947 636 -
958 626 973 636 -
984 599 1034 648 καὶ
1045 595 1173 663 Πενθεὺς
1185 602 1235 651 καὶ
1245 600 1396 672 Λυκοῦργος

325 677 366 736 ὦν
383 685 413 748 ἐς
429 681 573 735 Διόνυσον
590 673 714 754 ὕβρισαν
731 679 857 746 διδόντες
874 680 963 745 δίκας·
980 676 1109 753 Ἀριάδνη
1126 681 1157 734 δὲ
1168 682 1396 737 καθεύδουσακαὶ

324 765 437 836 Θησεὺς
458 763 639 836 ἀναγόμενος
661 768 711 818 καὶ
721 765 865 830 Διόνυσος
881 761 961 833 ἥκων
978 765 1008 829 ἐς
1024 764 1077 832 τῆς
1092 761 1238 838 Ἀριάδνης
1253 766 1306 837 τὴν
1321 765 1398 839 ἁρπα-

323 851 387 922 γήν.
407 856 460 905 Has
476 856 595 917 picturas
612 853 735 902 Horatius
753 852 864 902 tortasse
882 851 987 901 viderat
1003 852 1120 903 Athenis.
1139 880 1166 889 -
1180 856 1219 905 De
1231 856 1347 917 Lycurgo
1356 855 1395 904 cir.

324 940 454 1003 imprimis
471 939 556 1001 zoega
573 937 694 988 ntimo.
709 938 727 986 i.
745 936 887 986 Kurutdtott
906 936 978 986 tuit.
993 938 1023 986 N.
1037 937 1078 986 to.
1114 937 1182 986 Eum
1192 937 1297 988 videbis
1308 939 1332 988 iu
1343 951 1396 987 vase

323 1021 496 1086 italo-graeco
514 1023 540 1072 iu
558 1020 637 1072 iiiiiin
654 1021 741 1071 Deam.
760 1022 802 1070 des
818 1020 891 1070 went.
911 1021 941 1070 de
958 1021 1053 1071 Coiaosc
1069 1020 1097 1070 T.
1111 1021 1135 1070 2.
1155 1023 1185 1070 N.
1198 1022 1240 1070 ti.
1253 1023 1281 1071 et
1290 1023 1315 1071 in
1326 1020 1398 1071 attero

323 1109 388 1158 Meu.
406 1107 481 1156 Bono.
501 1105 566 1156 xiil.
584 1106 612 1155 Τ.
631 1105 687 1166 ne,
706 1105 752 1155 ubi
770 1105 823 1155 iam
840 1116 934 1155 amens
953 1105 1037 1154 iactus
1054 1103 1097 1154 vei
1115 1102 1168 1154 filio
1185 1104 1227 1155 rei
1245 1107 1345 1156 Baccho
1357 1105 1398 1169 ipsi

325 1191 475 1255 (inghirami
493 1189 558 1240 Gali.
578 1189 631 1238 Om.
651 1190 670 1238 i.
686 1201 712 1252 p.
733 1187 799 1250 too.)
817 1189 905 1239 securi
923 1189 1004 1238 ictum
1022 1188 1141 1238 intentat.
1177 1188 1293 1253 Lycurgi
1304 1190 1397 1240 exitium

324 1277 424 1340 ipsum,
450 1273 496 1324 ubi
514 1275 589 1324 Furia
607 1273 677 1323 ferro
694 1273 847 1322 acutissimo
865 1285 928 1322 eum
945 1273 1086 1334 excaecat,
1113 1275 1155 1324 est
1171 1272 1235 1323 ibid.
1255 1272 1324 1323 liiad.
1341 1271 1396 1322 iai.

324 1359 365 1410 82.
396 1359 549 1421 comparato
579 1359 671 1407 Nonne
701 1357 748 1417 ao,
783 1356 823 1406 35.
872 1356 959 1420 (Coni.
990 1358 1071 1406 etiem
1100 1358 1220 1407 Gerhard
1247 1357 1395 1420 Arcicaotop.

330 1434 441 1497 Zeitunp.
466 1433 508 1482 lV.
533 1446 559 1497 p.
582 1431 650 1495 iot.)
678 1459 705 1467 —
733 1446 758 1482 v.
785 1433 826 1481 20.
852 1429 1020 1494 Bistonidum]
1047 1431 1167 1482 Bacchae
1192 1435 1306 1497 utraque
1329 1444 1398 1482 manu

323 1519 463 1582 serpentes
489 1517 624 1580 gestantes
648 1529 673 1566 v.
693 1515 765 1581 apud
787 1514 1012 1590 Raout-Rochette
1039 1517 1107 1566 uon.
1134 1517 1201 1566 indii.
1229 1518 1250 1567 1.
1276 1529 1303 1581 p.
1318 1517 1355 1566 ii.
1373 1541 1395 1550 —

323 1603 364 1653 ᾗ.
384 1600 532 1666 Gipontum]
557 1601 655 1650 Bacchi
673 1601 811 1664 Gigantem
835 1599 1012 1650 confodientis
1039 1600 1143 1664 egregie
1167 1603 1209 1651 est
1225 1601 1311 1664 imago
1336 1597 1397 1663 apud

325 1685 445 1738 Gerhard
464 1685 605 1749 Vosmpem.
624 1686 652 1736 T.
672 1684 711 1735 oi.
740 1686 807 1735 Item
824 1685 944 1734 Bacchus
961 1683 1091 1736 barbatus
1109 1686 1240 1748 Eurytum
1258 1683 1398 1736 comediam

324 1769 396 1833 apud
418 1767 549 1832 Millingeu
571 1771 590 1819 Ι.
609 1770 637 1819 T.
657 1770 698 1819 25.
717 1771 797 1832 utque
820 1766 958 1833 Ephialten
980 1768 1045 1819 ibid.
1063 1771 1092 1820 T.
1110 1770 1135 1819 7.
1156 1797 1184 1806 -
1205 1770 1247 1820 23.
1265 1768 1343 1832 bonu]
1360 1769 1397 1817 in·

325 1852 441 1913 tendum,
460 1853 509 1904 sed
526 1866 600 1913 raro,
618 1851 661 1902 leo
678 1852 776 1903 Bacchi
793 1855 834 1902 est
851 1852 963 1904 famulus
981 1855 1037 1903 sive
1054 1865 1146 1903 eomes
1163 1853 1190 1903 in
1207 1855 1329 1917 antiquae
1343 1851 1398 1901 artis

326 1935 463 2000 operibus.
492 1937 544 1987 Cir.
558 1936 676 1986 Gerhard
696 1937 838 2000 Voaenpom.
857 1937 885 1986 T.
899 1937 939 1987 38.
962 1965 989 1974 -
1008 1937 1049 1986 iit.
1070 1937 1100 1987 Te
1115 1936 1186 2001 cidit]
1205 1937 1273 1988 Cum
1289 1932 1396 1986 Semelen

326 2022 440 2070 matrem
458 2033 491 2070 ex
507 2020 575 2071 Orco
592 2020 747 2080 reduceret,
767 2021 841 2070 cuius
859 2021 956 2085 incepti
969 2033 984 2070 a
996 2021 1091 2071 Libero
1103 2023 1178 2085 patre
1195 2020 1305 2071 feliciter
1314 2015 1396 2085 patrati

326 2103 504 2204 pulcherrima
523 2105 609 2168 imago
627 2107 713 2156 exstat
729 2105 755 2154 in
772 2107 883 2156 ittonam.
903 2105 957 2155 dett'
975 2107 1034 2156 ieet.
1053 2105 1161 2155 arcieot.
1181 2106 1209 2155 T.
1229 2104 1269 2154 oo.
1306 2099 1314 2110 ’
