3012 4978
292 443 354 507 628
640 471 644 478 .
777 439 907 491 ιιοιιιτιι

292 603 359 653 sisse
379 601 490 664 insuper
508 597 712 663 simplicitatem,
736 597 767 646 ut
778 600 806 647 et
817 597 973 648 conveniret
985 595 1074 648 eboris
1085 593 1135 647 illis
1146 607 1294 660 puerorum
1305 595 1381 661 puel-

292 684 434 748 larumque
455 684 483 732 et
502 695 517 730 a
537 679 636 746 populo
654 681 713 744 ipso
734 679 811 730 haud
831 680 910 730 nimis
929 677 1071 730 difficulter
1087 678 1290 742 intellig-aretum
1310 679 1383 729 deni-

293 781 345 832 que
365 770 451 819 totum
468 764 561 816 debuit
580 778 642 816 esse
654 759 804 814 πολιτικὸν
816 766 851 825 et,
873 775 943 826 quae
959 777 1004 814 res
1018 763 1124 814 vincula
1141 763 1275 827 quaedam
1285 766 1381 827 poetae

294 852 447 904 necessario
466 849 564 909 iniecit,
584 849 675 912 aptum
693 849 758 898 item
769 847 804 897 ad
815 859 925 899 sensum
937 845 1158 910 voluntatemque
1169 847 1289 910 August,
1309 847 1383 896 cuias

294 949 328 986 ex
349 936 424 988 iussu
445 946 477 983 ao
504 933 636 984 sententia
651 941 748 982 versus
768 929 920 993 Sibyllinia
946 931 1051 981 zosimo
1070 931 1181 992 servati,
1215 943 1231 980 a
1254 929 1382 981 Graeculo

293 1017 394 1082 aliquo,
413 1017 525 1068 tortasse
542 1015 696 1075 Parthenio,
716 1012 844 1064 elaborati
864 1027 925 1066 esse
948 1013 1085 1074 videntur,
1108 1025 1176 1076 quos
1195 1015 1277 1077 po'eta
1289 1025 1382 1078 presse

295 1103 372 1164 sequi
391 1099 516 1152 debebat.
551 1100 653 1150 Verum
671 1098 749 1162 igitur
766 1099 794 1149 in
814 1098 904 1150 medio
923 1098 1042 1162 positum
1059 1109 1120 1148 esse
1140 1096 1266 1148 arbitror.

784 1495 862 1570 ⁸1·

512 1695 856 1755 COMMEN'I'A'I'OB
874 1693 1172 1763 CBUQUIANUS.

362 1863 444 1916 «Ludi
461 1863 597 1916 seculares
614 1864 676 1914 ideo
693 1863 756 1914 dicti
774 1865 847 1924 sunt,
866 1861 939 1926 quod
955 1875 1005 1926 per
1021 1864 1129 1912 centum
1147 1864 1174 1912 et
1191 1861 1288 1912 decem
1300 1875 1382 1913 annos

296 1947 502 2000 celebrabantur
518 1948 653 2009 trinoctio,
672 1947 698 1997 id
715 1950 768 2009 cst,
788 1946 874 1997 tribus
890 1945 986 1996 diebus
1004 1948 1031 1996 et
1042 1944 1127 1996 tribus
1138 1945 1281 2006 noctibus;
1309 1959 1383 1997 sectr

295 2031 365 2084 lares
382 2037 482 2095 autem,
501 2031 575 2096 quod
591 2045 607 2082 a
624 2032 710 2095 primo
727 2028 832 2091 seculo,
850 2029 878 2080 id
897 2032 950 2090 est,
973 2028 1007 2079 ab
1029 2029 1129 2094 origine
1145 2030 1281 2081 Romanae
1299 2031 1383 2094 geniis

246 2101 251 2107 ⁸
295 2117 397 2182 reperti
413 2119 441 2167 et
455 2115 567 2166 instituti
586 2117 659 2175 sunt,
677 2113 779 2165 scilicet
798 2128 814 2164 a
833 2115 919 2164 Numa
931 2111 1068 2177 Pompilio,
1088 2126 1103 2162 a
1121 2126 1174 2177 quo
1185 2113 1312 2165 Romanis
1323 2114 1383 2178 post

295 2203 404 2251 centum
423 2202 450 2250 et
466 2200 663 2250 decem'annos
681 2210 790 2261 semper
805 2197 832 2246 in
849 2209 900 2247 usu
917 2195 1002 2247 luere.
1031 2196 1141 2246 Verrius
1161 2198 1253 2248 autem
1275 2196 1382 2248 Flaccus

295 2283 378 2334 relert
394 2296 502 2334 carmen
519 2280 640 2334 seculare
663 2283 690 2332 et
708 2279 867 2331 sacrificium
887 2279 1036 2330 institutum
1052 2279 1121 2330 intra
1137 2293 1222 2331 annos
1239 2281 1292 2331 Cli.
1314 2282 1381 2346 lupe:

296 2367 335 2428 G.)
373 2368 424 2417 Diti
445 2369 473 2417 et
492 2365 666 2430 Proserpinae
684 2365 770 2428 primo
787 2361 858 2413 bello
875 2363 974 2412 Punico
991 2362 1223 2414 decemvirorum
1240 2375 1382 2428 responso,

297 2461 360 2499 cum
386 2450 451 2500 iussi
471 2451 563 2499 essent
584 2446 666 2498 libros
687 2445 828 2509 Sibyllinos
848 2447 981 2509 inspicere
1001 2445 1036 2496 oh
1059 2445 1224 2510 prodigium,
1254 2447 1329 2510 quod
1351 2461 1383 2498 eo

297 2529 369 2581 bollo
389 2530 497 2590 accidit,
528 2544 589 2580 nam
612 2542 674 2595 pars
691 2543 830 2580 murorum
846 2531 898 2579 icta
913 2528 1021 2580 lulmine
1039 2529 1143 2580 cecidit.
1182 2531 1270 2594 Atque
1287 2531 1323 2580 ite
1340 2545 1384 2582 re·

295 2613 460 2679 sponderent
482 2611 584 2663 bellum
605 2611 735 2664 adversus
758 2614 989 2677 Karthaginienses
1010 2626 1139 2678 prospere
1160 2615 1216 2677 geri
1236 2627 1333 2678 posse,
1361 2615 1383 2665 si

295 2697 346 2748 Diti
363 2699 391 2748 et
407 2697 582 2761 Proserpinae
601 2695 703 2757 triduo,
721 2696 748 2746 id
766 2699 819 2759 est,
839 2697 924 2747 tribus
941 2695 1037 2747 diebus
1050 2699 1078 2746 et
1088 2695 1173 2748 tribua
1186 2697 1312 2748 noctibas
1323 2711 1385 2748 oon-

295 2781 389 2842 tinuis‚
408 2778 464 2832 ludi
480 2779 592 2832 luissent
609 2778 736 2831 celebrati
753 2781 781 2829 et
797 2793 907 2832 carmen
925 2782 1060 2831 cantatum
1075 2780 1145 2830 inter
1161 2780 1301 2832 sacrificia.
1330 2782 1384 2832 iloc

295 2866 387 2915 autem
404 2863 500 2914 accidit
516 2863 600 2928 Appio
618 2861 728 2914 Claudio
745 2861 859 2914 Pulchro
876 2877 932 2914 cos.
957 2864 989 2927 (a.
1008 2877 1034 2912 a.
1054 2877 1075 2913 c.
1094 2862 1151 2914 leo.
1170 2865 1323 2928 llesoenatus
1338 2866 1384 2916 hae

293 2949 393 3000 videtur
412 2948 480 2998 toao
503 2948 625 2999 Varronis
644 2948 714 3010 opust
735 2947 896 2998 Οιιιιοήιιιιιιι
918 2948 947 2998 C.
972 2948 1016 2996 ti:
1047 2948 1132 3000 «Cum
1153 2947 1236 3000 marite
1261 2951 1384 3014 portenta

296 3031 393 3083 fierent
410 3033 438 3081 et
454 3043 548 3082 murus
565 3043 597 3080 ac
614 3031 707 3092 turris,
727 3043 796 3094 quae
813 3034 876 3082 sunt
892 3032 960 3082 intra
976 3035 1083 3097 portam
1101 3031 1231 3084 Collinam
1248 3036 1277 3085 et
1293 3034 1384 3097 Esqui-

294 3114 388 3177 linem,
418 3115 452 3164 de
470 3114 544 3165 caelo
561 3116 652 3168 essent
669 3116 754 3177 tacta,
783 3117 811 3166 et
826 3115 888 3166 idco
904 3113 987 3168 libros
1004 3115 1147 3181 Sibyllinos
1162 3118 1235 3168 liviri
1252 3117 1381 3178 adiment,

295 3199 488 3259 renuntiarunt,
506 3199 544 3248 uti
561 3198 613 3250 Diti
623 3199 691 3262 patri
704 3199 731 3248 et
741 3200 917 3263 Proserpinae
928 3198 983 3250 ludi
994 3201 1128 3252 Terentini
1139 3201 1166 3252 in
1178 3201 1281 3267 Campo
1292 3203 1384 3254 neruo

296 3282 392 3334 flerent
409 3283 435 3332 et
450 3281 554 3334 hostiae
574 3281 666 3333 iurum
683 3282 899 3345 immolarentur,
928 3285 1021 3349 utiquo
1037 3283 1092 3336 ludi
1110 3285 1259 3336 centesimo
1275 3297 1383 3350 quoqne

296 3379 366 3418 anno
383 3365 513 3428 fierent»)
589 3421 592 3428 Δ

363 3452 519 3500 «Praeterea
537 3448 592 3500 ludi
608 3449 743 3502 seculares
760 3449 888 3502 celebrati
905 3453 978 3513 suni,
997 3465 1060 3504 cum
1077 3453 1160 3506 Roma
1177 3451 1330 3516 pestilentia
1345 3451 1382 3504 le-

295 3531 413 3595 hereret,
432 3532 539 3597 qnando
557 3547 589 3584 ex
605 3532 679 3584 libris
697 3532 829 3598 Sibyllinis
842 3534 949 3597 jussum
966 3537 1016 3598 est,
1035 3539 1066 3587 ut
1081 3538 1134 3588 Dib'
1149 3537 1218 3602 patri
1235 3537 1271 3588 ad
1288 3537 1383 3588 Teren·

296 3619 354 3666 tum
373 3617 455 3681 stipes
478 3618 636 3668 mitteretur.
674 3617 730 3668 Hoc
751 3617 832 3668 etiam
852 3617 935 3668 iidem
956 3617 1016 3670 libri
1031 3620 1180 3682 iusserunt,
1209 3623 1240 3672 ut
1255 3619 1381 3672 nobilium

295 3696 373 3749 liberi
390 3699 417 3764 in
434 3697 563 3763 Capitolio
581 3713 691 3752 carmen
708 3701 883 3753 decantarent
899 3703 1049 3755 trinoctio.»

362 3781 491 3842 Carmen,
518 3782 552 3832 de
579 3797 633 3847 quo
657 3782 774 3848 loquitur
794 3785 1007 3850 Commentator,
1035 3787 1188 3839 «conditum
1204 3801 1221 3838 a
1237 3788 1311 3838 livio
1328 3791 1381 3840 An-

296 3864 405 3916 dronico
422 3864 449 3914 in
466 3865 596 3916 lunonem
612 3867 740 3930 reginam,
758 3867 801 3918 ilia
813 3871 972 3935 tempestate
990 3871 1100 3924 lorsiten
1119 3871 1250 3924 landabile
1271 3871 1380 3922 rudibus

295 3947 420 4014 ingeniis,
448 3959 519 3998 nuno
538 3947 687 4000 abhorrens
705 3951 733 4000 et
749 3951 928 4005 inconditum»
954 3957 1034 4006 vocat
1049 3955 1137 4008 Livius
1153 3953 1203 4018 ir,
1222 3955 1263 4006 37.
1282 3955 1319 4006 ad
1334 3967 1381 4005 an-

295 4044 361 4084 num
378 4045 404 4084 u.
423 4044 447 4082 c.
466 4029 524 4082 tto.
569 4025 571 4028 ’

360 4115 463 4182 Duplex
486 4117 577 4166 autem
597 4118 762 4169 enumeratio
786 4119 957 4184 antiquorum
973 4119 1099 4174 ludorum
1114 4119 1276 4174 secularium
1294 4123 1380 4174 emie-

294 4201 352 4263 bat,
370 4200 443 4266 apud
459 4196 594 4250 Valerium
611 4200 743 4253 Antiatem
760 4200 852 4265 altere,
871 4202 954 4256 altera
966 4204 993 4256 in
1005 4205 1210 4258 Commentariis
1218 4206 1379 4258 xvviromm

294 4285 362 4336 teste
380 4283 527 4335 Censorino
544 4283 572 4332 C.
595 4283 634 4334 tr.
