3078 4978
637 471 640 477 .
666 429 794 482 uorum
811 430 939 481 EPODON
985 441 996 456 ³

472 589 661 674 Prospectat
682 597 826 654 errantes
848 606 978 673 greges,
1006 649 1019 672 Ι,

432 709 630 796 inutilesque
652 707 735 775 falce
758 729 866 774 ramos
889 717 1059 793 amputans

474 830 649 898 Feliciores
671 830 800 905 inserit,

432 957 493 1019 Aut
513 973 628 1040 pressa
651 952 741 1040 puris
764 949 863 1017 mella
885 949 995 1016 condit
1017 947 1194 1036 amphoris,
1311 949 1354 1012 45

472 1075 533 1138 Aut
554 1071 665 1139 tondet
686 1071 828 1138 infirmas
851 1092 951 1150 oves3

430 1193 485 1261 Vel
509 1216 583 1263 cum
605 1194 761 1261 decorum
784 1193 915 1260 mitibus
938 1193 1043 1280 pomis
1066 1202 1163 1280 caput

474 1319 675 1383 auctumnus
698 1315 784 1402 agris
807 1314 937 1390 extulit,

432 1439 471 1506 Ut
493 1437 613 1526 gaudet
634 1437 760 1503 insitiva
782 1436 962 1524 decerpens
984 1437 1074 1524 pira,

329 1617 368 1668 43.
388 1617 577 1678 leutitiorum,
595 1615 723 1666 4444444444
738 1615 822 1667 Beati.
837 1617 904 1666 coni.
921 1643 946 1653 -
969 1615 1008 1666 48.
1029 1613 1143 1675 arciri),
1163 1616 1230 1664 Pott.
1245 1618 1319 1679 quet·

297 1696 373 1753 tuor,
393 1693 445 1742 LCt
463 1693 525 1755 (uon
537 1690 627 1750 BScd‚
646 1690 738 1741 Biand.
752 1693 894 1754 quattuor,
912 1688 988 1758 βγκ).
1010 1716 1038 1726 -
1060 1691 1099 1740 49,
1111 1689 1197 1740 Autd.
1213 1715 1240 1726 -
1257 1691 1319 1752 ptro

296 1770 316 1818 Β
334 1767 429 1831 aliique
448 1766 547 1817 Codd.:
567 1765 710 1829 pleraeque
729 1764 794 1816 Edd.
810 1779 888 1828 pora.

264 1919 291 1968 in
309 1918 372 1982 ipsis
384 1917 545 1967 intervenire
556 1917 646 1981 potest
657 1917 685 1966 et
695 1913 788 1966 solet.»
828 1928 890 1966 cum
903 1914 1058 1977 obiecisset,
1077 1915 1112 1965 ite
1123 1916 1222 1979 porgit:
1244 1915 1286 1966 Vet
1295 1927 1356 1964 cren

264 1994 387 2043 Bsurnnr.
418 2019 446 2028 -
481 1993 586 2042 reductu
606 1989 685 2054 cette]
714 1989 790 2039 idem
827 2003 852 2040 se
865 1991 989 2051 pavidum
1007 1995 1097 2039 contro
1112 1990 1268 2053 meatorpio
1280 1991 1356 2052 ttopit

264 2067 398 2118 ἐπίθετον
426 2065 474 2116 od.
497 2067 527 2127 4,
550 2066 594 2127 tt,
617 2066 664 2125 r7;
687 2063 743 2113 iere
760 2065 790 2112 ut
827 2064 936 2128 Artificis
967 2064 1053 2126 ecclic,
1091 2065 1126 2114 ed
1155 2077 1237 2128 quem
1263 2062 1355 2114 iocum

265 2153 315 2191 nos
327 2143 367 2192 dte
378 2141 521 2204 cnmtbtpe
534 2140 661 2203 Windunp
672 2139 714 2189 der
725 2138 790 2188 rna-
827 2139 945 2202 Wagner
955 2139 1043 2189 recte:
1067 2139 1127 2188 «Vet
1143 2139 1182 2188 sic
1194 2140 1355 2202 usurpatum

264 2217 306 2266 tce.
327 2239 354 2250 -
380 2215 439 2278 tote
456 2214 571 2279 (Hippo)
596 2213 789 2273 frondatorum,
828 2225 889 2262 eam
907 2211 989 2263 hehet
1004 2215 1181 2277 potestatem,
1208 2216 1238 2262 ut
1255 2213 1355 2262 traust-

265 2291 431 2354 putatorum‚
451 2302 504 2338 non
521 2289 609 2340 minus
627 2300 708 2352 quam
722 2299 792 2337 mes·
829 2288 887 2336 tum
898 2289 976 2350 paret
993 2287 1026 2336 ad
1044 2285 1111 2347 alie,
1129 2300 1187 2336 com
1199 2287 1309 2351 respicit
1319 2286 1356 2336 ad

265 2376 357 2414 sorum
375 2363 480 2424 (smum,
499 2361 622 2426 Strbel).
644 2389 671 2398 -
690 2360 791 2411 44444440-
828 2372 1012 2426 praegressa.»
1050 2361 1126 2411 Haud
1151 2364 1225 2412 recte
1248 2361 1354 2412 Monich

264 2436 313 2500 res]
332 2438 428 2486 Fronto
445 2437 480 2486 ed
497 2437 576 2486 amic.
595 2435 664 2496 2,6.
683 2449 710 2499 p.
732 2434 789 2485 304,
827 2434 866 2484 oet
893 2435 976 2484 iunxit
1000 2447 1062 2484 cum
1087 2448 1113 2484 v.
1139 2435 1197 2485 tibet
1216 2448 1243 2484 v.
1262 2435 1303 2485 23.
1324 2463 1353 2472 -

266 2514 358 2562 item:
384 2510 460 2573 Lepos
475 2511 612 2573 pleraeque
629 2521 714 2571 poeno
730 2523 792 2558 sao·
827 2509 993 2573 Auctomous]
1017 2510 1094 2573 quasi
1111 2509 1195 2569 deus,
1225 2512 1255 2559 ut
1271 2511 1356 2560 Gree-

265 2585 347 2646 ctuot,
368 2598 400 2634 oe
417 2585 582 2647 profeticam
597 2583 713 2633 arborem
734 2595 791 2632 sue-
830 2596 923 2633 corum
941 2581 1074 2633 ΟΠΩΡΑ.
1093 2582 1213 2633 Arellino
1229 2583 1296 2632 Butt.
1310 2584 1353 2634 444.

266 2659 343 2708 cibet.
373 2655 792 2721 thmomestarbortrseticttas?
829 2672 856 2723 p.
871 2658 927 2707 446.
948 2685 975 2694 -
995 2658 1073 2722 apris]
1092 2659 1185 2722 Aptius
1201 2658 1254 2708 hoc
1272 2671 1354 2721 quem

266 2733 339 2783 Remi
359 2733 459 2796 semodi
478 2737 501 2782 et
519 2732 651 2796 fropiseri,
685 2731 753 2782 boris
769 2737 793 2782 ct
829 2731 941 2783 aliorum
958 2733 1042 2793 orcis,
1061 2745 1124 2782 oum
1141 2734 1354 2798 arumnpropn'e

265 2809 348 2870 pomis
364 2809 454 2857 ceroti.
829 2808 879 2868 sit,
898 2805 971 2871 quod
984 2807 1100 2858 cuiusvis
1111 2808 1217 2869 generis
1233 2807 1355 2857 trumen-

301 2882 410 2932 45-40.
426 2882 524 2946 pressa]
543 2880 674 2942 mellatio;
693 2881 791 2931 meiex
829 2883 887 2932 tum
913 2880 980 2942 tert,
1015 2895 1077 2946 aper
1105 2884 1196 2931 contre
1224 2880 1300 2932 locus
1327 2883 1354 2931 in

267 2955 333 3006 ieris
344 2955 370 3005 in
381 2954 528 3019 suiigueum
540 2955 649 3020 qualum
659 2955 792 3018 congestis
830 2968 907 3018 rure,
933 2956 978 3019 qui
996 2954 1173 3020 qualicunque
1190 2955 1272 3006 modo
1289 2955 1355 3006 cott-

267 3041 439 3094 expressum,
464 3029 618 3092 eliquatum.
649 3031 719 3093 virg.
744 3031 790 3079 Ge.
829 3032 886 3090 tur,
922 3031 1003 3080 etiam
1031 3030 1173 3081 arboribus
1201 3031 1229 3080 et
1256 3030 1354 3081 vitibus

266 3102 299 3166 4,
324 3102 385 3154 44οτ
420 3105 565 3166 spronontte
590 3117 678 3168 cepere
700 3105 793 3166 pressis
830 3105 963 3164 consitus,
981 3106 1012 3154 ut
1028 3104 1072 3153 hie
1090 3107 1118 3154 et
1133 3105 1204 3168 virg.
1224 3107 1271 3155 Ge.
1283 3106 1309 3164 2,
1322 3103 1352 3155 4;

266 3177 434 3241 Hellofoor's.
462 3176 727 3239 Commutato:
748 3179 792 3228 Ubi
825 3185 902 3242 pater
926 3193 941 3228 o
965 3180 1073 3241 Lenaee,
1094 3207 1109 3216 -
1127 3207 1142 3217 -
1162 3179 1206 3228 ttbr'
1219 3182 1354 3244 pampineo

267 3251 392 3314 liquatur
407 3252 456 3302 oret
478 3253 501 3313 (e
520 3252 593 3316 iovis)
612 3254 639 3302 to
656 3251 792 3302 subiectior
828 3255 950 3319 prouidere
966 3261 1101 3304 rectumne
1117 3255 1200 3304 Floret
1215 3268 1286 3319 oper.
1316 3256 1353 3304 De

267 3326 367 3377 dueum
383 3327 504 3391 maurit,
523 3328 675 3390 transfertur
690 3329 792 3377 invasa
829 3328 925 3378 crebra
948 3329 1088 3393 utriusque
1112 3341 1171 3380 voc.
1199 3329 1353 3380 contusione

266 3401 362 3465 fictitio
382 3399 479 3453 Palled.
500 3404 556 3452 lun.
570 3403 597 3451 7:
615 3404 699 3453 Morte
720 3403 792 3452 Iunio
830 3403 878 3454 cir.
890 3402 1026 3454 Drakenh.
1040 3403 1074 3453 ed
1086 3402 1130 3453 su.
1142 3402 1198 3454 ital.
1211 3405 1241 3464 b,
1253 3403 1311 3454 460.
1326 3431 1350 3440 —

268 3477 384 3528 absorte
400 3477 579 3528 coemebantur
589 3504 603 3514 -
614 3482 742 3528 -matcru
758 3479 792 3527 od
829 3478 1115 3543 pendet--becerpensl
1132 3481 1162 3528 ut
1173 3479 1276 3532 Graeci.
1294 3473 1354 3542 ἥδε-

267 3553 346 3602 metiis
361 3553 477 3602 reditum.
501 3579 529 3588 -
547 3553 669 3618 infirmus]
688 3552 792 3602 rimbe-
815 3550 1002 3624 Δταιιδρέπων.
1016 3581 1043 3589 -
1056 3552 1166 3616 insitivo]
1184 3551 1234 3603 «ab
1248 3554 1305 3618 ipso
1318 3555 1355 3603 in-

268 3624 367 3677 cillas.»
387 3628 468 3677 Voss:
486 3627 552 3677 Bato
570 3628 613 3676 ttbt
632 3641 661 3677 er
681 3632 793 3677 zerter
829 3628 926 3680 serta.»
946 3653 973 3664 -
1002 3628 1352 3692 commem-purpurae]

268 3701 405 3762 Sobttscbeo
416 3701 506 3750 Seuer.
531 3701 605 3752 ovid.
620 3703 658 3752 lb.
672 3701 717 3752 te:
736 3703 792 3752 Pax
830 3715 914 3765 oquae
925 3699 1352 3767 coloreaemulaturpurpuram.u

268 3776 316 3824 ent
329 3775 390 3824 boec
403 3773 486 3836 nobis,
508 3776 584 3826 dorice
599 3777 660 3826 mibi
673 3777 793 3826 ottoma-
830 3777 968 3840 Proprium
989 3776 1083 3827 vitium
1107 3788 1192 3840 genus
1212 3789 1354 3840 proponere

268 3849 349 3909 nebit,
368 3849 430 3898 Creu
446 3862 561 3910 ¹pecore
580 3851 707 3914 infirmo
727 3864 793 3912 eoae
830 3851 1034 3913 dicunturVirg.
1048 3853 1094 3901 Ge.
1108 3852 1133 3912 4,
1147 3851 1193 3901 95:
1210 3853 1353 3915 stuporem

268 3924 328 3974 rotet
344 3936 394 3973 esse
409 3923 482 3984 lupis.
506 3924 536 3972 V.
559 3925 621 3974 Ero.
642 3925 674 3973 11.
699 3951 726 3960 -
754 3925 794 3974 Vel
826 3925 1065 3988 praetermeat,
1090 3925 1162 3976 unde
1180 3925 1255 3976 fluxit
1271 3926 1352 3977 Scho-

269 3999 334 4063 cum]
361 3999 403 4048 Sic
422 3997 505 4062 Epod.
525 3998 569 4058 ta,
588 3997 636 4046 tt:
674 3997 715 4046 Vel
737 4011 794 4049 meo
830 3999 881 4050 lton
909 3999 981 4049 haud
1004 3999 1082 4052 nimis
1104 4001 1256 4064 appositum
1273 4001 1352 4052 Com-

269 4086 326 4124 ‹arm
353 4073 433 4124 scobs
458 4073 539 4138 opttot
570 4072 675 4137 fastidio
704 4073 792 4124 verbis.
830 4077 914 4125 ment.
934 4075 1015 4138 Cruq.
1035 4075 1070 4124 od
1087 4075 1113 4124 h.
1128 4073 1165 4124 1.;
1184 4075 1266 4134 «Eae,
1285 4088 1351 4139 quoe

272 4149 324 4198 Set.
346 4150 375 4208 Ξ,
397 4149 425 4210 7,
449 4148 497 4197 ue:
538 4147 578 4196 Vei
593 4159 650 4196 cum
668 4148 795 4198 Pausiaca
831 4149 937 4214 preciae
956 4148 1106 4199 dicuntum·
1132 4150 1184 4200 Sed
1201 4151 1229 4200 h.
1243 4149 1260 4200 4.
1281 4165 1352 4216 γενι-

271 4228 366 4286 torpes,
385 4225 486 4285 tusone,
508 4223 608 4274 tubello.
639 4224 707 4287 Virg.
726 4226 791 4274 Aen.
831 4220 889 4286 κῶς
905 4237 973 4274 urae
992 4223 1132 4275 cuiuslibet
1149 4223 1267 4274 colorem
1279 4235 1353 4274 com-

271 4299 314 4359 44,
329 4297 400 4360 406.,
420 4299 465 4350 ubt
482 4299 585 4348 Turnus
605 4299 724 4350 Drancoe
743 4298 792 4350 alie
831 4301 1059 4371 peratpurpurue.
1071 4299 1350 4362 crnoauutosqq.
