2986 4974
684 361 813 410 iioiinTii
832 359 999 408 Ciifliiiititli

465 519 570 604 Cogor
593 514 738 581 relictos:
764 533 905 599 numque
929 512 1105 599 Diespiter,

464 639 529 725 lgni
554 656 691 703 corusco
715 634 822 700 nubila
846 633 995 700 dividens

505 757 718 844 Plerumque,
743 777 803 843 per
824 777 942 842 purum
965 764 1113 821 tonantes

550 881 620 966 Egit
643 899 747 966 equos
768 877 1000 964 volucremque
1023 897 1171 947 currum,

464 1040 536 1118 Quo
559 1037 653 1103 bruto
676 1035 769 1103 tellus
793 1047 824 1101 et
849 1057 930 1124 vaga
961 1034 1107 1112 flumina,

359 1230 383 1278 5.
402 1228 504 1352 repetes
521 1240 583 1276 oum
600 1228 630 1276 N.
650 1226 757 1276 Heinsio
775 1226 810 1275 ad
827 1225 901 1275 Ouid.
922 1226 983 1275 Met.
1003 1225 1032 1286 8,
1053 1224 1110 1272 473.
1130 1223 1214 1274 Beutl.
1234 1253 1260 1260 -
1274 1225 1299 1274 7.
1313 1230 1351 1274 to-

326 1304 412 1352 nantis
452 1341 456 1350 .

295 1473 408 1531 tionem,
433 1483 502 1534 quae
525 1469 638 1519 deorum
659 1469 714 1518 vim
737 1481 822 1531 ugno-
856 1481 903 1531 per
911 1481 1005 1529 punem
1015 1469 1065 1516 oet.
1075 1465 1251 1530 explicantes:
1266 1479 1334 1516 «non
1344 1478 1383 1516 se·

295 1559 371 1596 soere
389 1559 421 1594 ac
438 1546 480 1608 pie
497 1544 584 1594 colere
598 1557 646 1594 nos
658 1543 747 1602 iubet,
770 1545 821 1593 ito-
859 1540 939 1592 mel.»
952 1542 1144 1592 Senteniiuest:
1155 1539 1384 1604 «luppiterFulgu

295 1633 346 1683 que
371 1621 466 1683 (priore
490 1620 584 1668 error-is
604 1618 717 1680 imagine
736 1619 820 1679 magis
858 1620 939 1676 rotor,
950 1618 996 1680 qui
1006 1616 1060 1666 iere
1068 1614 1382 1679 semperuuheslulmine

294 1696 375 1744 etium
384 1692 521 1758 explicatu)
530 1706 610 1754 rogor
619 1692 708 1741 denuo
718 1692 821 1754 ingredi
859 1690 980 1750 diffindit,
994 1689 1073 1740 hodie
1083 1703 1132 1753 per
1144 1689 1252 1748 sudum,
1267 1690 1301 1739 de
1311 1689 1381 1739 eaelo

294 1782 413 1828 cursum,
432 1782 514 1831 quem
526 1767 714 1829 reliqueram.»
740 1767 820 1829 (liioc
859 1765 992 1825 innubilo,
1014 1764 1114 1814 lulmen
1132 1765 1233 1814 misit.»
1257 1766 1383 1814 liuiusee·

295 1843 358 1893 dicit
374 1845 466 1906 poeto,
493 1855 522 1890 se
540 1845 612 1890 retro
630 1841 768 1902 navigare,
791 1843 822 1888 ut
859 1841 932 1894 modi
950 1844 1040 1890 eutem
1065 1839 1171 1890 lulminu
1195 1853 1244 1903 pro
1262 1840 1385 1902 graussi·

295 1918 321 1966 in
339 1919 454 1976 rectum,
473 1929 554 1978 quam
572 1917 650 1964 antea
665 1917 768 1964 temere
780 1928 822 1962 re-
859 1917 910 1966 mis
928 1916 1038 1966 ost-entis
1051 1913 1228 1964 habebantur.
1248 1914 1344 1977 odyss.
1358 1927 1382 1970 e,

295 1990 421 2053 liqueret,
441 1991 511 2039 viam
525 1990 618 2038 redeat
630 1991 710 2051 utque
723 1987 820 2038 deindo
860 1993 923 2041 un:
954 1987 1007 2042 Ζεῦ
1033 1986 1134 2059 πάτερ,
1162 2016 1176 2026 -
1196 2015 1211 2024 -
1229 1980 1266 2039 '11
1286 1985 1383 2055 μεγάλ’

295 2066 384 2114 denuo
402 2078 463 2114 eum
480 2065 687 2128 persequatur.»
717 2064 820 2125 Reum.)
860 2063 1039 2136 ἐβρόντησας
1066 2059 1114 2114 ἀπ’
1143 2057 1271 2133 οὐρανοῦ
1300 2057 1383 2114 ἀστε-

296 2140 395 2190 ileinsii
419 2138 583 2202 Bentleiiquo
613 2141 680 2188 coni.
708 2139 821 2202 probata
859 2138 992 2212 ρόενιος,
1016 2134 1089 2191 Οὐδὲ
1113 2139 1182 2189 ποθι
1202 2143 1293 2202 νέφος
1311 2140 1382 2190 ἐστι’·

296 2215 376 2264 etiam
400 2228 414 2262 a
438 2213 591 2264 Marklando
617 2213 651 2262 ud
677 2215 740 2263 stat.
759 2227 818 2276 pag.
860 2217 943 2286 τέρας
955 2209 988 2266 νύ
1000 2231 1054 2282 τεῳ
1066 2211 1131 2265 τόδε
1143 2216 1265 2277 φαίνεις.
1286 2218 1382 2266 Lucan.

295 2289 353 2338 283.
366 2288 473 2348 Dresd.,
492 2290 585 2337 iterare
599 2288 709 2348 releclos,
727 2286 821 2336 falsam
861 2294 885 2348 4,
904 2294 966 2341 525:
986 2294 1046 2342 unte
1066 2290 1165 2341 beilum
1183 2290 1260 2340 civile
1276 2291 1385 2355 Fulpuru
1478 2347 1479 2354 ἵ

295 2362 409 2426 praebet
434 2363 610 2422 sententiam,
642 2375 703 2412 oum
729 2362 822 2410 iterare
859 2365 1298 2429 fanactmicuemntcrebrasereuo.
1313 2367 1382 2416 suet.

295 2438 397 2486 retectos
412 2451 500 2486 cereus
519 2436 582 2487 ninii
600 2435 671 2486 uliud
689 2437 722 2485 sit
740 2448 821 2498 quum
861 2443 909 2491 Tit,
930 2443 975 2491 to:
1004 2443 1115 2503 uisitur,
1134 2465 1148 2476 -
1165 2442 1232 2502 quod
1248 2445 1387 2502 tempestate

295 2512 404 2574 retegere
420 2525 508 2560 curm
525 2510 581 2571 vel,
610 2511 631 2560 sl
653 2512 738 2560 umvis
760 2522 821 2558 cum
860 2530 949 2566 serena
965 2521 1088 2565 tenuerat.
1124 2515 1200 2565 Adde
1221 2513 1268 2564 lul.
1289 2515 1385 2576 Obseq.

296 2585 424 2644 Bentleio‚
443 2586 489 2648 qui
506 2586 617 2648 recepit,
635 2586 765 2648 retependo
779 2585 824 2632 ite
862 2593 891 2641 c,
911 2591 952 2639 83,
973 2591 1029 2640 407,
1044 2591 1100 2640 442,
1120 2590 1187 2640 Voss
1204 2589 1240 2638 ud
1256 2590 1328 2652 virg.
1343 2593 1385 2640 Ge.

296 2674 370 2721 rore,
388 2661 510 2723 adeoque
529 2661 601 2710 idem
618 2673 711 2710 rursus
729 2673 761 2709 eo
781 2673 823 2708 re·
862 2667 886 2725 4,
905 2665 962 2715 487,
981 2667 1107 2728 inter-prr.
1121 2664 1155 2714 ud
1173 2667 1238 2714 Aen.
1258 2665 1283 2726 7,
1304 2665 1360 2716 tit.

296 2741 407 2784 trorsum
432 2737 489 2784 oete
519 2737 595 2796 dure,
631 2736 716 2785 inanis
744 2736 824 2797 igitur
894 2741 919 2791 8.
933 2739 1067 2802 volucreu]
1081 2737 1153 2789 Pluto
1165 2739 1279 2790 Phaedr.
1292 2753 1320 2803 p.
1331 2739 1385 2790 2l6.

297 2807 478 2875 eavro'toyiu.
508 2811 602 2860 Nostra
625 2813 717 2859 eontra
740 2810 824 2858 inter·
863 2817 891 2866 Ε,
912 2829 944 2864 ex
961 2817 1039 2877 poota
1058 2813 1158 2876 aliquo:
1181 2809 1270 2878 ὁμὲν
1287 2811 1324 2879 δὴ
1342 2813 1388 2878 με’·

295 2887 409 2946 pretutio
427 2888 569 2948 utrumque
589 2886 723 2936 notionem
742 2897 825 2934 που·
862 2906 915 2955 γας
933 2883 1048 2954 ἡγεμών
1065 2887 1096 2938 ἐν
1114 2881 1228 2957 οὐρανῷ
1240 2884 1312 2950 Ζεὺς
1324 2904 1387 2952 ,πη-

296 2963 353 3010 rete
371 2960 517 3023 distinguit:
538 2962 652 3010 «roverti
671 2960 705 3010 ub
721 2973 822 3016 errore;
862 2961 915 3016 miv
934 2957 1164 3032 ἅρμαὲλαύνων.
1188 2962 1338 3014 Celei-itatis
1350 2965 1388 3014 est

297 3049 389 3086 verum
409 3035 481 3085 viam
503 3049 596 3086 rursus
614 3037 716 3099 sequi.»
748 3033 824 3094 Quod
863 3037 1026 3104 symbolum,
1046 3039 1075 3088 ul
1092 3037 1165 3087 Ouid.
1186 3039 1253 3088 i'ost.
1273 3037 1303 3098 4,
1327 3039 1385 3087 562:

297 3113 387 3162 autem
412 3115 514 3160 cursum
541 3111 660 3174 (navigii)
684 3111 825 3171 relinquere
863 3117 959 3178 alipero
984 3114 1080 3162 totlitur
1102 3125 1153 3161 une
1176 3112 1255 3162 Ceres.
1284 3112 1333 3174 t0d
1361 3113 1386 3168 4,

297 3185 385 3236 minus
403 3187 493 3235 Latine
510 3185 611 3235 dictum
629 3187 764 3248 putarunt,
788 3184 825 3232 ni·
865 3193 904 3250 44,
918 3189 963 3238 ὅ8;
979 3189 1014 3237 Tu
1024 3188 1098 3250 provi
1110 3188 1388 3248 compendiosoque

298 3261 350 3310 min
363 3260 481 3324 prolecto
494 3263 552 3310 erut
560 3258 661 3321 religio,
675 3259 824 3318 cumulant,
860 3279 930 3328 pum
945 3264 997 3314 etr.
1014 3263 1093 3312 etiam
1109 3263 1219 3322 Grimm,
1232 3262 1311 3320 ituit.
1324 3262 1388 3315 4844

297 3336 345 3383 tter
361 3335 501 3395 relinquere
523 3335 596 3383 recto
620 3332 737 3392 dicatur,
761 3333 825 3381 item
897 3340 921 3388 9,
949 3337 1032 3400 bruta]
1059 3337 1105 3386 0d.
1131 3336 1161 3396 3,
1186 3335 1216 3396 i,
1242 3334 1288 3385 ie:
1314 3337 1388 3392 iners,

298 3421 399 3456 rursum
420 3409 527 3456 retinere
544 3407 598 3457 Cic.
619 3405 653 3454 ad
670 3409 721 3456 Ait.
738 3408 769 3464 2,
788 3406 824 3464 3.,
865 3411 1165 3464 «immobilis.»Feslus:
1178 3411 1286 3460 Bmtwn
1293 3409 1388 3472 antiqui

299 3495 401 3530 rursum
417 3483 486 3542 sequi
503 3481 576 3530 Ollio.
591 3483 619 3540 4,
639 3480 695 3540 33.,
715 3479 760 3530 ubi
773 3493 825 3530 non
864 3501 969 3553 gravem
996 3486 1164 3549 appellabunt.
1204 3484 1273 3536 Telis
1302 3489 1389 3535 eutem

300 3559 390 3606 actum
416 3555 555 3612 currendi·
584 3555 633 3605 sed
658 3556 744 3615 1111111,
773 3568 825 3618 (41111
865 3567 907 3615 est
924 3561 1014 3622 tellus,
1033 3563 1055 3612 si
1073 3573 1135 3610 eum
1151 3559 1259 3622 reliquis
1271 3558 1389 3610 elemen-

300 3632 428 3688 curritur,
448 3631 586 3693 Slgsslflffll·
865 3641 898 3689 tis
927 3637 1105 3700 comparetur.
1152 3637 1254 3684 Seneca
1283 3635 1388 3698 Thyest.

332 3705 356 3754 5.
375 3705 507 3770 Diespiter]
531 3705 615 3755 Varro
639 3707 666 3754 L.
685 3707 713 3754 L·
734 3705 765 3764 ὅ,
784 3703 824 3753 66·
867 3713 939 3762 lotii:
958 3712 1065 3760 immota
1081 3711 1151 3760 tettru
1161 3710 1390 3773 pmdusiqnwtm

299 3786 400 3840 Muell:
419 3787 552 3850 Antiquior
566 3787 632 3837 Iouis
648 3801 749 3842 nomen:
767 3800 828 3836 nam
865 3785 952 3836 loces?

301 3863 360 3911 oiim
381 3862 477 3911 Diioeis
499 3867 522 3912 et
543 3863 668 3924 Diespiter
685 3863 779 3921 dictio,
802 3862 829 3910 id
900 3863 940 3912 to.
970 3860 1084 3923 taenari]
1110 3859 1322 3923 promontorium
1343 3859 1390 3908 La-

300 3941 335 3986 est
356 3935 407 3985 dies
430 3937 517 3998 [genii.
539 3935 632 4000 antiq.)
652 3940 736 3998 pater.
775 3935 827 3984 Sed
867 3937 994 3994 conieoe,
1021 3935 1102 3984 hodie
1128 3935 1196 3997 cap
1221 3935 1387 3996 Metopon.

301 4023 372 4060 nuuc
390 4011 493 4061 constet
510 4023 609 4062 nomen
625 4011 751 4071 Diespiter
766 4010 827 4059 nihil
868 4011 905 4062 ibi
918 4009 1031 4072 Neptuni
1043 4007 1172 4073 templum
1185 4009 1388 4071 superantium,

302 4083 435 4134 differrea
453 4086 616 4135 Graecorum
633 4080 705 4147 Ζεὺς
723 4080 827 4155 πατήρ,
867 4099 916 4150 per
933 4083 1004 4147 quod
1022 4083 1149 4134 descendi
1165 4085 1192 4132 in
1204 4084 1302 4133 Orcum
1314 4092 1389 4146 posse

301 4159 357 4210 ie.
373 4159 469 4210 Coelus
486 4163 571 4224 peter.
868 4160 976 4223 entique
998 4158 1067 4210 lame
1088 4158 1225 4218 tradebat,
1249 4161 1279 4207 ut
1296 4157 1389 4207 iecerat

335 4236 357 4284 7.
378 4235 441 4287 Mire
454 4234 517 4287 olim
530 4235 675 4298 iungebant
680 4235 830 4299 ptorwnque
847 4291 850 4300 ,
868 4231 996 4286 Hercules
1013 4233 1163 4284 Cerberum
1181 4231 1243 4284 inde
1261 4231 1390 4284 abductu-
