3002 4974
529 432 590 482 biti.
615 431 643 480 ll.
679 430 707 480 C.
727 431 781 481 xv.

473 905 707 968 cm
740 909 832 968 XV.

289 1075 355 1142 lam
377 1094 482 1161 pauca
503 1086 609 1141 aratro
632 1075 743 1162 iugera
766 1077 874 1163 regiae

288 1195 388 1262 Moles
410 1195 606 1284 relinquent,
630 1197 775 1282 undique
797 1197 891 1263 latius

334 1318 467 1383 Extenta
488 1317 633 1383 visentur
654 1319 792 1384 Lucrino

373 1439 491 1525 Stagna
512 1437 603 1516 lacu,
627 1437 839 1526 platanusque
867 1440 1011 1518 caelebs

183 1621 237 1672 XV.
264 1622 346 1670 lusor.
365 1615 433 1680 volg.
468 1618 496 1667 lo
519 1619 558 1668 sui
579 1620 654 1669 exoli
676 1619 815 1670 lusoriam.
844 1649 871 1658 -
896 1621 953 1671 Om.
972 1621 1013 1671 BT
1031 1622 1084 1686 (qui
1101 1622 1170 1672 hauc

149 1696 221 1746 oden
237 1693 410 1759 praecedenti
426 1693 580 1756 continuat).
596 1721 623 1729 -
636 1695 702 1744 Haeo
719 1696 899 1758 depresseritis
913 1698 980 1746 oilae
995 1697 1170 1747 lazoriadioit

146 1771 258 1894 popvli-s
276 1770 412 1830 Antiquam
436 1769 590 1818 sanctitatem
612 1769 720 1818 badam
742 1771 857 1830 queritur
874 1771 904 1820 de
921 1773 1049 1834 praesenti
1064 1773 1171 1822 lama-ia

145 1994 200 2044 XV.
222 1992 383 2042 Dehortalur
399 1990 526 2056 aequales
543 1991 578 2042 ab
599 1994 642 2043 in·
679 1993 755 2044 lieret
780 1994 860 2045 ltalia.
895 1995 1015 2048 Tiberius
1041 1997 1112 2061 apud
1139 1997 1200 2046 Tac.

113 2081 180 2119 sano
199 2067 354 2130 magnificas
371 2069 451 2130 alque
464 2066 640 2130 amplissimas
679 2071 745 2118 Ann.
759 2069 787 2128 3,
807 2071 851 2120 53:
872 2071 937 2132 Quid
948 2072 1059 2134 pamma
1072 2071 1204 2132 probibere

111 2143 197 2194 aedes
226 2140 379 2192 exstruendi
413 2140 507 2190 morbo
539 2155 639 2206 eosque
678 2148 701 2192 et
720 2144 833 2205 maian
855 2146 889 2194 od
910 2159 1005 2195 osorem
1027 2147 1137 2195 recidere
1154 2147 1202 2194 ad-

111 2219 146 2268 ad
159 2217 297 2280 aatiquam
308 2215 501 2280 simplicitatem
512 2229 639 2267 revocare
677 2217 801 2282 medior?
816 2219 967 2269 irtlloramne
984 2221 1083 2284 infinita
1099 2217 1202 2281 spatia?

111 2294 235 2344 conatur.
275 2293 408 2353 Perquam
435 2290 562 2341 credibile
589 2293 637 2353 esi,
678 2296 729 2343 cet.
749 2295 850 2343 Seneca
869 2294 992 2344 controv.
1012 2295 1041 2354 ll,
1065 2295 1093 2343 a:
1120 2294 1202 2343 Arato

110 2369 164 2418 bae
187 2369 216 2416 el
236 2365 329 2417 similia
348 2365 465 2416 carmina
485 2366 544 2428 (Od.
563 2367 594 2426 3,
613 2369 636 2418 2.
677 2369 803 2428 qaoodam
826 2368 927 2430 populls
953 2381 1019 2416 raro
1045 2367 1201 2430 sispalonan

109 2445 134 2494 6.
155 2442 220 2504 il),
239 2441 337 2504 quibus
355 2443 380 2490 in
397 2439 480 2492 seculi
495 2441 536 2491 sui
547 2439 639 2492 luxum
675 2456 742 2491 orac
759 2443 945 2508 ergastulorum
961 2448 1026 2493 sant.

108 2517 259 2576 invehitur,
273 2529 326 2566 non
339 2517 395 2566 sine
404 2517 513 2580 Augusti
526 2528 638 2566 assensu
709 2517 732 2566 3.
761 2517 884 2582 visentur]
914 2531 995 2568 «curn
1026 2517 1199 2568 admiratione

108 2593 225 2656 ipsoque
244 2589 356 2641 tortasse
373 2591 512 2653 instigante
531 2603 639 2655 compo·
675 2593 873 2655 conspicientur
894 2607 926 2643 ex
943 2593 1015 2643 omni
1038 2595 1128 2657 parte,
1155 2593 1200 2643 ubi

108 2668 159 2716 sita
180 2677 255 2724 esse,
275 2677 337 2714 nam
356 2679 425 2728 quae
442 2665 520 2716 buius
532 2667 637 2728 generis
675 2669 810 2730 spectator
826 2669 998 2718 constiterit.»
1033 2669 1097 2718 Mire
1116 2667 1200 2716 Scho-

107 2738 266 2805 prolerebat
299 2741 434 2800 Horatius,
468 2753 500 2789 ea
529 2741 637 2803 Augusti
675 2739 766 2791 liastae
793 2743 902 2805 iungunt
924 2743 1000 2791 lotias
1020 2743 1140 2791 visentur.
1170 2767 1197 2777 -

107 2814 277 2864 voluntatem
304 2815 454 2878 exprimere
478 2827 557 2864 nemo
581 2817 636 2864 lum
674 2817 791 2880 Lucrino]
815 2830 898 2880 prope
920 2817 997 2867 Baias
1019 2817 1088 2866 iuxta
1110 2815 1197 2866 lacum

107 2904 163 2940 nou
180 2889 299 2939 videbat.
328 2890 469 2953 (Scriptum
486 2900 635 2939 carmena.
675 2893 823 2946 Avernum,
860 2889 920 2940 lacu
950 2892 1057 2954 piscoso
1089 2891 1200 2940 ostreis-

107 2978 133 3014 u.
155 2977 180 3012 c.
201 2962 279 3025 lilii)
675 2977 727 3026 que
751 2963 914 3014 abundante.
935 2991 963 3001 —
983 2964 1011 3014 ln
1029 2963 1081 3013 hoc
1098 2977 1197 3026 genere

142 3039 168 3088 l.
182 3039 207 3086 2.
228 3039 313 3102 repioe
322 3038 407 3103 Moles]
418 3038 545 3102 «sepium,
565 3037 637 3100 quod
675 3037 859 3088 incredibilem
875 3039 901 3088 in
914 3037 1026 3087 modum
1038 3039 1199 3087 insanierant

107 3113 195 3176 regis,
222 3113 322 3176 reptile,
350 3112 424 3175 quod
446 3125 510 3176 rege
528 3112 636 3176 dignum
674 3113 702 3162 L.
715 3111 897 3172 Lucullus,Q.
912 3113 1080 3170 Hortensius,
1098 3111 1127 3161 C.
1142 3112 1198 3161 llio

106 3191 177 3240 esti
197 3189 346 3238 Anusrsrns.
366 3189 434 3238 Sane
452 3187 496 3237 bic
514 3189 555 3237 est
577 3199 637 3236 ore·
673 3188 733 3237 tius.
758 3186 900 3250 Aptissima
912 3187 1003 3234 autem
1014 3186 1129 3249 piscinas
1141 3184 1198 3236 illas

105 3263 187 3327 gibus
206 3261 328 3326 dignae.»
346 3263 412 3312 Sunt
429 3260 515 3325 ampla
535 3263 562 3311 el
577 3273 636 3310 ma·
673 3259 822 3310 luxuriosas
839 3261 977 3324 comparat
994 3273 1056 3310 oum
1073 3258 1132 3309 lacu
1145 3261 1197 3310 Lu-

105 3337 206 3402 gnifica
229 3336 362 3396 aedilicia,
389 3337 426 3386 uli
444 3339 545 3386 turrem
563 3337 636 3386 Mae·
673 3336 755 3395 criuo,
774 3337 865 3399 utpote
884 3335 909 3385 iu
928 3347 980 3398 quo
999 3333 1156 3384 Octavianus
1171 3347 1195 3384 a.

105 3413 279 3464 eenatianam
304 3411 351 3460 Od.
371 3410 399 3470 3,
424 3410 471 3471 29,
496 3410 536 3460 lo.
558 3410 636 3459 vocat
672 3423 699 3460 u.
719 3423 742 3459 c.
761 3410 818 3458 lli.
836 3411 863 3459 in
880 3422 1008 3472 magnum
1024 3409 1128 3473 imperii
1145 3409 1198 3458 lio-

107 3483 502 3547 llolempropinqaomaabibae.
518 3483 570 3535 Cir.
582 3481 633 3534 Sal.
674 3485 744 3534 mani
768 3483 941 3534 commodum
964 3486 1072 3548 portum
1087 3481 1196 3544 lulium,

105 3560 184 3612 Catil.
206 3561 245 3610 la.
266 3563 292 3610 et
308 3561 350 3610 ili⁴
369 3559 439 3610 Talia
456 3561 547 3609 autem
563 3558 636 3623 paul-
674 3561 759 3624 «repis
780 3571 860 3620 opas»
886 3558 928 3620 (Α,
950 3557 978 3608 Ρ.
1000 3557 1055 3620 65.)
1074 3559 1197 3607 constru-

105 3637 182 3687 latim
207 3634 365 3685 coartabant
387 3647 449 3684 arva
470 3631 563 3683 lerlilia
581 3645 634 3683 non
672 3633 770 3692 xisset;
797 3633 896 3681 vivaria
922 3633 1013 3681 eonas
1037 3630 1079 3682 illa
1103 3632 1197 3696 privati

105 3714 163 3761 lam
181 3723 277 3773 perse
294 3711 352 3774 ipsa
370 3721 453 3772 wana
469 3710 580 3772 propter
593 3705 637 3756 sil·
673 3707 810 3758 dumtaxat
826 3707 903 3757 luxus
920 3709 1005 3772 turpia
1018 3709 1095 3756 erant
1105 3719 1198 3756 mouu-

105 3799 170 3846 ras,
189 3786 320 3848 porticus,
343 3783 517 3848 gestationes,
537 3781 636 3831 ambu·
672 3785 771 3833 menta.

105 3861 234 3920 lotiones,
253 3857 398 3925 leporario,
416 3859 547 3922 piscinas,
567 3858 636 3907 euri-
704 3857 729 3910 l.
748 3857 854 3923 Slopoa]
867 3859 968 3910 Seneca
983 3859 1108 3908 controv.
1121 3855 1146 3916 l,
1165 3858 1194 3905 a:

103 3949 171 4000 pos,
200 3934 274 3985 lacus
298 3933 424 3984 adiectos.
460 3937 497 3983 Ao
519 3947 548 3983 re
569 3945 634 3982 vera
671 3933 827 3998 nooipobilia
855 3934 1012 3995 piscinarum
1042 3933 1116 3995 [reta.
1157 3933 1194 3981 De

104 4012 150 4060 bie
176 4006 299 4058 villarum
326 4009 416 4068 luxus,
446 4020 508 4057 eum
534 4007 633 4058 domini
672 4008 780 4072 piscinis
798 4006 906 4059 consule
923 4009 997 4056 Varr.
1018 4007 1045 4057 li.
1060 4006 1088 4056 li.
1105 4005 1133 4064 3,
1153 4004 1192 4053 ll.

105 4097 156 4148 per
178 4084 308 4133 maiorem
326 4084 385 4132 anni
407 4085 512 4147 partem
534 4083 633 4132 Romae
672 4084 771 4132 ilerum
790 4083 937 4143 amatores,
957 4079 1090 4140 Lucullos,
1114 4081 1195 4129 Cras-

105 4160 250 4222 degerent,
270 4157 296 4208 in
308 4169 388 4209 causa
400 4158 459 4218 luit,
473 4171 522 4207 cur
533 4157 633 4213 sensim
672 4171 744 4218 sum,
768 4157 937 4208 Hortensium
950 4156 1101 4218 piscinarios
1117 4156 1196 4202 vocat

106 4233 281 4283 desereretur
298 4233 403 4296 andqua
421 4231 463 4283 illa
481 4235 509 4282 st
524 4233 632 4281 strenua
672 4233 725 4282 Cio.
740 4230 774 4282 ad
786 4233 836 4282 litt.
851 4232 879 4292 l,
899 4231 939 4293 ts,
954 4231 978 4280 6.
992 4257 1019 4265 -
1027 4229 1197 4292 paeanaque

105 4307 161 4370 agri
188 4304 292 4356 cultura
317 4319 479 4371 semperque
503 4305 634 4356 desertior
669 4307 771 4371 caelebs]
797 4304 905 4357 Martiali
931 4305 961 4364 3,
988 4305 1033 4366 58,
1060 4303 1089 4353 3:
1117 4302 1194 4353 triduo
