2998 4980
564 432 623 481 nili.
643 433 661 480 i.
698 433 726 480 C.
746 431 798 480 iix.

367 585 537 655 Condiium
557 587 636 664 levi,
661 587 755 653 datus
777 587 808 652 in
832 585 955 652 theatro

493 709 573 776 Cum
595 708 652 774 tibi
674 707 824 796 plausus,

366 869 447 934 Care
470 867 639 934 Maecenas
661 888 781 955 equae,
805 877 841 932 ut
861 867 986 954 paterni

365 989 519 1056 Fluminis
541 989 632 1076 ripae
654 987 748 1055 simul
771 999 803 1054 et
825 989 934 1055 iocosa

363 1111 528 1180 Redderet
548 1109 661 1177 laudes
684 1109 740 1176 tibi
763 1110 905 1178 Vaticani

491 1232 607 1298 llontis
630 1232 744 1320 imago.

217 1439 242 1489 3.
262 1437 323 1490 clari
339 1441 405 1491 Pott.
425 1441 539 1504 septem.
560 1466 588 1475 —
608 1441 631 1489 o.
652 1438 717 1488 Care
732 1437 940 1500 Bhsrcdactrz
964 1439 1038 1490 Clare
1058 1453 1091 1488 ex
1114 1453 1167 1490 uno
1188 1437 1204 1488 λ

183 1512 268 1567 ilenti.
288 1518 316 1566 et
332 1516 364 1566 ll.
397 1515 436 1578 (Ut
452 1527 510 1574 uos,
528 1513 561 1578 J.)

144 1694 300 1756 Amptorae.
337 1692 411 1742 «leui
427 1692 506 1755 igitur
523 1703 582 1754 ego,
601 1703 678 1742 sum-
714 1691 836 1756 suspectae
850 1702 949 1754 remon,
966 1691 1038 1740 listro
1053 1692 1183 1755 satanam
1194 1694 1237 1754 qai

143 1781 195 1820 ma
213 1767 312 1818 laetitia
329 1764 424 1826 elatus,
443 1779 504 1816 cum
516 1765 612 1830 plausu
629 1779 678 1814 ex·
714 1763 784 1826 cepis
800 1777 849 1814 csse
866 1769 944 1814 mam.
979 1762 1071 1815 Vellei.
1090 1767 1115 1827 2,
1133 1765 1177 1816 88:
1200 1769 1238 1816 ei-

143 1845 249 1907 ceptus
266 1855 342 1892 esses
359 1843 386 1893 in
408 1841 611 1904 theatrouptut
626 1839 674 1889 0d.
712 1840 753 1888 ait
773 1840 872 1904 usqisti
893 1839 958 1888 eloai
978 1841 1028 1904 fiae
1047 1845 1182 1890 centenus.
1207 1868 1235 1876 -

144 1919 178 1977 2,
197 1918 238 1976 ii,
257 1917 313 1978 io,
334 1918 379 1980 qui
396 1915 507 1981 plausus
523 1915 596 1965 idem
614 1927 676 1966 esse
709 1914 820 1977 paterni]
842 1913 945 1964 Tiberis
967 1913 1002 1964 ab
1019 1913 1123 1965 Etruria
1140 1913 1236 1966 urbem

144 1991 258 2042 sadatur
275 2005 337 2042 cum
355 2004 396 2052 eo,
415 2003 497 2054 quem
513 1991 677 2041 hic'memo·
713 1988 806 2038 inlluit.
843 1989 948 2038 Tuscum
968 1989 1067 2038 amcam
1086 1992 1165 2040 vocat
1187 1990 1235 2040 0d.

144 2067 207 2124 rat,
232 2079 295 2116 nam
318 2079 369 2130 per
389 2067 528 2128 utriusque
550 2065 675 2116 carminis
713 2062 737 2124 3,
756 2064 781 2124 i,
800 2063 841 2113 28.
869 2065 961 2125 Lydius
978 2064 1056 2114 Tibris
1072 2066 1115 2114 est
1129 2063 1236 2132 ilirgilio

144 2145 260 2204 tempus
285 2141 376 2203 utique
402 2141 454 2190 hoc
471 2141 563 2190 statui
589 2137 674 2201 licem)
712 2139 777 2186 len.
796 2139 821 2198 2,
840 2138 897 2188 78⁴.
924 2137 1109 2188 Cilniaautem
1126 2127 1236 2201 pensex

146 2216 227 2266 «iam
251 2217 315 2265 tunc
340 2215 392 2264 hoc
411 2215 504 2264 vinum
525 2213 571 2263 tibi
595 2215 675 2265 tacite
712 2212 825 2272 Arretio,
835 2212 956 2261 Etruriae
966 2212 1073 2275 oppido.
1087 2212 1234 2274 0d.t,i,i.

145 2288 293 2355 pollicitus,
306 2288 354 2339 ubi
365 2287 508 2351 aliquando
519 2300 597 2338 meus
609 2300 675 2337 con·
744 2286 769 2335 7.
802 2285 924 2350 Vaticani]
941 2287 1013 2336 Echo
1028 2287 1062 2336 ad
1079 2285 1235 2347 Ianiculum,

147 2364 213 2413 viva
231 2376 292 2414 esse
309 2362 419 2413 velles.»
713 2359 787 2410 collis
803 2361 923 2411 Vaticani
940 2363 1054 2425 partem,
1074 2374 1143 2424 quae
1161 2375 1237 2411 ere·

184 2441 207 2488 5.
233 2437 304 2503 Cure]
321 2439 351 2487 lu
369 2436 413 2488 tali
430 2437 522 2488 odorio
539 2435 674 2487 lamiliaris
711 2436 788 2498 mone
809 2439 867 2486 erat
890 2437 986 2488 theatri
1004 2437 1122 2500 Pompeii
1139 2435 1235 2500 lapidei

145 2527 184 2566 ac
199 2512 297 2564 blanda
313 2512 438 2565 allocutio
456 2513 534 2562 unice
551 2513 627 2575 apia,
645 2514 675 2561 ut
711 2512 737 2560 in
766 2511 867 2575 Campo
901 2511 1009 2574 florae,
1043 2513 1133 2562 medio
1167 2513 1237 2562 inter

145 2587 199 2640 od.
228 2589 253 2648 Ξ,
282 2589 324 2650 20,
353 2588 381 2637 i:
410 2587 505 2638 Dilecta
531 2588 673 2648 Maecenas,
711 2587 856 2648 utrumque
874 2586 970 2636 Tiberi.

144 2662 324 2726 Eponam
350 2661 435 2711 Amico
452 2662 599 2721 Maecenas,
620 2675 673 2711 uon
744 2661 768 2710 8.
798 2661 892 2725 imago]
917 2662 1011 2713 ui0d.
1037 2665 1060 2724 l,
1085 2665 1125 2724 ii,
1148 2663 1176 2713 3:
1201 2665 1237 2714 io-

145 2738 228 2799 clare,
246 2739 276 2786 ut
293 2737 408 2786 coniecit
424 2735 515 2786 Lamb.
535 2736 569 2786 ad
587 2736 634 2786 Od.
648 2737 672 2798 2,
711 2747 770 2784 cosa
786 2735 880 2799 imnpo,
899 2739 996 2787 neutro
1013 2737 1072 2788 loco
1089 2737 1236 2788 additovo-

145 2813 191 2871 20,
204 2813 229 2861 7.
241 2811 398 2875 recepitque
410 2822 444 2858 cx
454 2822 508 2860 uno
517 2809 582 2860 Cod.
593 2813 675 2862 licut
711 2809 760 2872 cis,
786 2812 816 2860 ut
841 2811 911 2874 Vir-g.
935 2814 981 2861 Ge,
1005 2811 1030 2872 i,
1053 2814 1098 2862 50:
1121 2815 1237 2876 cecoque

148 2887 228 2937 leius.
252 2886 309 2936 lloc
326 2887 399 2935 enim
415 2885 474 2948 ipso
491 2884 605 2935 molesto
620 2887 676 2950 epi·
712 2887 807 2947 oisemo
821 2886 926 2935 roulant
941 2887 1034 2950 minae.
1063 2888 1155 2937 Montis
1173 2889 1237 2936 imo·

148 2961 225 3012 theto
237 2961 398 3011 Maecenatis
409 2960 573 3023 prudentem
584 2959 676 3012 laesis·
711 2973 744 3023 po
760 2961 810 3021 est,
829 2972 899 3022 quae
916 2959 990 3010 velut
1000 2963 1027 3010 iu
1038 2965 1129 3011 monte
1141 2962 1235 3013 sedem

146 3038 191 3086 set
215 3034 386 3085 modestiam.
427 3035 520 3097 Neque
547 3034 674 3100 appellari
712 3033 812 3084 habeat
828 3037 855 3084 et
872 3033 933 3084 inde
950 3047 1046 3085 vocem
1063 3036 1167 3085 reddat.
1187 3038 1236 3086 Se-

147 3108 268 3160 debebat
284 3121 334 3172 pro
351 3108 413 3159 lect.
431 3108 500 3159 clare
520 3109 567 3159 Od.
588 3110 613 3170 3,
633 3111 673 3169 46,
711 3121 780 3157 neca
797 3109 891 3158 head,
912 3109 971 3158 ⁴09:
989 3109 1152 3171 intimansque
1167 3112 1237 3159 coco

146 3185 193 3235 20:
215 3184 491 3244 diaconosanctus
507 3184 593 3243 decies·
611 3197 675 3248 par·
710 3183 835 3232 montibus
869 3184 944 3232 licto.
980 3184 1102 3233 Bosscni.
1148 3186 1234 3247 Atque

147 3259 206 3319 dm,
226 3259 289 3322 quia
301 3259 385 3308 totum
396 3256 460 3308 illud
471 3271 582 3308 carmen
594 3257 676 3308 subli-
712 3256 834 3317 omnino,
858 3257 987 3321 quidquid
1008 3261 1101 3308 contra
1118 3259 1236 3322 disputat

149 3333 241 3384 mioris
260 3333 303 3382 est
318 3330 423 3394 indolis,
441 3333 539 3396 partim
556 3335 619 3396 quia
635 3335 674 3384 sic
712 3333 743 3382 ll.
763 3331 928 3396 Peerlkamp,
947 3334 1097 3383 rectissime
1115 3336 1154 3384 sic
1171 3333 1236 3384 dici-

145 3408 237 3458 vocari
263 3408 371 3471 poterat
392 3408 479 3470 quivis
507 3407 562 3458 iere
589 3421 674 3472 eques
712 3409 756 3456 tur
772 3418 854 3456 sonus
871 3411 1187 3470 repercussusamonte,
1206 3410 1235 3457 ut

148 3485 282 3534 sommus
304 3481 421 3534 illustris.
446 3511 475 3520 -
502 3484 583 3548 eques]
610 3485 674 3547 equi
711 3481 844 3532 Ausonius
862 3483 944 3545 Epist.
968 3483 1010 3542 25,
1029 3482 1057 3531 9:
1082 3485 1235 3545 Respondent

148 3559 270 3621 equestri
298 3556 391 3606 ordine
420 3559 575 3619 contentus,
604 3572 675 3609 uun·
711 3562 734 3606 ct
750 3571 818 3606 soon
833 3557 942 3616 homini·
955 3570 1089 3619 percitam
1105 3558 1137 3606 ab
1154 3559 1235 3607 amris

148 3645 229 3695 quam
256 3631 361 3682 iuhiasti
387 3631 548 3693 honoribus,
575 3632 674 3695 quihus
710 3632 798 3682 Seiano
818 3633 898 3693 redit,
920 3633 984 3682 redit
1005 3636 1028 3681 et
1043 3645 1174 3682 morum
1188 3647 1235 3682 co-

150 3709 251 3767 leman,
271 3707 294 3756 si
312 3719 441 3770 cuperes,
461 3710 486 3757 te
503 3707 619 3758 libenter
630 3723 676 3759 ex·
710 3707 772 3756 cotis
788 3707 881 3770 imago.
921 3707 1035 3757 Vaticani
1056 3706 1235 3772 antepenulti-

149 3779 253 3830 tolleret
270 3780 397 3830 Caesar.»
417 3781 471 3832 llac
489 3783 561 3833 enim
578 3782 674 3832 mode·
710 3795 755 3832 ma
771 3781 857 3843 brevi,
876 3795 939 3832 curn
957 3783 1028 3846 apud
1046 3781 1192 3833 Martialem
1208 3785 1236 3832 et

150 3855 198 3905 stia
215 3867 282 3905 usus
301 3857 328 3904 et
344 3853 456 3906 liberius
473 3857 582 3907 vivebat
592 3858 673 3907 homo
710 3855 863 3907 iuvenalem
872 3856 999 3919 sitlonga,
1013 3857 1074 3907 ideo
1086 3870 1234 3921 usurpasse

151 3929 266 3980 mollitiei
284 3929 396 3980 studens
414 3933 494 3994 atque
512 3933 620 3982 inanem
638 3932 675 3984 ia·
709 3931 824 3992 videtin,
838 3931 1111 3994 quianonnulliFesto
1123 3934 1233 3982 auctore

151 4007 232 4066 stum,
252 4016 335 4067 quem
352 4005 468 4056 honores
487 4008 510 4057 ei
528 4009 674 4071 imposuis-
710 4010 738 4056 et
755 4005 836 4056 Gellio
848 4008 888 4066 lii,
903 4007 941 4056 li.
961 4008 1041 4056 huius
1058 4008 1172 4057 nominis
1184 4008 1235 4055 ori-

152 4081 217 4140 sent,
230 4079 361 4140 devitans,
381 4084 408 4130 et
419 4083 504 4144 magis
514 4081 673 4146 popularem
710 4083 799 4143 ginem
816 4095 832 4130 a
848 4083 975 4132 vaticiniis
994 4081 1167 4150 repetebant,
1191 4079 1233 4130 vel

152 4165 179 4202 se
190 4153 340 4217 praebebat
350 4153 516 4218 aliorumque
528 4169 673 4220 procerum
710 4155 856 4220 simplicius
881 4158 961 4208 etiam
987 4157 1120 4216 dicamus,
1148 4169 1179 4206 en
1202 4154 1234 4204 li-

153 4227 274 4280 inridiam
285 4230 374 4280 minus
386 4229 527 4280 excitabat.
550 4232 670 4294 Propert.
710 4231 797 4281 centia
814 4231 840 4280 h.
853 4230 869 4280 l.
889 4244 969 4281 usum
981 4243 1050 4292 csse,
1069 4243 1150 4293 quam
1160 4229 1234 4285 haud

153 4301 176 4360 3,
194 4302 218 4363 9,
238 4305 265 4352 i:
284 4305 417 4354 Maecenas
432 4319 505 4366 eques
521 4306 627 4355 dinosco
644 4307 674 4355 dc
710 4318 771 4356 raro
799 4307 826 4356 in
856 4305 1010 4356 nominibus
1041 4305 1155 4368 propriis
1182 4303 1233 4354 sibi
