2986 4974
684 429 811 479 titillatu
831 426 998 479 ilitutllltttll

469 588 607 672 Campos
631 587 800 658 iuvencae,
826 605 909 649 nunc
932 582 1038 648 fluviis
1060 603 1190 668 gravam

512 707 649 772 Solantis
673 715 810 778 aestum,
836 727 920 770 nunc
943 707 974 768 in
996 704 1062 770 udo

554 828 681 894 Ludere
706 848 779 892 cum
807 825 913 891 vitulis
935 826 1047 892 salicto

470 987 728 1075 praegestientis.
774 985 860 1050 Tolle
883 984 1068 1071 cupidinem

470 1109 601 1175 Immitis
626 1129 726 1174 uvae:
754 1108 816 1172 iam
842 1106 896 1172 tibi
919 1105 1035 1172 lividos

514 1232 694 1318 Distinguat
715 1231 912 1294 ductumnus
935 1248 1083 1294 racemos

556 1355 722 1439 Purpureo
746 1352 855 1415 varius
884 1350 1002 1416 colore.

369 1575 408 1623 44.
426 1574 512 1623 varus
528 1569 632 1622 llanuel
650 1583 668 1632 y
686 1570 759 1620 Faria
781 1571 809 1618 et
828 1566 912 1617 Bentl.
933 1567 1002 1617 coni.
1022 1566 1126 1616 firmata
1144 1566 1178 1617 ab
1196 1565 1262 1616 Edd.
1283 1567 1353 1617 4485.

336 1648 408 1698 4486.
423 1647 494 1712 apud
512 1645 641 1707 Cuninglr.
654 1645 740 1694 inim.
754 1656 780 1707 p.
794 1643 851 1692 465.
880 1645 908 1692 ln
926 1643 968 1692 his
985 1645 1073 1692 ortum
1090 1641 1197 1693 videtur
1214 1657 1247 1692 ex
1265 1655 1355 1692 errore

336 1723 399 1771 Ven.
415 1721 487 1772 4484.
506 1721 620 1770 uarious.
638 1747 664 1754 -
683 1719 910 1779 Purpuraaaoario
922 1718 1005 1766 colore
1017 1717 1101 1768 Codd.
1116 1717 1178 1780 aliq.
1193 1716 1322 1767 Lambini.

336 1919 359 1968 6.
384 1916 510 1980 trevericae]
531 1915 667 1979 Epicrates
686 1912 756 1977 apud
775 1917 829 1962 Aa·
865 1926 920 1963 cere
932 1926 1091 1975 purpuream
1108 1913 1219 1962 mudum
1234 1919 1337 1964 matura
1351 1926 1385 1960 co

302 1992 363 2043 lian.
384 1993 414 2040 ll.
434 1993 463 2040 Α.
483 1991 529 2050 44,
549 1989 601 2047 444,
620 1987 666 2037 ubi
684 1987 829 2037 lenaiurat
865 1988 951 2037 torem
972 1988 1036 2038 Cato
1049 1988 1098 2036 un
1113 1987 1157 2036 73:
1173 1988 1216 2036 ati
1227 1999 1385 2037 anuscanae

303 2067 337 2116 de
359 2064 460 2130 puella:
488 2057 528 2126 ὥς
544 2059 680 2128 δάμαλις,
704 2057 767 2124 ὦς
761 2077 830 2132 ,ταρ-
865 2063 989 2124 coeperint
1004 2063 1067 2126 steri.
1102 2059 1194 2112 Catuli.
1214 2063 1261 2123 47,
1281 2062 1320 2112 lli.
1340 2073 1385 2144 pu.-

302 2140 402 2202 θένος,
421 2155 461 2202 ως
474 2134 568 2200 πωλος
580 2131 684 2202 alippa
703 2135 826 2222 {ophocl
866 2135 945 2187 ellam
974 2135 1133 2186 adultiorem
1161 2137 1216 2186 avis
1250 2135 1385 2200 nipemrnts

305 2217 397 2267 Trach
415 2216 471 2266 549
491 2214 524 2263 de
545 2215 679 2264 Deianira.
699 2205 759 2262 ἀπὸ
775 2227 830 2278 μα-
867 2211 992 2274 (maturis)
1011 2211 1073 2273 dilig
1058 2211 1161 2262 aentius
1179 2223 1387 2261 esseasservan-

302 2286 370 2378 τρὸς
387 2283 468 2360 ἄφαρ
488 2283 653 2351 βέβακεν“
635 2280 709 2336 alata
729 2283 829 2356 πόρτις
866 2287 929 2336 dam
946 2287 991 2336 ait
1026 2287 1091 2336 Tres
1108 2285 1186 2349 igitur
1203 2287 1266 2336 sunt
1282 2286 1383 2348 gradus

303 2362 407 2436 ἐρῆμα.
434 2392 461 2400 -
480 2376 546 2412 ιιιιιισ
563 2363 654 2426 pratu]
668 2363 696 2411 ut
708 2373 830 2425 praescr
866 2360 964 2424 quibus
985 2374 1037 2410 uva
1054 2361 1153 2410 acerba
1171 2363 1198 2410 et
1214 2358 1305 2410 viridis
1325 2353 1386 2424 (ὅμ-

304 2441 351 2490 tun
363 2451 432 2488 circa
445 2437 585 2487 meridiem
598 2435 722 2486 italorum
735 2449 829 2498 greges
867 2432 937 2499 φαξ)
953 2437 1121 2486 maturescit:
1140 2434 1220 2496 liuor,
1240 2445 1386 2499 purpureus

304 2516 375 2564 risos
385 2511 563 2575 ingredientes
576 2524 636 2561 sesa
648 2511 757 2560 tuentur
768 2523 830 2559 con·
867 2511 952 2570 color,
972 2511 1054 2573 niger.
1075 2511 1131 2560 liae
1146 2523 1210 2572 erga
1222 2509 1297 2559 dicit:
1318 2511 1385 2559 «lior

304 2592 343 2638 tra
356 2587 418 2638 solis
435 2589 541 2636 aestum
559 2588 585 2634 et
600 2588 692 2634 contra
706 2583 825 2635 tabanos.
867 2587 1032 2635 ductumnus
1045 2585 1149 2634 vadens
1166 2585 1302 2634 lructuum
1320 2582 1387 2634 colo-
1475 2601 1476 2604 ¹

337 2663 361 2711 8.
382 2663 405 2710 9.
435 2673 492 2710 cam
508 2659 601 2722 vitalis]
621 2659 716 2722 «quasi
734 2661 830 2710 etlam·
866 2673 910 2710 res
925 2672 1006 2708 uvam
1023 2661 1157 2723 disttupuet
1174 2658 1258 2722 (aliter
1276 2659 1385 2722 tinguet,
1475 2691 1476 2698 .

306 2751 376 2788 nunc
393 2736 514 2787 eiusdem
531 2733 659 2785 cumillis
676 2737 748 2785 asset
760 2736 831 2784 aeta-
864 2734 952 2798 444444
967 2733 1029 2798 um)
1041 2747 1177 2799 purpureo
1189 2732 1293 2795 colore,
1312 2743 1387 2797 quem

305 2813 364 2863 tis.»
379 2838 406 2848 -
417 2811 572 2874 praeposita,
592 2803 831 2880 ὑπερπροθιιμοῦ-
867 2810 955 2860 statim
974 2811 1102 2872 sequetur
1119 2810 1207 2870 niger,
1225 2807 1321 2872 plenae
1334 2821 1386 2858 ma·
1475 2845 1476 2852 ,

304 2902 366 2952 pai.
403 2889 522 2935 Gnossan.
866 2884 981 2934 turitutis
999 2883 1113 2946 signum.
1144 2881 1222 2932 Velut
1233 2887 1388 2932 auctumnus
1475 2895 1476 2940 l

338 2961 376 3010 40.
404 2959 515 3023 immitis]
534 2959 662 3020 acerbae,
682 2952 828 3024 ὄμφακος.
868 2957 997 3008 tractibus
1015 2957 1196 3007 maturitatem
1214 2957 1340 3020 praebet,
1358 2958 1388 3006 ita

305 3036 392 3099 Epigr.
419 3033 524 3084 Anthol
551 3031 604 3083 Pal.
632 3036 652 3084 l.
680 3047 740 3098 pag
769 3035 828 3085 tat:
866 3037 974 3098 tempus
992 3036 1108 3084 amatam
1127 3031 1241 3097 puellam
1260 3037 1388 3083 maturam

298 3104 416 3174 Ομφαξ
444 3103 498 3160 οὐκ
525 3107 695 3170 ἐπένευσας·
726 3101 768 3158 dr
795 3100 830 3172 ἧς
868 3113 895 3160 at
915 3108 1033 3158 habilem
1056 3107 1102 3158 tibi
1125 3105 1252 3157 reddet.»
1289 3107 1387 3158 Pindar

305 3181 456 3250 σταφυλή,
475 3184 667 3252 παρεπέμψω.
687 3179 734 3248 Μὴ
752 3183 830 3245 ‹pdo-
867 3184 961 3234 isthm.
980 3185 1004 3244 4,
1019 3182 1042 3232 l.
1063 3183 1096 3232 de
1115 3195 1213 3246 puero:
1227 3173 1353 3246 Ὅστις
1339 3177 1388 3234 sav
1475 3237 1476 3242 ς

305 3262 391 3331 νέσῃς
408 3256 510 3310 δοῦναι
520 3253 577 3308 aaa
587 3253 731 3328 βραχὺ
696 3273 749 3323 της
760 3271 831 3308 στα
867 3253 957 3321 καλὸς
974 3253 1051 3317 εἶχεν
1059 3247 1165 3326 Αφρ
1163 3259 1226 3320 laag
1237 3252 1386 3348 Eridpo'voa

305 3332 399 3396 ιρίδος
866 3330 1043 3404 μνάστειραν
1060 3327 1215 3383 ἁδίσταν
1199 3330 1326 3404 campora.

340 3409 380 3456 44.
415 3406 504 3456 Verba
529 3407 567 3456 sic
591 3405 750 3456 ordinanda:
777 3406 831 3456 Ασ-
901 3409 940 3457 43.
966 3407 1092 3470 feroa]«
1080 3407 1241 3468 «indomita,
1267 3409 1389 3458 intracta-

305 3485 420 3532 ctamuus
435 3481 832 3544 vaeneattnpoetcotorepoa
868 3481 927 3532 bilis
949 3480 990 3531 ille
1013 3485 1100 3542 aetas,
1127 3495 1180 3544 qua
1197 3479 1301 3545 puellae
1323 3484 1389 3532 tiras
1475 3473 1476 3484 ¹

303 3569 384 3618 pareo
399 3569 512 3606 racemos
528 3555 629 3617 lividos,
649 3569 717 3605 non:
736 3557 831 3606 Auctu-
869 3557 959 3620 lugare
978 3555 1090 3608 solent.»
1109 3555 1233 3620 (trotzip.)

305 3643 379 3680 mnas
395 3629 527 3693 disliupaat
546 3643 660 3679 racanas
679 3631 767 3680 lividos
782 3645 831 3680 ua-
902 3631 942 3682 44.
961 3631 1101 3696 dempserit]
1118 3632 1186 3682 Anni
1203 3631 1275 3680 vilae
1293 3633 1320 3682 et
1331 3641 1389 3680 vere

305 3707 360 3754 rias
373 3705 454 3753 colore
467 3717 605 3766 purpureo.
638 3705 729 3754 Varias
740 3706 831 3756 autem
869 3705 954 3756 vitalis
971 3709 998 3757 et
1014 3705 1164 3770 sperandae
1182 3707 1246 3756 demi
1264 3705 1342 3758 nobis
1354 3707 1390 3755 ri-

308 3793 360 3829 non
378 3781 441 3838 tarn,
461 3779 506 3841 qui
523 3781 625 3838 varios,
645 3781 731 3830 omnis
749 3793 832 3843 gene·
869 3781 966 3832 dentur
982 3785 1043 3845 post
1059 3795 1159 3832 annum
1178 3771 1272 3832 aetatis
1290 3783 1391 3832 circiter

307 3855 343 3904 ris
361 3853 461 3903 tructus
477 3853 613 3916 producit,
633 3854 682 3904 sed
699 3857 831 3917 qrratenus
869 3858 954 3916 xiva
973 3856 1189 3908 adolescentibus
1201 3860 1294 3907 contra
1307 3858 1390 3908 elvir-

306 3929 394 3978 vnrios
417 3926 621 3990 (scitilarnde
644 3929 832 3992 potiusquam
869 3930 973 3994 ginibus
995 3930 1076 3981 iidem
1097 3930 1132 3981 illi
1156 3933 1217 3981 anni
1241 3932 1344 3992 latices,
1366 3931 1391 3979 ut

307 4002 415 4066 tuate)
434 4001 539 4052 colores
557 4003 631 4063 uvis,
653 4003 748 4067 pomis,
768 4004 832 4066 piris
869 4003 946 4054 nobis
963 4004 1100 4064 videntur,
1124 4011 1288 4068 apponuntur
1309 4017 1389 4070 nsque
1475 3999 1476 4002 ’

308 4081 358 4128 cet.
374 4076 483 4128 inducit.
497 4077 575 4140 Prop.
590 4077 619 4138 4,
633 4079 662 4140 4,
682 4077 727 4127 43ε
745 4079 832 4128 Priora
869 4079 904 4129 ad
916 4093 1015 4130 annum
1026 4081 1078 4130 llll.
1089 4081 1182 4144 virgini
1194 4079 1309 4140 italicae,
1320 4079 1388 4130 xxv.

307 4153 367 4202 miti
396 4153 566 4216 (Vertumnus
584 4151 711 4216 loquitur)
746 4153 833 4203 uariat
870 4154 1058 4214 Germanicae,
1083 4155 1181 4205 xxxv.
1200 4153 1243 4204 vel
1267 4155 1289 4206 si
1312 4155 1390 4206 maris

307 4227 437 4277 livoratus
447 4241 505 4282 aaa
514 4228 629 4276 roconis.
665 4229 711 4277 Ov.
725 4229 785 4278 Mat.
805 4227 830 4288 3,
869 4231 920 4280 nt.
939 4230 1040 4290 iuveni,
1060 4229 1106 4280 ubi
1120 4231 1209 4280 mente
1222 4226 1391 4294 saepiuarol-

308 4301 368 4351 aaa:
388 4307 416 4350 at
431 4303 512 4352 ousiis
528 4302 588 4350 sole!
599 4315 650 4351 uua
660 4303 768 4352 racana
779 4304 833 4353 Du-
869 4305 968 4362 vimus,
988 4305 1059 4354 hunc
1077 4303 1119 4354 vel
1137 4303 1209 4355 illurn
1225 4315 1325 4354 annum
1337 4303 1391 4352 viri
