2998 4980
497 437 556 486 un.
576 437 594 485 1.
632 437 660 486 c.
680 437 754 486 xxii,
854 421 856 426 '
1096 433 1157 500 433

145 595 187 645 llis
205 595 329 658 expositis
346 591 403 644 illas
420 591 520 657 aliquot
536 591 670 644 Gaetuliae
687 595 786 657 partes,
805 605 871 656 quas
888 594 936 644 Dio
950 594 998 658 (53,
1016 595 1067 658 26.)
1083 607 1158 644 eom-

90 678 247 738 memoravit,
275 676 309 727 ad
331 675 482 726 Numidiam
507 677 665 740 pertinuisse
690 679 775 740 patet,
803 677 851 728 sed
873 676 1043 728 Gaetulomm
1064 680 1157 742 gentes

89 763 160 810 etiam
176 759 262 821 luere,
281 773 351 824 qnae
368 759 449 810 eolles
466 759 654 824 convallesque
672 761 768 810 montis
785 759 908 822 Atlantis,
926 762 1067 824 utramque
1083 762 1158 812 Mau-

89 844 198 894 ritaniam
212 845 354 907 cingentis,
373 842 536 904 incolebant,
555 857 670 907 querum
686 855 749 906 pars
766 857 861 908 magna
878 845 989 909 imperio
1006 845 1159 894 Maumrum

87 927 197 992 parebat.
219 929 312 990 itaque
330 927 419 977 Horat.
437 939 480 977 vr.
499 927 574 976 lutee
590 927 661 976 tellus
671 954 685 964 -
696 927 786 976 nutrix
801 926 844 978 val
855 928 904 979 has
916 926 1086 978 Gaetulorum
1097 940 1160 990 gen·

88 1015 123 1062 tes
141 1009 182 1061 vel
203 1025 250 1062 ees
269 1013 359 1076 partes
376 1011 548 1062 Mauritaniae
571 1010 719 1074 significare
737 1011 855 1072 videtur,
882 1024 950 1076 quae
969 1009 1003 1061 ad
1020 1010 1160 1061 meridiem

89 1097 236 1158 montesque
260 1092 402 1144 Atlanticus
425 1095 560 1158 spectant,
586 1091 613 1143 id
638 1093 711 1158 qued
735 1095 814 1158 poeta
830 1105 855 1144 v.
874 1095 899 1144 2.
918 1095 1017 1146 Malaia
1032 1095 1122 1146 imula
1137 1100 1161 1144 et

89 1193 144 1228 areu
159 1181 186 1229 et
202 1179 247 1240 23,
271 1179 311 1228 lt.
333 1191 375 1228 vv.
394 1178 467 1242 tiqrs's
490 1182 518 1227 ut
539 1190 631 1240 aspere
653 1178 800 1228 Geetreltmie
820 1177 857 1228 leo
881 1179 1019 1242 expressit.
1046 1205 1073 1214 -
1093 1179 1161 1229 Cum

89 1265 170 1313 autem
193 1262 261 1312 iuba
286 1263 313 1312 et
337 1261 421 1325 gentis
439 1259 588 1311 Gaetulleae
613 1259 741 1323 plurimos
766 1273 815 1311 suo
836 1261 948 1325 imperio
970 1262 1119 1312 contineret
1135 1263 1162 1312 et

89 1347 219 1397 universae
237 1346 407 1398 Mauritaniae
425 1343 549 1394 dominus
567 1343 651 1394 lacius
669 1346 755 1406 esset,
782 1345 926 1394 maximam
946 1346 1052 1409 partem
1069 1357 1162 1395 earum

90 1432 211 1479 terrarium
228 1428 346 1490 tenebat,
365 1429 393 1478 in
409 1427 506 1492 quibus
523 1425 614 1478 leones
634 1427 754 1492 aliaeque
772 1427 843 1478 lerae
861 1425 974 1478 aluntur.
998 1429 1065 1480 ilinc
1082 1429 1161 1479 etiam

91 1513 153 1577 apud
177 1513 267 1563 ilorat.
291 1511 339 1561 Od.
366 1511 394 1574 l,
417 1511 463 1574 23,
490 1511 530 1562 lo.
560 1511 707 1562 Gaetulume
731 1512 781 1573 leo,
803 1511 851 1561 Od.
876 1511 906 1572 3,
931 1513 977 1573 20,
1004 1513 1029 1563 ἲ,
1057 1513 1164 1563 Gaetulo

91 1597 168 1647 leoena
192 1595 227 1646 ad
244 1593 367 1646 Gaetulos
384 1593 466 1645 iubae
492 1593 537 1644 tilii
563 1607 649 1658 aeque
673 1593 813 1646 referenda
833 1595 958 1646 videntur
977 1598 1058 1659 atque
1078 1594 1162 1646 verbe

91 1679 154 1730 Plinii
172 1680 210 1744 (il.
230 1681 262 1730 N.
280 1683 306 1742 5,
328 1679 351 1729 t.
370 1677 442 1729 med.
460 1677 551 1742 ibique
573 1677 666 1743 ilerd.)
684 1680 711 1727 et
733 1679 832 1729 Horatii
849 1679 896 1743 Ep.
914 1679 943 1740 2,
962 1681 993 1742 i,
1014 1680 1071 1730 l8l.
1089 1684 1165 1730 vates

92 1765 185 1815 Gaetulo
200 1764 297 1814 oueice
312 1763 404 1813 linetae
420 1761 455 1812 ad
472 1763 654 1814 Mauritaniam
673 1763 832 1828 partemque
852 1776 913 1814 eam
930 1761 1063 1814 Gaetuliae
1080 1765 1164 1828 perti-

91 1851 160 1909 nent,
178 1861 247 1913 quae
265 1848 315 1898 sita
331 1845 366 1897 ad
383 1846 550 1897 occidentem
568 1848 617 1897 est.
648 1847 686 1910 (V.
699 1847 807 1897 Schmid
819 1849 846 1898 et
862 1846 930 1897 Obb.
943 1846 960 1898 l.
974 1846 1008 1911 e.)
1026 1847 1064 1899 Cl.
1083 1848 1163 1898 eliam

92 1933 175 1996 Pomp.
193 1930 252 1983 Mel.
272 1930 301 1992 3,
327 1931 370 1992 to,
393 1929 418 1982 l.
453 1931 614 1995 Nimitesum
634 1931 844 1994 (laetitiamque
856 1931 952 1994 possim
969 1933 1164 1996 ooqeotimnoe

93 2015 169 2064 littore
185 2015 284 2078 quidem
300 2014 434 2078 infecundo
449 2019 519 2076 suot,
542 2027 663 2078 prepare
679 2020 702 2065 et
718 2017 813 2066 mmiee
829 2017 1003 2080 efficacissimis
1019 2017 1053 2066 ad
1069 2017 1164 2080 tieem·

93 2098 152 2148 dian.

150 2181 193 2232 liis
210 2182 337 2246 expositis
354 2182 376 2232 si
397 2183 457 2245 quis
476 2183 557 2234 eitum
576 2185 752 2246 naturamque
771 2181 891 2233 looorum
911 2184 938 2232 et
951 2183 1071 2246 tempora
1083 2193 1165 2231 aceu-

93 2264 145 2312 rate
160 2267 321 2330 respexerit,
339 2264 422 2315 verba
439 2265 502 2316 lior.
515 2265 591 2315 Iudae
607 2267 677 2316 tellus
688 2268 754 2328 ete,
773 2266 829 2316 sive
846 2265 880 2316 ad
892 2263 1014 2316 Gaetulos
1025 2264 1164 2315 Numidiae

93 2347 187 2400 accolae
211 2350 268 2400 sive
293 2348 328 2398 ad
348 2349 533 2398 Mauritaniam
559 2361 687 2412 oramque
713 2350 795 2400 maris
816 2347 938 2399 Atlantici
961 2345 1099 2409 retuleris,
1129 2347 1165 2398 ad

93 2430 179 2482 iubam
194 2431 280 2483 filium
296 2433 430 2496 pertinere
447 2431 585 2496 probabile
596 2435 645 2483 est.
670 2432 808 2484 Accedunt
819 2431 885 2482 aliae
898 2445 994 2483 causae
1006 2432 1093 2482 minus
1104 2444 1166 2494 gra-

93 2527 143 2564 ves.
175 2517 221 2567 Est
237 2517 309 2566 enim
326 2515 501 2578 notissimum,
521 2517 639 2566 earmina
651 2515 792 2567 Horatiana
808 2529 900 2566 rerum
913 2514 1019 2581 publice
1031 2517 1165 2579 gestarum

95 2600 242 2650 memoriam
268 2597 312 2649 vel
338 2597 457 2650 recolere
483 2598 525 2650 vel
545 2600 701 2662 significare.
745 2601 813 2650 Cum
834 2612 915 2664 supra
934 2599 1080 2649 viderimus
1097 2613 1166 2649 anno

97 2679 145 2731 ue.
163 2683 189 2734 U.
209 2684 238 2734 C.
278 2681 360 2732 Iubae
381 2681 434 2732 filio
456 2684 483 2733 et
502 2685 606 2748 partem
628 2683 705 2748 patrii
726 2685 801 2747 regni
817 2684 965 2734 restitutam
983 2685 1010 2733 et
1025 2684 1167 2746 utramque

97 2765 267 2816 Mauritaniam
284 2765 318 2816 ab
335 2768 452 2829 Augusto
469 2766 539 2818 dono
557 2767 646 2817 datam
659 2781 734 2828 esse,
752 2781 805 2817 non
818 2767 909 2818 dubito
921 2768 984 2832 quin
995 2768 1047 2818 boe
1058 2779 1167 2818 carmen

98 2848 183 2899 eodem
203 2863 273 2900 anno
295 2851 424 2912 scriptum
446 2851 494 2912 sit,
522 2863 574 2914 quo
591 2851 723 2914 Augustus
739 2853 880 2915 paternum
897 2852 924 2901 in
939 2850 1033 2901 iubam
1049 2851 1167 2900 animum

99 2931 224 2993 splendide
245 2933 399 2999 probasset,
427 2935 501 2984 euius
522 2935 561 2984 rei
583 2935 741 2984 memoriam
757 2937 836 2998 poeta
853 2947 960 2984 servare
977 2933 1059 2984 voluit
1075 2937 1102 2984 at
1119 2947 1169 2984 no-

98 3017 160 3066 mine
176 3017 257 3068 Iubae
275 3015 405 3082 appellato
424 3020 451 3068 et
465 3019 560 3068 natura
576 3019 662 3067 terrae
675 3017 797 3068 indicata.
824 3019 943 3081 Denique
954 3020 985 3068 ut
995 3020 1024 3068 G.
1037 3019 1169 3068 F.·Grote-

100 3095 153 3148 lend
170 3102 277 3166 (Eraebii
294 3100 403 3164 Eneycl.
421 3101 452 3152 li.
470 3113 497 3164 p.
516 3100 583 3163 lli.)
603 3113 711 3151 carmen
729 3100 785 3151 Lib.
805 3102 832 3163 l,
852 3101 892 3152 23.
912 3113 974 3151 eum
991 3099 1048 3151 aliis
1065 3103 1168 3152 amato-

100 3181 138 3231 riis
153 3197 219 3235 anne
236 3185 293 3236 iae.
311 3183 494 3249 probabilibus
512 3185 607 3236 duetus
624 3187 711 3237 causis
728 3185 880 3249 adscripsit,
904 3186 939 3235 ita
956 3185 1020 3236 milri
1032 3184 1066 3236 de
1078 3187 1169 3236 nostm)

101 3268 205 3319 armine
221 3267 300 3334 plane
317 3281 476 3334 persuasum
494 3269 560 3320 est.»
