3080 4980
547 467 605 518 Llll.
625 469 644 516 l.
681 467 708 516 C.
729 465 781 515 t'lt.

487 895 845 963 cmm·

226 1067 417 1136 Laudabunt
438 1067 491 1134 alii
513 1068 634 1135 claram
656 1067 791 1135 Rhodon
814 1079 868 1134 aut
889 1069 1062 1158 Mytilenen

188 1294 239 1344 ΠΙ.
275 1296 358 1345 luacr.
382 1293 450 1357 volg.
484 1296 522 1346 Ad
543 1295 571 1344 t.
594 1295 737 1345 Maeuiam
757 1295 877 1346 Plancina
897 1295 1061 1346 cmrutcrom
1086 1324 1113 1332 —
1134 1297 1173 1348 Ad

157 1367 301 1419 ltwnatircn
325 1370 446 1420 Ptmmma
473 1383 514 1433 pr.
543 1371 568 1420 S.
597 1371 673 1433 (corr.
696 1372 840 1420 llcnctiran
867 1373 895 1420 et
919 1373 980 1420 aute
1008 1385 1031 1420 v.
1061 1373 1100 1420 ts.
1135 1372 1174 1421 Ad

155 1442 291 1506 Roman.)
326 1445 345 1494 Τ
363 1445 460 1494 omisit.
481 1471 508 1480 -
528 1446 552 1494 l.
571 1445 705 1506 nircum
721 1443 855 1507 plerique,
877 1443 992 1494 etiami.

154 1649 206 1698 Vll.
238 1649 277 1700 De
299 1650 327 1699 L.
351 1649 459 1700 Munatii
479 1647 568 1700 Planci
593 1649 647 1700 vita
683 1657 746 1712 gere
767 1651 872 1712 posset,
896 1645 948 1699 boc
970 1648 1088 1700 carmine
1109 1651 1133 1700 ei
1151 1648 1207 1703 dis-

124 1722 230 1774 consulc
248 1724 385 1773 Drumann
404 1723 645 1786 Gcacltclttallom'r,
683 1721 792 1784 suadet,
820 1735 854 1773 ne
881 1723 1019 1774 Graeciam
1044 1737 1106 1775 cum
1134 1725 1205 1778 ltalia

124 1799 160 1848 lv.
179 1811 207 1863 p.
228 1799 287 1848 207.
309 1795 407 1848 Consul
418 1799 550 1849 Munatius
562 1798 644 1849 suita.
683 1800 782 1858 mutet;
805 1796 861 1858 vel,
885 1799 907 1848 si
928 1799 980 1848 hoc
997 1797 1136 1850 consilium
1154 1813 1208 1852 non

123 1884 143 1921 u.
164 1885 189 1922 c.
214 1872 273 1922 tta.
297 1870 467 1935 coloniasque
489 1872 647 1936 Lugdunum
684 1869 813 1934 agitabat,
837 1873 910 1922 certe
933 1871 1064 1923 consolari
1085 1874 1143 1925 eiua
1160 1888 1208 1925 ae-

124 1951 147 1996 cl
163 1948 311 2009 Augentum
330 1947 511 1998 Rauracorum
528 1947 645 1998 deduxit.
683 1946 841 2008 grimoniam
870 1947 975 2006 studet,
1008 1947 1102 1997 Teucri
1130 1961 1209 2000 curas

123 2021 239 2070 Primum
266 2021 412 2071 Caesarem
436 2024 563 2082 secutus,
587 2023 648 2084 post
683 2021 745 2069 vino
773 2019 909 2084 sapienter
936 2019 1057 2072 lenientis
1086 2022 1209 2088 exemplo

123 2095 177 2144 eius
188 2095 443 2158 interilumtauc.
457 2097 524 2160 7⁴⁰.)
542 2093 648 2160 perall-
683 2095 833 2158 proposito,
857 2097 886 2144 ut
907 2094 992 2145 simile
1018 2094 1083 2145 illud
1103 2097 1210 2149 Achillis

124 2169 193 2232 quod
206 2171 315 2232 tempus
328 2170 448 2220 Ciceroni
466 2172 546 2233 atque
564 2171 649 2220 omni·
684 2168 767 2232 Epod.
791 2168 831 2218 ta.
873 2169 1081 2231 (Ommerenlum
1101 2175 1210 2224 secutus

123 2243 189 2302 ltus,
222 2245 268 2308 qui
292 2242 405 2316 liberam
428 2258 488 2294 rem
512 2243 648 2309 publicam
684 2243 760 2293 Estne
778 2244 840 2293 llor.
860 2245 901 2293 Pr.
920 2256 946 2307 p.
966 2243 1035 2305 att..
1054 2255 1107 2307 quo
1126 2247 1211 2296 llore-

122 2320 264 2369 resliluerc
290 2318 424 2380 volebant,
447 2319 522 2379 lavit;
549 2319 647 2370 deinde
685 2317 751 2366 tium
773 2331 808 2366 aa
825 2317 952 2380 pudendo
972 2316 1129 2370 adulationis
1147 2333 1210 2384 erga

122 2393 309 2455 Octauianum,
332 2397 423 2458 postea
443 2394 598 2454 Antonium,
622 2407 646 2443 a.
685 2389 811 2442 Plancum
829 2392 855 2440 et
872 2390 985 2442 Bellium
1004 2393 1100 2456 (Carm.
1119 2395 1143 2456 ἓ,
1163 2394 1209 2458 3.),

122 2468 176 2519 722.
209 2481 305 2518 rursus
337 2467 509 2518 Octavianum
541 2469 648 2518 secutus
684 2465 807 2516 homines
828 2467 1025 2529 turpissimos»
1048 2469 1158 2519 crimine
1178 2468 1211 2519 ll-

123 2547 176 2606 est,
194 2543 283 2594 morlo
298 2544 426 2604 proditor,
445 2545 474 2594 ul
491 2543 527 2592 ait
542 2541 608 2592 Vell.
621 2545 646 2604 θ,
684 2539 801 2600 beraret,
823 2541 959 2590 contendit
979 2541 1051 2592 haud
1068 2557 1115 2594 eos
1133 2543 1211 2594 intel-

122 2619 172 2678 83.,
192 2619 239 2682 qui
258 2617 380 2677 omnino,
399 2617 505 2677 Tiberii,
524 2619 601 2680 puto,
620 2619 649 2666 ut
684 2611 804 2675 ligandos
822 2627 896 2674 esse,
920 2628 987 2678 quos
1008 2618 1091 2666 ceteri
1108 2621 1210 2668 morta-

122 2693 147 2742 in
163 2691 222 2744 aliis
240 2703 362 2755 quoque,
381 2691 477 2740 iudicia
495 2689 646 2755 amplexus,
684 2685 723 2737 lca
740 2699 755 2736 a
772 2690 850 2750 poeta
862 2689 1010 2752 praedicari
1023 2694 1135 2742 censent
1146 2705 1211 2743 cen·

122 2781 202 2832 saepe
227 2765 358 2826 odiosius,
382 2779 463 2830 quam
489 2767 648 2829 scriptorem
684 2760 836 2824 sebuntque
859 2763 940 2814 etiam
957 2765 982 2813 in
1000 2767 1147 2828 posterum,
1161 2768 1210 2818 sed

123 2841 279 2892 historicum
297 2840 388 2900 decet,
412 2839 446 2889 de
464 2837 560 2890 Planco
578 2839 648 2890 iudi·
685 2835 750 2886 alios
768 2837 858 2887 nescio
875 2849 943 2901 quos
961 2839 1031 2890 viros
1051 2840 1152 2904 probos
1169 2847 1210 2893 at-

122 2918 170 2965 cal.
211 2915 324 2977 Propter
349 2914 418 2964 hanc
444 2915 647 2965 inconstantiam
685 2923 738 2974 que
755 2913 920 2972 innocentes,
940 2913 1025 2977 qualis
1044 2915 1078 2979 lp.
1098 2915 1165 2980 490.)
1184 2931 1209 2966 v.

123 2989 247 3040 omnibus
276 2987 334 3052 (ipsi
360 3003 467 3053 quoque
494 2992 645 3051 Octaviano,
686 3000 709 3035 c.
729 2986 808 3036 luerit
828 2988 959 3040 Munatius
982 2988 1023 3040 ille
1047 2991 1112 3054 Epp.
1138 2993 1161 3052 l,
1185 2993 1209 3053 3,

123 3065 168 3114 sed
181 3063 298 3125 secreto]
312 3077 418 3123 exosus,
437 3066 527 3114 tamen
539 3069 649 3130 propter
686 3061 736 3124 34.)
758 3086 784 3098 -
804 3063 861 3111 Non
879 3063 935 3112 sine
954 3061 1040 3113 fructu
1058 3077 1128 3114 nunc
1146 3078 1212 3114 con-

124 3139 268 3202 lugenium,
288 3149 342 3200 quo
353 3136 468 3198 valebat,
482 3141 509 3188 et
520 3139 582 3202 quia
595 3139 649 3189 lor·
685 3134 774 3186 sulere
801 3137 875 3200 potul
903 3139 998 3200 {ingeri
1029 3136 1210 3190 doctissimam

123 3215 202 3272 lasse,
222 3225 257 3262 na
275 3213 386 3262 nimium
399 3211 536 3276 neglectus
548 3227 592 3263 res
604 3227 650 3264 no-
686 3211 765 3260 hulus
783 3211 907 3262 carminis
920 3212 1166 3276 interpretationem
1177 3214 1207 3261 V.

122 3301 167 3338 aas
185 3287 335 3346 moliretur,
354 3285 395 3336 ille
417 3287 541 3350 timebat,
564 3289 650 3338 hono-
686 3285 714 3334 ll.
734 3297 760 3348 p.
780 3283 919 3334 362--394,

123 3365 194 3412 ratus
213 3363 256 3412 est
273 3374 386 3411 censura
409 3375 433 3411 a.
458 3375 484 3411 u.
503 3375 527 3412 c.
547 3363 603 3413 732.
623 3364 650 3413 et

123 3435 290 3498 praefectura
316 3435 400 3486 urbis.
444 3437 501 3496 Quo
527 3439 648 3501 tempore
719 3435 742 3484 l.
762 3433 920 3498 Laudabant]
944 3435 1083 3486 «Laudent
1098 3449 1148 3501 per
1165 3449 1209 3489 mo

123 3521 231 3560 carmen
255 3509 307 3559 hoc
324 3511 502 3575 compositum
520 3514 574 3572 est,
596 3513 650 3561 uti·
685 3506 771 3558 licet«
793 3535 820 3544 -
839 3507 945 3572 clarum]
964 3523 1025 3559 cum
1047 3513 1156 3574 propter
1173 3513 1210 3563 ai-

123 3597 173 3646 que
192 3585 264 3634 circa
283 3597 307 3632 a.
326 3598 352 3634 u.
373 3597 396 3634 c.
415 3585 473 3635 722.
495 3584 538 3635 vel
560 3584 649 3649 paullo
684 3585 742 3632 tum
759 3595 917 3644 amoenum,
936 3585 1043 3634 navium
1061 3587 1166 3650 copiam
1184 3589 1211 3637 et

124 3662 189 3720 post,
210 3659 324 3709 tortasse
342 3659 376 3708 de
394 3672 504 3710 secessu
521 3660 547 3709 in
566 3662 649 3710 Grae·
685 3659 876 3721 quaestuosum
902 3660 1095 3718 mercaturam,
1120 3663 1209 3712 tuma

125 3733 162 3782 ola
184 3732 308 3796 eligendo
335 3733 478 3797 cogitabat,
507 3733 548 3784 vel
575 3737 648 3786 certe
684 3733 809 3782 nonanis
825 3732 1209 3798 frequentatampropterelo-

124 3808 253 3858 maestitia
271 3809 351 3858 animi
368 3821 400 3858 ac
413 3807 647 3860 taediolaborasse
684 3808 808 3870 quentiae
821 3807 916 3857 studia.
937 3833 964 3844 -
981 3809 1111 3870 spateae,
1128 3809 1208 3860 Lesbi

124 3881 235 3932 videtur.
273 3883 395 3934 Horatius
412 3885 503 3934 autem
520 3882 562 3934 vel
579 3885 646 3948 ipse,
683 3881 749 3932 urbs
766 3889 789 3932 ct
805 3888 901 3932 notura
918 3888 940 3932 ct
951 3884 1001 3932 atta
1011 3887 1035 3932 ct
1045 3885 1209 3946 descriptione

125 3969 155 4006 ne
188 3956 302 4008 Plancus
336 3956 437 4008 ltaliam
473 3957 645 4022 relinqueret,
682 3958 853 4021 aedificiorum
869 3963 892 4008 at
905 3959 1091 4020 pulchritudine
1106 3960 1133 4008 tn
1149 3961 1208 4021 prl-

125 4031 244 4094 optabat,
267 4029 323 4092 vel,
347 4031 420 4096 quod
437 4033 502 4082 milri
518 4032 647 4104 probahi—
681 4034 729 4082 mla
745 4033 847 4092 nobilia·
869 4035 928 4097 opra'
944 4034 1046 4082 lauandi
1064 4039 1087 4083 ct
1102 4035 1203 4098 fertiles.

125 4102 170 4156 lius
187 4105 307 4165 ridetur,
326 4109 421 4158 nutum
438 4105 554 4170 aliquem
570 4121 648 4158 secu·
682 4108 737 4157 Cic.
757 4107 790 4157 de
808 4107 866 4170 lege
884 4121 939 4170 agr.
959 4109 984 4169 ἱ,
1004 4108 1044 4157 to.
1060 4135 1087 4143 —
1105 4109 1207 4170 Mutila·

126 4181 164 4231 lus
184 4182 334 4242 Octaviani,
361 4181 407 4245 qui
428 4180 536 4232 nolebat
559 4182 645 4232 virum
680 4195 728 4232 nera
761 4195 833 4232 nunc
866 4181 958 4244 scripsi
993 4194 1055 4232 curn
1089 4184 1205 4232 nummis

126 4255 176 4305 tem
201 4254 331 4307 illustrem
357 4256 383 4306 in
409 4255 516 4306 exilium
538 4254 644 4320 pulsum
680 4253 947 4306 ΜῚΤΙΛΗΝΑΙΩΝ.
975 4255 1027 4306 Clr.
1046 4255 1152 4307 Eckhel.
1172 4257 1202 4306 D.

127 4328 218 4390 rideri,
242 4343 303 4380 cum
326 4329 466 4394 tranquille
488 4329 578 4380 Tiburi
595 4331 644 4380 de·
681 4333 710 4381 N.
730 4331 760 4380 ll.
780 4343 806 4394 p.
826 4331 882 4380 30³.
917 4329 999 4393 Volgo
1016 4332 1158 4392 Mitylenen.

206 4421 298 4468 licam.
315 4433 371 4469 voa.
390 4422 406 4470 l.
437 4433 476 4468 an,
493 4433 570 4468 aanor
587 4421 621 4468 lll.
1018 4421 1033 4466 l
