2998 4980
704 417 832 468 flottam
851 417 1018 469 castutius

453 565 456 572 ’
534 575 654 641 Furtim
674 572 807 652 labitur,
830 594 969 661 arguens

491 700 595 777 Quam
615 696 708 764 lentis
729 699 856 785 penitus
877 717 1023 764 macerer
1043 696 1179 783 ignibus.

536 859 628 934 Uror,
652 877 710 922 sen
734 855 791 923 tihi
812 855 967 923 candidos

492 981 672 1066 Turparunt
692 976 844 1045 humeros
866 977 1057 1044 immodicae
1080 997 1170 1044 mero
1204 1055 1209 1066 ι
1367 974 1404 1039 40

536 1101 650 1176 Rixae,
674 1101 742 1167 sive
765 1120 848 1187 puer
868 1097 977 1165 lurens

397 1265 399 1279 .
489 1222 655 1309 Impressit
675 1241 853 1288 memorem
875 1219 972 1286 dente
994 1220 1093 1287 labris
1115 1230 1231 1286 notam.

531 1345 614 1422 Non,
638 1344 666 1409 si
687 1363 740 1411 me
763 1343 840 1409 satis
862 1341 993 1420 audias,

394 1535 432 1584 40.
451 1536 575 1586 inmodice
593 1533 648 1598 (sic)
666 1534 695 1584 Τ.
719 1560 746 1568 -
766 1533 805 1584 ta.
823 1533 892 1594 lnpr.
913 1531 940 1581 Τ.
962 1558 989 1568 -
1009 1531 1048 1581 ta.
1066 1531 1153 1581 audies
1169 1531 1196 1581 4.

321 1680 372 1746 tet<
388 1682 420 1736 ot
441 1681 643 1755 μετετρωπᾶτο
660 1679 779 1770 παρειὰς
792 1675 843 1744 Ἐς
878 1682 908 1731 ln
925 1681 967 1731 his
991 1680 1115 1766 omnibus
1132 1683 1231 1766 quanto
1255 1681 1405 1766 vehemen-

318 1755 417 1821 χλόον,
435 1752 531 1810 ἄλλοτ’
549 1751 678 1830 ἔρευθος,
690 1756 843 1828 ακηδείῃσι
880 1757 961 1807 tiores
977 1755 1054 1806 nobis
1071 1758 1123 1806 sint
1139 1753 1228 1820 popub
1241 1755 1405 1806 meridiona-

317 1831 410 1884 νόοιο.
429 1835 844 1898 Servavimoaeutproptercon-
878 1830 927 1892 les,
954 1843 1091 1893 nunquam
1115 1829 1330 1880 obliviscendum
1356 1829 1402 1879 est.
1493 1897 1494 1900 Ἴ

318 1907 522 1958 sensumcodd.
533 1920 665 1969 meorum,
679 1921 842 1972 quamquam
879 1907 965 1968 Atque
982 1905 1060 1956 nimis
1077 1905 1197 1970 prolecto
1216 1903 1326 1955 delicati
1345 1904 1405 1954 sunt

317 1981 450 2032 Bentleius
476 1981 601 2042 adnotat,
630 1981 677 2031 ubi
701 1981 842 2044 singularia
879 1981 1052 2044 interpretes,
1082 1980 1127 2043 qui
1157 1979 1192 2030 de
1215 1979 1404 2030 verberatione

317 2055 371 2105 duo
397 2056 606 2118 coniungantur,
633 2069 696 2107 eum
718 2055 842 2107 utriusvis
879 2053 981 2119 puellae
999 2067 1048 2106 nos
1065 2056 1181 2118 cogitare
1192 2057 1292 2105 vetent.
1310 2050 1402 2104 libuit.
1493 2095 1494 2124 ,

318 2131 422 2180 numeri
444 2130 529 2181 verbo
547 2143 704 2194 congruere,
722 2129 769 2181 ubi
786 2130 842 2182 dis·
879 2131 903 2189 t,
923 2130 962 2189 to,
978 2130 1024 2179 se:
1043 2128 1146 2193 (puella)
1162 2130 1215 2179 Fiet
1230 2135 1333 2180 meras
1348 2127 1405 2177 rob-
1493 2139 1494 2188 j

318 2205 467 2268 iungantur,
480 2204 641 2269 singularem
653 2207 761 2269 requiri.
779 2208 843 2256 Pro-
877 2211 935 2254 aua
950 2217 1045 2269 peaoe,·
1070 2207 1113 2254 sed
1135 2205 1216 2255 uictor
1240 2209 1264 2254 et
1281 2207 1338 2268 ipse
1355 2203 1405 2253 roe

317 2279 471 2330 ductionem
505 2280 615 2345 quidem
651 2281 741 2333 brevis
780 2279 839 2345 syii.
877 2279 923 2329 sibi
948 2281 1069 2330 demeum
1092 2285 1145 2330 tom
1169 2280 1276 2330 odecimo
1304 2291 1401 2330 meam.

318 2355 423 2420 (moad)
439 2357 466 2404 in
484 2368 595 2406 caesura
612 2369 706 2407 versus
723 2355 842 2407 defendit
878 2357 998 2418 Propert.
1025 2355 1050 2414 4,
1075 2355 1115 2414 ts,
1143 2354 1188 2403 te:
1225 2355 1291 2416 Quin
1318 2355 1402 2413 atton,

317 2429 365 2478 0d.
385 2430 409 2490 2,
429 2429 469 2490 43,
489 2431 533 2480 46;
555 2431 638 2481 Caeca
657 2433 725 2482 timot
741 2433 842 2481 aliunde
877 2431 898 2479 si
914 2443 954 2480 me
968 2431 1073 2480 4444444444
1080 2431 1228 2493 provexerit
1241 2432 1296 2493 tro,
1317 2431 1403 2482 Osten-

317 2503 381 2565 [ato.
395 2531 421 2538 -
435 2504 685 2570 buruch-Furtim]
704 2507 840 2556 «secretae
877 2506 919 2555 des
934 2506 1012 2554 mont
1029 2504 1133 2554 brachio
1149 2505 1218 2554 laeso
1235 2511 1303 2556 tuae.

317 2574 495 2627 lacrimatue.»
510 2606 537 2614 -
556 2580 673 2654 aqam]
690 2579 839 2643 Asclepiad.
910 2579 1015 2630 to-ts.
1045 2580 1197 2645 Tmponmt]
1215 2580 1329 2633 maculis
1346 2579 1403 2630 liui-

318 2650 345 2699 in
369 2652 447 2702 Anth.
477 2651 530 2702 Pal.
555 2655 586 2704 ΙΙ.
616 2667 642 2718 p.
672 2653 736 2705 492:
772 2652 843 2727 ἐρᾷν
878 2654 927 2715 dis,
947 2668 979 2702 ex
994 2653 1153 2705 verberibus
1168 2655 1242 2704 ortis.
1263 2681 1291 2692 —-
1314 2658 1402 2706 sumo
1493 2707 1494 2724 ,

315 2720 492 2794 ἀρνεύμενον
508 2723 579 2794 ἡμῖν
596 2722 704 2794 ἧτασεν
723 2727 754 2780 ἐν
771 2728 841 2780 πολ·
877 2729 947 2778 dicim
967 2741 1037 2777 mmo
1059 2729 1148 2793 ltieoe]
1174 2741 1239 2793 «per
1259 2728 1402 2794 largiorem
1493 2781 1494 2786 .

315 2796 350 2870 λῇ
367 2797 534 2874 Νικαγόρην
551 2799 701 2874 προπόσει.
877 2803 1102 2868 compotationem
1119 2804 1252 2854 intervos
1272 2806 1401 2856 excitatae
1493 2831 1494 2834 =

347 2875 372 2924 8.
391 2875 469 2942 teritis]
489 2878 720 2944 «perdiuturnum
732 2883 840 2944 tempus
877 2881 903 2927 et
928 2877 1132 2930 ultramodum
1155 2868 1347 2943 progressae.»
1374 2905 1400 2914 -

316 2948 419 3000 occulte
432 2964 476 3002 me
486 2953 732 3005 consumentibus.»
746 2954 838 3006 Tibull.
875 2954 1016 3018 mmm]
1044 2953 1094 3012 ita,
1113 2955 1143 3002 ut
1159 2953 1399 3004 morsiunculsrum

317 3025 339 3084 t,
359 3023 383 3084 4,
402 3025 449 3075 84;
473 3027 528 3078 Heu
543 3029 591 3080 beu
607 3044 683 3092 ᾳνανι
699 3030 764 3080 tento
780 3033 840 3082 tta-
876 3029 955 3078 notee
972 3029 1119 3092 impressae
1137 3029 1271 3078 maneant.
1298 3028 1356 3079 Tib.
1376 3027 1398 3085 t,
1493 3023 1494 3060 ἶ

314 3101 403 3150 ratitos
419 3115 459 3152 me
475 3108 573 3166 torquet
589 3107 691 3156 amore!
714 3105 787 3156 ovid.
806 3109 837 3159 A.
876 3105 900 3163 6,
920 3102 967 3153 tt:
994 3103 1070 3164 litter,
1099 3103 1176 3164 Orsen
1199 3103 1261 3166 facit
1283 3104 1401 3166 impreco

315 3176 345 3224 Α.
365 3175 389 3236 3,
408 3177 470 3226 473ε
495 3179 647 3242 [9444444444
664 3182 735 3232 tentis
751 3187 840 3234 tuetur
874 3183 964 3227 metuo
987 3178 1058 3226 (44444
1084 3177 1171 3226 Venus.
1208 3177 1282 3226 Ouid.
1309 3181 1399 3228 Amor.

314 3255 342 3298 ut
358 3250 461 3302 burnida
477 3255 560 3303 taeda.
581 3283 608 3291 -
633 3257 754 3322 macerer]
772 3261 839 3308 Pro·
876 3255 900 3314 4,
925 3252 951 3313 8,
978 3251 1024 3302 98:
1053 3251 1181 3314 Factaque
1204 3251 1303 3302 torcino
1325 3251 1401 3302 tietdo

315 3326 371 3388 prie
384 3324 466 3376 linum
478 3341 547 3391 equa
555 3337 709 3394 moecatur,
722 3333 757 3382 ita
769 3331 839 3383 mol·
875 3328 940 3376 colla
963 3328 1036 3376 440444.
1058 3351 1086 3362 -·
1112 3327 1170 3375 Ntm
1185 3354 1201 3364 ·
1217 3353 1232 3364 ·
1249 3327 1348 3392 Sttmt]
1373 3325 1399 3373 ¹1¹

315 3397 489 3477 litur,ut,telo
506 3401 630 3454 celluiosa
647 3407 839 3469 putrefactafl-
875 3403 928 3450 Stil·
952 3401 976 3460 2,
1000 3402 1025 3459 5,
1053 3400 1099 3450 9⁴³
1135 3401 1192 3449 Non
1218 3403 1295 3450 tilam
1319 3402 1397 3450 444444·

255 3474 257 3480 ’
315 3471 388 3521 latim
405 3473 471 3523 solvi
488 3475 563 3527 facile
584 3481 677 3542 possit.
713 3481 778 3532 Hine
802 3483 838 3532 si·
875 3477 941 3539 Epp·
959 3475 982 3534 4,
1000 3474 1040 3535 48,
1058 3475 1105 3524 7²³
1135 3476 1192 3524 ΝΜ
1217 3477 1312 3525 milla
1331 3481 1400 3525 4444444

315 3546 582 3608 unificotconeumere.
610 3554 841 3618 Utramquesigni-
873 3550 943 3600 iectu
967 3549 1067 3598 44444444.
1102 3549 1132 3599 Δ.
1152 3551 1179 3598 P.
1198 3549 1261 3601 46οε
1289 3551 1346 3600 Non
1370 3548 1400 3596 sit

316 3622 466 3674 ticatiouenr
482 3630 674 3678 conservarunt
691 3627 754 3680 Itali.
785 3630 837 3681 Cir.
875 3625 918 3686 qui
935 3624 1020 3674 4044444
1036 3629 1113 3674 erret.

315 3696 397 3747 Plaut.
417 3697 476 3748 Cas.
496 3700 521 3760 Ξ,
537 3699 562 3762 8,
578 3701 607 3750 o:
626 3702 727 3753 ittmum
742 3718 783 3754 m
799 3705 839 3755 ai-
909 3697 949 3748 tt.
972 3699 1012 3748 ts.
1033 3698 1190 3762 perpetum]
1217 3701 1397 3749 «constantem

314 3775 352 3820 ter
368 3773 478 3834 metat,
498 3775 562 3824 atter
577 3783 698 3826 maceat.
875 3787 907 3822 ac
925 3772 1008 3822 fidum
1025 3776 1200 3824 amatorem.»
1212 3799 1239 3809 -
1250 3773 1337 3823 ceculo
1351 3784 1397 3838 pro

347 3846 371 3894 9.
399 3847 471 3912 Uror]
498 3849 554 3899 Non
572 3851 715 3913 significat:
736 3851 839 3902 «Doleo
875 3845 977 3898 labellis
995 3849 1068 3911 ipsis,
1087 3847 1184 3914 quibus
1199 3850 1228 3899 tu
1240 3861 1303 3899 curn
1321 3861 1398 3901 oscu-

314 3923 339 3970 te
358 3919 426 3970 mele
444 3921 586 3974 mulcatum
598 3937 613 3974 a
625 3923 773 3988 Telepbopr
791 3927 840 3977 sed
875 3926 945 3976 laris.
965 3923 1057 3975 Catuli.
1076 3925 1117 3984 99,
1135 3925 1166 3973 2:
1188 3923 1317 3974 δαν4ο4ων
1335 3920 1398 3974 dirici

316 3993 488 4063 «ζηλοτυπίᾳ
500 3999 729 4050 excruciorcertis
741 4013 774 4048 ox
791 4013 841 4049 no·
875 4001 972 4051 duicius
991 3999 1124 4050 metrosa.
1493 3995 1494 4016 ³

315 4071 348 4119 tis
365 4070 580 4122 animadvertens
598 4075 623 4121 te
639 4075 701 4135 post
717 4073 838 4124 rixamin
909 4076 949 4124 45.
970 4075 1009 4124 46.
1041 4077 1113 4124 Duae
1142 4075 1310 4137 potissimum
1339 4071 1396 4124 sunt

316 4145 372 4194 eius
389 4147 520 4208 potestate
539 4147 657 4205 inissem
682 4159 743 4197 nam
768 4149 840 4198 eius—
876 4149 954 4198 huius
976 4147 1027 4199 loci
1050 4149 1298 4212 interpretationes,
1332 4148 1397 4198 inter

315 4219 387 4268 rnodi
422 4220 492 4268 rixas
529 4220 686 4284 plerumque
721 4223 841 4286 sequitur
876 4237 943 4286 quas
961 4223 1088 4274 fluctuare
1103 4223 1248 4287 possimus:
1269 4224 1292 4286 4)
1310 4226 1394 4284 «Quae

315 4293 453 4360 amplexus
478 4297 505 4345 ct
527 4297 626 4359 gratiae
652 4296 838 4348 reconciliatio.
876 4299 947 4348 saris
959 4299 1048 4350 Venus
1060 4297 1157 4348 mellita
1170 4297 1283 4348 reddit.»
1296 4301 1346 4348 Pro
1358 4295 1395 4346 uis
