2986 4974
672 391 800 442 llOllilTli
818 389 985 442 conminuit

456 549 639 616 Crederem.
686 547 750 612 Sed
774 557 820 622 tu,
850 545 942 611 simul
967 544 1114 632 obligasti

456 669 617 736 Periidum
645 669 727 733 votis
750 678 858 755 caput,
884 667 1034 733 enitescis

458 791 624 858 Pulchrior
646 789 744 854 multo
768 789 985 876 iuvenumque
1008 787 1119 874 prodis

583 909 716 978 Publica
737 932 825 976 eura.

458 1073 592 1159 Expedit
613 1071 722 1137 matris
746 1071 876 1136 cineras
899 1077 1031 1154 opertos

368 1175 375 1182 ⁵
459 1193 581 1260 Fallere
604 1203 636 1258 et
658 1202 723 1257 toto
747 1189 903 1256 taciturna
925 1190 1028 1256 noctis

459 1316 555 1403 Signa
578 1335 651 1380 oum
674 1311 765 1378 caelo
787 1309 960 1398 gelidaque
984 1311 1076 1376 divos

585 1437 685 1501 Morte
707 1444 865 1501 carentes.

357 1629 397 1676 t0.
416 1624 571 1676 taciturni).
593 1653 619 1660 -
640 1627 680 1676 tt.
700 1629 810 1676 rorentis
828 1628 876 1676 BT.

324 1797 348 1844 ὅ.
376 1793 513 1856 Crederem]
533 1792 642 1842 «Fidem
667 1791 814 1842 tribuerem
852 1793 877 1852 t,
896 1793 941 1852 aa,
954 1791 998 1842 ta:
1021 1792 1118 1841 Vidistis
1139 1793 1266 1853 quondam
1283 1792 1372 1854 Ανραα

293 1871 342 1918 iuri
367 1867 477 1917 iurando
496 1869 554 1926 tuo,
582 1867 643 1929 quia
669 1867 726 1915 tum
751 1879 816 1930 spe·
849 1868 953 1930 prodire
970 1868 1005 1930 (in
1022 1865 1168 1930 publicum,
1183 1865 1372 1928 procedo-orto

292 1955 381 1993 rorem
405 1945 430 1990 to
453 1942 584 2005 promissa
606 1943 650 1989 tua
672 1943 816 1990 exsecuta·
852 1957 893 1992 mo
910 1944 971 1992 Sen.
990 1941 1024 1990 de
1047 1942 1086 1990 tra
1104 1941 1133 2000 2,
1158 1941 1192 2002 t.)
1208 1943 1310 2004 ficara,
1335 1939 1373 1986 Π-

293 2030 363 2076 rom3
377 2029 488 2066 caveres
501 2016 572 2064 euim
585 2015 653 2064 tibia
664 2015 814 2074 mendacio,
853 2018 922 2066 distis
937 2022 1051 2066 nostros:
1074 2020 1182 2076 utroque
1197 2017 1284 2078 [orma
1300 2015 1369 2076 rapit.

292 2089 377 2142 semel
394 2103 480 2153 poeno
498 2089 657 2139 admonita.»
685 2089 757 2140 Nulla
776 2093 817 2140 est
856 2119 883 2127 -
902 2091 974 2154 caro]
991 2093 1111 2153 Propert.
1131 2091 1160 2146 i.
1180 2091 1224 2146 aa,
1245 2091 1273 2138 t:
1302 2091 1373 2138 tiniec

292 2165 485 2217 sententiarum
509 2165 638 2214 connexio
658 2165 683 2214 in
702 2163 817 2214 Scholia·
852 2172 916 2216 noto
931 2179 985 2216 mco
998 2166 1170 2227 pulcherrimo
1185 2177 1251 2213 cura
1267 2164 1354 2214 dolori.

293 2244 394 2292 starum
417 2243 444 2290 et
459 2239 572 2289 aliorum
593 2239 816 2303 interpretationi·
886 2241 910 2290 9.
936 2241 1053 2304 depectit]
1081 2240 1204 2302 «Itaque,
1232 2251 1296 2289 cum
1320 2241 1372 2302 ipso

293 2317 358 2367 bus:
382 2315 527 2365 Crederem
545 2314 611 2363 deos
629 2328 689 2364 esse
708 2316 816 2378 periurii
853 2316 970 2379 periurio
1003 2315 1145 2364 formosior
1176 2326 1287 2376 semper
1316 2313 1372 2362 iias.

293 2389 446 2446 vindicesn;
464 2387 518 2438 vel:
539 2387 701 2438 «Crederem
713 2387 816 2440 talcius
854 2389 965 2453 prodest
987 2388 1089 2438 scilicet
1111 2387 1157 2437 tibi
1183 2387 1274 2437 tallere
1299 2387 1373 2437 iidem

293 2464 435 2515 iurandum
453 2465 527 2512 tuum
553 2462 603 2512 diis
629 2475 690 2512 esse
715 2463 815 2512 cordi.»
854 2477 916 2514 eum
933 2466 990 2513 iure
1008 2462 1121 2512 iurando
1139 2477 1188 2527 per
1205 2464 1299 2513 matris
1317 2467 1371 2513 tuae

296 2565 324 2576 -
347 2538 432 2601 simut]
461 2536 641 2600 «simulatque
666 2550 716 2600 per
738 2539 817 2601 caput
854 2539 986 2598 cinerem,
1007 2551 1055 2601 per
1072 2539 1160 2588 omnia
1173 2537 1276 2598 sidera,
1297 2541 1374 2590 testes

294 2617 371 2664 tuum
382 2611 463 2661 iidem
473 2609 550 2661 alicui
562 2612 662 2672 iurasti,
676 2624 735 2660 eam
744 2625 815 2673 mox,
854 2614 962 2674 amoris,
981 2612 1084 2674 datam,
1120 2625 1270 2674 securaque
1298 2610 1374 2662 violas

294 2685 425 2746 nimico,
444 2684 599 2735 violatura.»
618 2685 817 2749 Obttqomunca-
855 2689 952 2749 intera,
982 2701 1093 2751 supera,
1124 2686 1191 2737 deos
1215 2685 1374 2737 immortales

292 2767 340 2825 put
354 2763 429 2820 votis,
456 2760 553 2820 idest,
577 2759 713 2820 iismalis,
738 2775 816 2824 quae,
854 2765 953 2828 ipsos»
988 2759 1375 2826 lurareautemsoiebantper

295 2838 317 2886 si
344 2835 514 2886 ieiellerimus
540 2835 636 2894 iidem,
666 2835 743 2884 nobis
769 2838 817 2901 ipsi
856 2841 960 2888 eineres
978 2849 1097 2886 suorum.
1135 2837 1188 2886 Cio.
1207 2849 1257 2900 pro
1276 2837 1372 2896 Quinct.

295 2913 483 2974 imprecamur.
856 2914 902 2962 at:
930 2913 1067 2962 obsecravit
1084 2925 1133 2973 per
1148 2912 1238 2974 fratris
1255 2912 1294 2960 eui
1311 2924 1374 2961 mor·

328 2986 352 3034 7.
369 2985 392 3035 8.
410 2984 504 3048 prodis]
518 2985 604 3034 «toros
617 2985 643 3033 in
656 2983 817 3047 pubiicum.»
856 2988 892 3036 tut
904 2989 1019 3036 cinereo.
1034 2982 1126 3035 Tibull.
1140 2987 1168 3045 i,
1182 2986 1212 3046 6,
1226 2985 1271 3035 29:
1291 2987 1373 3039 Porro,

297 3059 362 3112 tobi
385 3072 435 3122 per
456 3057 558 3122 plateas
582 3059 697 3118 incediS,
725 3071 819 3108 omues
852 3077 900 3124 per
916 3063 1055 3110 immaturo
1072 3065 1233 3122 comprecor
1247 3075 1304 3110 osso
1315 3073 1376 3111 soro

296 3137 406 3185 iuvenes
426 3134 451 3182 in
469 3137 495 3183 te
514 3134 626 3197 cupidos
644 3133 737 3184 oculos
755 3147 820 3182 oon·
855 3139 907 3190 ris:
931 3137 972 3186 Sic
990 3135 1048 3186 bene
1064 3135 1107 3184 sad>
1125 3141 1209 3186 tenero
1222 3149 1310 3198 parua
1325 3134 1376 3199 qni-

296 3211 416 3260 uerunt.»
438 3235 465 3243 -
484 3208 603 3258 Verbum
627 3211 717 3258 autem
733 3208 821 3270 prodis
857 3217 923 3261 mont
946 3211 1029 3260 Ιιαναα.
1065 3211 1185 3274 Propert.
1204 3211 1232 3271 i,
1261 3211 1307 3272 ΞΟ,
1334 3213 1373 3261 ti:

296 3297 350 3334 non
367 3281 522 3345 simpliciter
540 3295 602 3331 oum
624 3281 755 3332 nonnuliis
773 3297 821 3331 ex·
858 3286 920 3334 Ossa
936 3284 980 3333 tibi
997 3285 1054 3334 iuro
1068 3297 1116 3346 ραν
1131 3285 1222 3332 matris
1238 3290 1376 3347 ctossapo·

296 3358 388 3422 plicari
406 3356 489 3406 debet
506 3357 566 3415 «iis,
586 3369 616 3405 es
635 3357 753 3418 (cumin,
772 3356 820 3406 sed
857 3361 947 3410 rantis:
973 3359 1001 3408 st
1017 3359 1093 3421 sotto,
1121 3359 1183 3408 cirris
1204 3360 1251 3408 bau
1270 3361 1303 3409 sit
1322 3357 1376 3410 miii

297 3433 378 3482 etiam
404 3431 474 3494 apud
499 3431 618 3480 Persium
642 3429 710 3480 Prot.
729 3431 767 3490 3.,
793 3436 822 3480 at
857 3441 961 3496 uterque
976 3435 1081 3497 crovio!
1098 3434 1169 3496 virg.
1188 3435 1254 3484 nen.
1271 3435 1299 3494 6,
1319 3435 1374 3486 i58:

296 3507 441 3569 ropeutcrio
455 3509 532 3568 poeto
543 3507 688 3567 prodirem,
707 3508 821 3570 primam
858 3511 905 3560 Par
925 3509 1010 3558 nidero
1033 3509 1104 3569 iuro,
1126 3509 1176 3560 Por
1197 3521 1301 3569 umcros
1320 3507 1377 3559 atri

298 3580 517 3644 significationem
534 3581 643 3630 retinet:
672 3581 716 3630 nin
734 3581 822 3631 homi·
858 3597 911 3644 quo
934 3585 995 3648 {tries
1022 3584 1110 3633 teucro
1134 3583 1178 3632 srtb
1205 3585 1259 3632 imo
1282 3589 1325 3634 est.
1352 3607 1375 3619 -

298 3667 363 3706 num
380 3656 526 3717 conspectu
547 3655 649 3704 versari
672 3656 757 3718 iisque
772 3669 823 3717 prt-
859 3658 963 3722 Fotiere]
981 3659 1011 3706 ut
1027 3659 1092 3707 nen.
1112 3659 1140 3718 6,
1159 3656 1220 3707 aii:
1247 3657 1334 3722 (Styx)
1349 3655 1378 3707 lii

298 3730 387 3779 blicam
404 3743 503 3788 curam,
517 3732 621 3790 poetam
638 3729 749 3778 videri.»
768 3730 820 3779 Cir.
858 3734 930 3783 σαίαε
944 3733 1032 3782 iurare
1048 3732 1133 3781 timent
1145 3738 1168 3782 et
1177 3733 1265 3795 (olion
1283 3745 1376 3782 omnm.

299 3804 347 3854 Od.
367 3803 397 3862 3,
418 3803 461 3862 tt,
482 3804 505 3854 6.
529 3802 656 3853 Absolute
675 3804 754 3852 etiam
770 3805 823 3853 Lu·
894 3808 932 3856 ro.
953 3807 1089 3870 taciturno]
1106 3809 1177 3870 Virg.
1192 3811 1257 3858 Aen.
1271 3809 1300 3869 ἓ,
1319 3809 1376 3858 255:

300 3880 367 3928 oian.
396 3876 461 3927 Dial.
480 3891 547 3928 mer.
567 3879 595 3938 6,
614 3879 642 3927 2:
670 3872 754 3948 ὁρᾷς,
774 3876 823 3927 ot'a
859 3883 951 3932 ιααίίαα
964 3895 1012 3942 per
1028 3884 1113 3932 amico
1129 3883 1229 3932 olentia
1244 3883 1327 3932 loono.

300 3949 427 4024 nodatur:
451 3953 576 4004 Chariton
598 3966 657 4016 pag.
677 3953 717 4002 34.
737 3955 820 4018 Lips:
894 3957 933 4006 43.
964 3957 1043 4005 Venus
1067 3957 1131 4021 ipso]
1157 3959 1200 4006 Sic
1224 3957 1298 4008 baud
1322 3967 1378 4006 raro

300 4025 367 4079 οὐδὲ
385 4025 487 4098 προῄει
503 4023 539 4078 τὰ
556 4023 657 4078 πολλά.
680 4027 773 4078 Tibull.
794 4031 821 4090 t,
860 4031 894 4081 de
913 4030 967 4090 dis,
991 4045 1060 4094 quos
1077 4034 1154 4095 quasi
1172 4035 1256 4082 testes
1274 4041 1378 4082 suarum

300 4105 327 4162 9,
347 4103 391 4152 7οε
418 4103 531 4166 (femina)
552 4103 625 4164 Tyrio
638 4105 746 4165 prodeat
761 4109 824 4166 apto
860 4105 902 4156 vel
920 4107 1109 4170 cogitationum
1125 4105 1167 4156 vel
1186 4109 1320 4157 actionum
1339 4107 1379 4154 bo·

299 4178 364 4227 αἰαα.
395 4177 474 4234 idi,
493 4179 522 4236 Ξ,
541 4178 586 4226 ti:
607 4178 673 4238 Urit,
691 4179 823 4240 raribrta
860 4181 947 4230 mines
971 4179 1112 4244 appeliant.
1154 4180 1229 4231 ovid.
1254 4178 1376 4232 ilenti.

299 4253 377 4301 notuit
390 4253 525 4313 procedere
539 4253 609 4314 parta
626 4255 676 4304 cet.
700 4255 821 4316 Propert.
862 4255 921 4304 rau:
941 4257 1012 4317 (laod
1028 4257 1116 4305 timens
1132 4269 1182 4305 ααα
1199 4262 1247 4306 est:
1268 4269 1329 4305 acro
1343 4255 1379 4302 i'e
