3078 4978
533 463 632 514 tinen.
669 465 766 516 clau.
785 463 827 514 m.
1173 467 1234 532 707

278 620 390 685 iussus
412 617 501 684 abire
524 617 656 686 domum
678 619 806 688 ferebar
829 621 949 700 incerto
972 621 1057 708 pede
1193 625 1234 687 ao

235 739 283 806 Ad
306 762 371 808 non
393 741 514 808 amicos
535 740 600 808 heu
622 740 699 806 mihi
721 753 831 830 postes
853 754 886 810 et
907 742 970 810 heu

278 860 401 928 Limina
423 861 522 940 dura,
546 861 665 949 quibus
686 862 814 930 lumbos
836 874 869 930 et
890 864 1002 951 infregi
1025 864 1116 931 latus.

233 985 326 1050 Nunc
347 983 512 1071 gloriantis
535 982 711 1070 quamlibet
733 983 955 1050 mulierculam

276 1104 410 1170 Vincere
432 1102 564 1169 mollitie
587 1123 678 1169 amor
701 1105 827 1193 Lycisci
849 1127 901 1172 me
924 1115 1028 1182 tenet,

234 1223 326 1292 Unde
350 1223 505 1312 expedire
528 1245 593 1290 non
615 1227 792 1292 amicorum
815 1237 935 1314 queant

277 1345 393 1412 Libera
416 1344 549 1412 consilia
571 1365 631 1412 nec
654 1346 867 1413 contumeliae
890 1368 1021 1436 graves,

217 1581 261 1633 24.
279 1581 386 1631 moltitie
403 1579 485 1642 bSTc,
506 1581 599 1632 netes.
620 1583 659 1644 (Ut
675 1594 738 1638 noe,
756 1579 790 1643 ὅ,
809 1593 849 1646 pr.
868 1580 901 1642 β,
920 1581 1065 1645 Beothius,
1085 1585 1127 1648 44.)

147 1797 246 1860 quibus
266 1798 292 1846 iu
303 1795 461 1848 muneribus
472 1795 614 1860 largiendis
626 1799 674 1847 im·
710 1798 785 1859 sores.
813 1797 901 1848 lui-coi
925 1799 1020 1858 quoties
1042 1801 1183 1852 rocconem
1202 1805 1237 1854 ed

146 1884 195 1934 par
218 1881 282 1922 eum
308 1871 336 1920 et
359 1869 491 1920 interior.»
527 1872 619 1921 Senon.
648 1871 672 1934 i)
711 1871 800 1921 limine
815 1875 959 1934 noemmin!
988 1873 1050 1924 Gom
1066 1875 1125 1926 bene
1141 1877 1234 1940 ioroei,

147 1957 328 1996 «cumamore
339 1944 410 1995 haud
419 1947 538 1995 mutuo.»
556 1947 609 1996 lam
624 1946 674 1996 etsi
707 1958 753 2007 pes
768 1951 852 1996 mmm
868 1947 1003 2008 ipseredit.
1021 1949 1106 2000 Etiam
1119 1951 1235 2015 inprose

144 2031 221 2081 peres
237 2020 303 2070 sunt
320 2031 427 2068 «amore
444 2019 513 2068 inter
529 2033 559 2070 se
576 2019 672 2068 iuncti»
711 2033 750 2070 or.
771 2021 824 2070 Cic.
844 2019 879 2070 ad
895 2022 947 2071 itt.
961 2023 1005 2083 te,
1025 2023 1072 2073 to:
1093 2025 1181 2087 Itaque
1196 2040 1237 2077 me

147 2093 243 2158 [Epod.
265 2092 309 2152 45,
338 2090 402 2154 tt),
429 2091 494 2156 quid
518 2092 545 2142 h.
563 2091 580 2142 l.
602 2095 675 2143 esset
709 2094 821 2156 referient
833 2096 952 2156 aedesio
970 2097 1143 2149 Tusculanum.
1168 2099 1235 2152 Male
1342 2131 1344 2136 -

147 2171 269 2218 «certare
287 2178 349 2216 cum
366 2178 458 2216 amore
481 2165 553 2216 haud
576 2179 674 2217 conso-
710 2166 827 2218 nonnulli
854 2169 1062 2234 interpretentur
1087 2172 1121 2223 de
1147 2176 1236 2225 temu-

147 2241 248 2303 ciatise,
269 2254 349 2291 nemo
367 2240 432 2290 dixit
449 2255 499 2292 nec
517 2240 606 2291 dicere
624 2253 674 2304 po·
710 2240 775 2291 lenti
799 2244 894 2306 poetae
917 2245 1048 2296 titubante
1069 2247 1184 2300 incessu.
1206 2277 1232 2286 -

146 2316 203 2366 tuit.
223 2317 247 2380 3)
265 2315 296 2365 V.
309 2315 449 2378 impetibus
459 2315 550 2365 habito
566 2328 616 2380 pro
627 2314 674 2364 cb
710 2329 760 2366 eoo
772 2317 865 2366 emices
882 2319 945 2383 cet]
966 2320 1100 2383 «iniquam
1119 2323 1235 2384 ianuam,

144 2387 189 2440 let.
203 2391 329 2442 instrum.
343 2393 429 2440 neutr.
443 2389 525 2454 plur:
550 2391 675 2454 «impari-
711 2393 786 2441 euius
812 2388 892 2442 limen
923 2394 1071 2456 transgredi
1093 2397 1157 2446 mihi
1183 2411 1237 2448 non

145 2463 197 2516 hus
214 2465 311 2525 armis,
333 2464 362 2514 id
379 2467 434 2524 est,
453 2463 609 2516 muneribus
626 2477 674 2515 ce·
711 2464 942 2516 concedebatur.»
987 2469 1035 2519 Od.
1063 2469 1090 2530 3,
1122 2472 1166 2533 40,
1202 2474 1235 2523 2:

145 2541 267 2605 terisque
289 2538 389 2600 modis,
416 2538 513 2602 quibus
536 2539 604 2590 vinei
627 2551 674 2589 eo-
710 2553 814 2602 mperes
839 2542 984 2592 Ponectom
1014 2549 1073 2594 aete
1099 2545 1173 2608 sore.
1206 2571 1233 2583 -

145 2611 201 2665 lent
218 2613 418 2666 mulierculae.»
432 2639 459 2649 -
477 2620 613 2665 commotos
625 2627 674 2677 po-
709 2616 801 2680 infregi
822 2615 896 2680 ιαιιιι]
926 2616 978 2667 «ibi
1000 2622 1141 2682 porrectus
1166 2619 1235 2672 latus

146 2689 206 2756 dor]
235 2687 349 2740 Achilles
375 2689 463 2740 Tatius
488 2703 547 2754 pag.
567 2691 608 2740 28.
630 2691 673 2738 le·
711 2690 877 2753 defetigari.»

146 2763 226 2815 oobs:
248 2756 339 2834 Ἔρως
364 2763 413 2813 καὶ
436 2761 592 2826 Διόνυσος,
618 2760 672 2814 δύο
742 2765 830 2814 23-28.
848 2765 988 2829 gloriantis]
1009 2768 1070 2829 «qni
1088 2781 1120 2817 eo
1137 2780 1235 2832 super-

145 2835 239 2898 βίαιοι
256 2837 329 2898 dact,
347 2834 450 2904 ψυχὴν
465 2833 671 2900 κατασχόντες,
709 2837 762 2899 hit,
791 2837 863 2900 quod
888 2837 973 2888 forma
994 2837 1105 2890 delicata
1126 2853 1235 2892 omnem

146 2912 336 2979 ἐκμαίνουσιν
353 2913 394 2976 εἰς
411 2905 626 2972 ἀναισχυντίαν.
709 2908 893 2961 mulierculam
918 2912 1085 2964 antecedat.»
1106 2941 1133 2950 -
1151 2915 1236 2965 motti-

179 2989 268 3038 49-ιι.
287 2987 393 3050 soemo]
407 2986 470 3038 «tihi
483 2985 556 3048 talia,
576 2998 672 3050 qoem·
709 2985 750 3047 tte]
769 2985 948 3049 «decipimus,
968 2987 998 3036 ut
1014 2988 1129 3038 evitetur
1143 2991 1234 3041 vastus

147 3061 295 3113 admodum
318 3062 382 3112 mihi
395 3065 467 3112 certe
479 3061 603 3123 videbar,
616 3073 673 3111 me-
709 3057 751 3109 ille
769 3061 796 3109 et
812 3059 963 3109 inconditus
988 3073 1071 3111 sonus
1091 3062 1112 3110 A
1130 3062 1166 3122 Ας
1197 3063 1235 3114 sic

146 3139 203 3187 met
220 3137 279 3200 ipso
291 3137 444 3197 contentus,
463 3136 527 3186 satis
542 3135 672 3186 constanti
709 3134 739 3183 et
754 3131 815 3182 alibi
833 3133 858 3182 S.
877 3135 906 3194 ι,
924 3134 953 3194 i,
972 3134 1012 3184 ai.
1042 3135 1170 3185 moltitiem
1192 3136 1235 3186 di-

148 3211 174 3259 et
193 3207 345 3275 praefracto
356 3209 444 3260 animo
461 3209 637 3271 iactaveram,
656 3225 672 3261 a
708 3209 757 3268 xit,
777 3220 829 3257 non
847 3207 1004 3257 moltitiem.»
1021 3209 1113 3260 Berrn.
1130 3223 1235 3259 -coe-

146 3286 172 3333 te
190 3284 356 3346 admonitus,
375 3285 405 3333 ut
422 3297 454 3334 ex
466 3285 586 3335 convivio
598 3287 671 3336 recta
708 3281 831 3346 tenellae]
850 3281 981 3332 sodalium
999 3295 1093 3345 graves
1111 3282 1235 3347 obiurga-

147 3357 259 3408 domum
277 3370 366 3407 meam
383 3357 501 3408 redirem
517 3371 569 3408 neo
586 3359 672 3410 defle·
709 3359 794 3407 tiones
812 3359 839 3405 et
860 3369 951 3406 amara
975 3357 1069 3408 irrisio.
1105 3359 1235 3408 «Nictt

146 3435 250 3482 ctorem
268 3430 302 3481 ad
319 3432 420 3482 amicae
438 3432 558 3494 ianuam,
577 3447 671 3484 rursus
707 3437 858 3495 atreaqer
877 3431 1023 3494 Vorwors
1036 3433 1107 3481 oder
1123 3431 1230 3483 Helm.»

146 3510 237 3557 tamen
254 3507 299 3556 vix
315 3507 379 3556 mibi
397 3507 521 3557 conscius
538 3521 569 3558 ac
586 3521 671 3573 prope
709 3506 786 3556 Voss.
818 3519 848 3554 «o
863 3505 924 3568 sier
945 3505 1142 3567 rimor-occi.»
1171 3509 1235 3556 Gar-

145 3579 296 3630 invitusad
321 3579 391 3630 hanc
413 3579 564 3630 trahebar.»
593 3607 620 3617 -
649 3587 672 3632 te
707 3579 783 3644 gallo.
802 3577 868 3631 Male
886 3577 1006 3642 plerique
1024 3579 1058 3630 ad
1076 3581 1178 3646 Lycisci
1190 3594 1234 3632 su-

144 3655 244 3718 odom]
279 3654 353 3705 Ouid.
381 3655 457 3704 Trist.
491 3656 520 3716 5,
548 3655 594 3716 40,
621 3656 668 3706 39;
707 3653 829 3720 perbiem
854 3655 906 3704 hoc
931 3653 1059 3705 reierunt.
1086 3683 1113 3693 —
1141 3656 1232 3720 teretis]

147 3729 237 3792 Meque
250 3727 339 3790 paam
356 3729 441 3778 dente
458 3733 511 3779 toto
527 3729 598 3779 mata
614 3743 671 3780 eoe-
708 3729 750 3779 Sic
775 3727 830 3778 lteli
855 3729 972 3778 tornito
997 3743 1133 3793 ρατιονε
1156 3731 1232 3796 (Gar-

143 3816 177 3866 pe
193 3805 337 3866 liquuntur.
365 3805 419 3854 liv.
439 3804 468 3866 6,
487 3803 532 3855 44;
551 3805 673 3856 inderem
708 3802 803 3867 gallo),
821 3803 953 3853 seilonis
968 3808 1127 3869 qarondet.
1149 3819 1233 3856 -re-

146 3879 264 3928 creditori
291 3877 381 3940 ραιαηι
401 3879 496 3940 popolo
530 3879 610 3929 solvit.
642 3907 669 3918 -
707 3877 831 3942 noceatis]
852 3877 1002 3941 «eleganter
1019 3881 1046 3931 in
1063 3879 1233 3931 nodumcol-

147 3953 241 4003 iecerto
255 3953 329 4019 pede]
360 3953 497 4017 «primum
518 3955 670 4018 resistente,
707 3951 824 4016 figentis,
842 3951 989 4016 religantis,
1008 3952 1111 4018 puellae
1123 3955 1231 4002 instar.»

148 4026 244 4078 deinde
257 4040 367 4092 semper
377 4027 479 4078 maiore
490 4042 554 4079 cum
564 4030 590 4079 vi
602 4027 672 4080 clan-
708 4025 836 4076 «Alebant
873 4027 945 4076 enim
978 4041 1084 4078 comam
1122 4026 1233 4077 lormosi

148 4099 237 4152 culum
266 4101 300 4151 ad
332 4103 466 4152 Inachiam
494 4117 538 4154 me
570 4102 672 4168 perdu-
707 4101 783 4164 pueri
796 4103 824 4150 et
835 4097 954 4162 delicati,
968 4105 998 4152 ut
1009 4101 1149 4165 compositi
1160 4113 1233 4150 ama-

148 4178 251 4227 cente.»
280 4174 422 4238 Tibulli,
448 4178 476 4238 6,
501 4178 546 4228 44;
575 4179 673 4241 Μαρια
707 4173 812 4226 toribus
837 4176 921 4239 magis
946 4173 1109 4239 placerent.»
1139 4175 1230 4224 Senon.

148 4249 248 4313 toqoor,
277 4252 475 4316 sedmugeifloe
492 4253 553 4302 mibi
577 4265 673 4315 mageo
709 4249 761 4301 Cir.
781 4251 955 4302 senecamin
972 4251 1039 4314 Epp.
1058 4249 1118 4311 449,
1138 4249 1182 4298 te:
1211 4250 1233 4299 ai

149 4323 229 4376 laedo
245 4326 386 4376 Eccutiont
396 4326 496 4376 etaiaoe
506 4325 585 4389 sortia
595 4325 672 4376 verbu
705 4326 831 4388 portioere
842 4325 876 4375 od
887 4331 909 4376 te
919 4325 1025 4386 ινιιιαε,
1037 4335 1115 4386 quote
1127 4324 1233 4374 crinitos

225 4449 240 4483 ᾔ
