3014 4978
394 470 402 476 .
496 399 555 450 nm.
574 401 616 451 111.
653 401 682 452 c.
701 401 787 453 navi.

454 797 691 860 cm
717 800 873 862 ΗΠ.

197 1045 199 1048 ,
291 966 359 1032 Vixi
382 964 498 1054 puellis
522 986 626 1054 nuper
647 953 784 1036 idoneus

289 1087 328 1152 Et
348 1085 479 1154 militavi
501 1109 566 1155 non
588 1089 658 1156 sine
681 1089 798 1178 gloria3

330 1210 422 1276 Nunc
444 1229 533 1276 arma
556 1209 807 1302 defunctumque
828 1212 915 1282 bello

372 1330 526 1397 Barbiton
548 1329 602 1398 hic
623 1333 732 1420 paries
754 1333 901 1412 habebit,

286 1491 429 1556 Laevum
450 1490 593 1556 marinae
615 1491 671 1578 qui
691 1491 825 1560 Veneris
846 1492 929 1559 latus
1186 1496 1206 1559 5

289 1610 446 1679 Custodit.
490 1611 551 1679 Hic
572 1611 626 1679 hio
646 1613 755 1700 ponite
777 1613 884 1680 lucida

330 1731 462 1799 Funalia
485 1743 517 1800 et
540 1743 650 1801 vectes
674 1741 706 1800 et
728 1754 823 1802 arcus

181 1894 266 1944 XXVI.
286 1896 369 1944 inscr.
384 1891 453 1956 volg.
476 1891 515 1944 Aa
529 1893 658 1954 Veneror,
678 1897 705 1945 et
724 1896 762 1946 sic
774 1895 858 1948 Codd.
872 1897 964 1948 nostri.
991 1895 1039 1961 (Aa
1057 1899 1173 1948 Vererer

152 1968 311 2018 mctunsttce
327 1967 458 2018 tercentos
474 1969 500 2036 s,
518 1967 557 2018 Ad
575 1969 691 2020 Vererer
707 1971 838 2022 leunculos
855 1971 893 2033 Τ.)
912 1999 940 2008 -
953 1973 978 2021 t.
990 1972 1077 2036 cocus]
1096 1975 1173 2022 centes

151 2056 223 2108 yap.
243 2043 352 2094 Kirchn.
370 2056 397 2107 p.
417 2041 457 2092 36.
479 2070 506 2078 -
525 2048 548 2092 ct
564 2043 647 2109 creua]
666 2049 689 2094 ct
704 2059 781 2096 uncos
791 2043 908 2096 malebat
925 2046 1085 2106 Biscionius‚
1104 2059 1173 2096 secu-

149 2129 233 2180 resque
243 2115 341 2177 Bentl.‚
360 2121 383 2166 ct
393 2117 488 2180 hucuca
504 2117 678 2180 Cuninghnm.
705 2117 783 2180 (Libri
800 2133 895 2170 omnes
911 2121 1019 2170 tuentur
1035 2121 1059 2170 ot
1075 2117 1171 2181 arcus.)

149 2255 231 2306 XXVI.
266 2259 320 2307 Per
344 2257 433 2307 iocum
458 2254 585 2308 simulans
611 2269 640 2307 se
711 2259 736 2307 t.
756 2257 780 2307 6.
799 2257 917 2322 Lustrum]
935 2259 1023 2322 paries
1035 2257 1124 2308 sacelli
1139 2257 1205 2308 siui-

123 2329 222 2381 iamiam
255 2330 394 2382 amoribus
428 2331 641 2382 renuntiaturum
678 2329 1097 2396 stroVenerlslateriproximus‚
1111 2332 1206 2383 dexter

120 2400 198 2466 lyram
215 2419 247 2456 ac
264 2404 368 2469 reliqua
382 2406 558 2456 instrumenta
569 2418 641 2456 ama·
678 2405 723 2467 iis,
751 2406 797 2470 qul
819 2407 878 2458 eius
900 2405 1073 2458 simulacrum
1090 2420 1137 2457 ore
1155 2405 1205 2457 ad-

122 2477 182 2527 toria
201 2480 299 2531 Veneri
322 2478 444 2541 dedicat,
471 2478 550 2530 simul
575 2493 641 2544 pre·
678 2491 758 2530 verso
785 2481 929 2531 intuentur.
976 2479 1114 2533 orientalis
1140 2493 1204 2546 ergo

124 2553 204 2614 catus,
223 2557 253 2603 ut
270 2551 367 2604 chloes
379 2566 500 2605 amorem
512 2553 562 2604 sibi
574 2568 641 2605 eon·
677 2566 740 2619 pars
757 2551 923 2618 intelligitur,
941 2555 1059 2606 Etruscis
1071 2555 1099 2604 et
1109 2556 1205 2605 Roma-

120 2623 199 2690 ciliet‚
230 2630 256 2679 in
282 2641 338 2692 quo
363 2629 421 2692 ipso
446 2627 535 2692 lepida
560 2631 639 2680 totius
676 2629 717 2679 nls
743 2629 769 2678 in
791 2631 865 2679 omni
887 2641 917 2679 re
943 2629 1030 2680 divina
1057 2628 1151 2679 inusta.
1174 2655 1200 2665 -

120 2700 196 2752 odarii
207 2705 322 2754 vertitur
333 2703 471 2775 εἰρωνεία.
491 2704 556 2766 (Quo
569 2705 639 2754 tem·
675 2705 792 2753 murinae
807 2731 822 2740 -
841 2703 952 2768 Veneris]
979 2705 1008 2753 ut
1030 2702 1078 2753 Od.
1101 2700 1129 2762 4,
1155 2703 1200 2764 44,

119 2787 179 2837 pore
196 2779 375 2842 compositum
397 2778 448 2838 sit,
475 2791 527 2828 non
545 2777 636 2842 liquet.
677 2779 727 2838 ta,
746 2778 879 2840 ποντίας,
898 2775 1044 2844 πελαγίας,
1062 2775 1200 2841 λιμενίας.

119 2848 237 2902 ltcierunt
249 2849 368 2903 nonnulli
381 2851 414 2902 ad
426 2865 450 2902 a.
464 2851 536 2914 733„
556 2853 639 2903 Fran·
676 2854 752 2902 Paus.
778 2853 807 2912 2,
834 2851 878 2910 34,
906 2853 945 2901 44.
977 2851 1065 2915 Eurip.
1094 2849 1198 2914 Hippoi.

118 2921 147 2973 le
163 2924 196 2974 ad
212 2939 237 2976 a.
256 2925 325 2988 730.)
675 2924 737 2976 tta:
764 2915 788 2973 ὦ
812 2923 951 2977 δέσποινα
974 2927 1077 2975 ποντία
1096 2921 1199 2995 Κύπρι.

148 2997 169 3046 l.
194 3001 218 3049 2.
242 2999 347 3064 patellis]
374 3001 439 3052 Mira
465 3001 506 3050 est
534 2999 637 3049 Frankii
675 2999 728 3051 Cir.
748 3000 795 3050 Od.
821 3002 850 3064 4,
874 3001 902 3061 3,
927 3001 950 3050 l.
974 3029 1001 3036 —
1023 3000 1147 3064 Οιττιοάιι]
1173 3001 1202 3050 ut

118 3073 180 3121 coni.
198 3073 293 3124 duellis.
315 3102 343 3110 —
362 3075 477 3138 monna]
497 3087 574 3124 rcum
592 3087 637 3125 es·
675 3073 736 3125 alibi
755 3074 847 3125 dicunt
863 3079 944 3138 tcycre
961 3075 1035 3124 totio.
1060 3101 1087 3110 —
1105 3073 1201 3138 pontu]

118 3155 171 3195 sem
189 3149 276 3198 aetate
297 3149 399 3211 integra
424 3150 451 3198 et
474 3147 509 3198 ad
529 3161 636 3199 amores
675 3163 712 3200 «o
728 3150 804 3214 pueri
817 3151 844 3198 l»
873 3149 992 3199 Verbum
1010 3147 1148 3212 proprium
1166 3147 1200 3198 dc

118 3224 340 3274 accommodata.»
368 3253 396 3260 -
426 3224 545 3287 militant]
571 3225 637 3274 Fre·
673 3217 871 3288 ἀναθήμασιν.
893 3223 1062 3287 Properti,
1082 3221 1129 3282 49,
1150 3221 1198 3271 48:

118 3305 196 3356 quens
228 3299 254 3349 in
287 3299 425 3348 amoribus
451 3297 636 3349 descrihendis
677 3299 764 3349 Veneri
776 3298 1030 3361 ponerevotoiuvat.
1050 3295 1124 3346 Ovid.
1138 3297 1198 3345 Am.

117 3367 206 3432 imago.
220 3372 303 3431 Odi,
317 3374 341 3433 4,
356 3373 396 3423 ta.
411 3372 486 3423 ovid.
499 3375 558 3423 Am.
572 3374 596 3432 4,
610 3371 634 3434 9,
674 3374 702 3434 4,
723 3373 768 3434 44,
786 3373 835 3422 25:
862 3372 920 3422 Non
936 3385 981 3436 eqo
996 3371 1110 3421 uictrices
1126 3370 1201 3420 latero

118 3442 141 3490 l:
158 3445 248 3496 illidat
264 3447 345 3497 onmis
356 3460 447 3497 cnemis
460 3453 483 3498 ct
499 3447 572 3498 tebet
588 3459 637 3496 aaa
671 3447 790 3496 redimire
806 3447 921 3508 moedus,
939 3447 990 3496 Nec
1003 3445 1102 3496 Veneris
1116 3445 1202 3495 medic

116 3523 195 3567 casua
212 3520 315 3584 Cupido.
343 3523 374 3570 l.
387 3521 417 3571 Α.
431 3521 461 3583 2,
474 3521 538 3572 233:
565 3522 636 3574 Mili-
668 3534 764 3584 ponere
780 3521 807 3570 in
823 3523 884 3572 aede
899 3533 992 3570 τιοντν.

116 3590 345 3656 ticespcctesumor
354 3597 531 3646 estsdtaccdite
542 3609 634 3660 manes.
705 3597 730 3646 7.
761 3595 885 3661 Picentia]
917 3595 989 3646 iaces
1016 3607 1049 3645 ex
1074 3593 1197 3658 funibus,

115 3665 223 3720 Achilles
246 3670 335 3720 Tatius
351 3684 379 3735 p.
397 3671 438 3721 49,
468 3671 580 3722 lacoba:
608 3673 637 3722 rt
672 3670 749 3734 pice,
776 3671 880 3732 resina,
909 3683 972 3720 cera
988 3667 1075 3731 illitis,
1101 3667 1199 3733 quihus

115 3734 248 3806 δὲδειλὸς
265 3741 291 3795 εἶ
308 3742 485 3815 στρατιώτης
501 3740 634 3818 ἀνδρείου
673 3743 817 3795 utebantur
834 3744 859 3794 in
877 3745 1014 3795 nocturnis
1032 3745 1200 3796 comissatio-

115 3811 200 3876 droth
218 3819 350 3882 (Amoris.)
672 3819 769 3879 nibus;
791 3819 876 3869 lucida
892 3823 994 3879 autem,
1018 3832 1102 3883 «quae
1121 3816 1196 3881 olim,

144 3889 166 3940 3.
185 3891 208 3942 4.
227 3894 311 3958 arcta]
329 3907 360 3945 ea
373 3895 445 3960 ipsa,
466 3907 534 3958 quae
547 3894 635 3960 paullo
673 3907 735 3944 cnm
753 3893 984 3956 comissahnmur,
1013 3891 1100 3943 lucem
1118 3905 1199 3957 prae-

116 3965 171 4024 posi
190 3971 337 4020 enumerat.
369 3997 390 4007 -
417 3969 553 4034 Bariana,
580 3982 633 4034 quo
672 3968 798 4018 habant.»
823 3969 898 4019 Ovid.
920 3970 950 4018 Α.
965 3969 994 4019 Α.
1009 3967 1037 4029 3,
1055 3968 1122 4017 567:
1148 3967 1199 4016 Nec

116 4047 215 4091 amores
239 4043 389 4102 cecinerat,
416 4044 468 4093 ianr
492 4045 634 4107 defunctum
671 4041 1116 4108 frondetpoctosnecsuocialqnlbuc
1131 4045 1194 4090 uret.

116 4113 153 4160 eat
175 4112 250 4176 ictio,
282 4129 314 4166 en
340 4117 393 4168 iam
419 4130 487 4181 opus
512 4131 565 4167 non
591 4119 633 4168 est
672 4118 783 4168 Theocr.
806 4119 837 4177 2,
859 4118 916 4168 tar.
945 4119 984 4167 De
1005 4115 1197 4166 confiscationi-

117 4183 160 4233 rad
181 4190 359 4240 excantandas
384 4189 515 4256 puellas»,
542 4193 571 4242 ut
596 4192 632 4241 ait
671 4190 722 4242 bus
738 4192 875 4242 nocturnis
897 4190 1006 4242 consule
1024 4189 1118 4239 lacobs
1135 4187 1196 4237 Phi-

116 4256 227 4324 l’ropert.
246 4263 273 4324 3,
292 4265 321 4325 3,
340 4264 380 4316 la.
577 4329 579 4332 Α
671 4264 743 4317 lostr.
772 4267 870 4329 lmagg.
897 4278 923 4329 p.
951 4262 1007 4315 aot.
1038 4291 1064 4299 -
1102 4264 1196 4324 cocus]
