2992 4978
542 437 601 488 utu.
619 438 660 488 tlt.
695 438 725 489 C.
744 439 808 488 xvi.

348 630 505 696 Crescunt
525 627 644 696 vellera
666 631 812 717 pascuis,

264 790 447 876 Importuna
468 799 574 854 tamen
596 789 768 875 pauperies
790 788 895 864 abest,

263 913 344 988 Nec,
368 911 395 976 si
417 909 510 998 plura
532 907 643 988 velim,
666 919 699 976 tu
721 910 799 976 dare
821 910 972 998 deneges.

266 1033 435 1100 Contraeto
457 1030 572 1099 melius
595 1051 694 1119 parva
716 1030 867 1119 cupidine

345 1151 518 1242 Vectigalia
539 1152 715 1242 porrigam,

266 1314 370 1393 Quam
393 1313 419 1378 si
442 1311 624 1402 Mygdoniis
646 1331 782 1399 regnum
804 1311 938 1402 Alyattei

199 1483 239 1534 38.
257 1484 296 1534 Ne
312 1484 341 1534 T.
361 1511 389 1520 -
408 1481 448 1532 39.
469 1481 604 1533 macaria
626 1493 649 1531 c.
671 1483 732 1546 (non
749 1479 825 1544 bSl'.)
845 1508 873 1520 -
898 1481 938 1534 44.
956 1483 1076 1534 licitatioi
1094 1485 1124 1546 S,
1142 1485 1187 1534 lto-

168 1558 256 1609 liottiet
273 1557 306 1620 T,
328 1555 465 1620 Hctpottici
482 1557 515 1619 L,
538 1555 656 1618 Atputtct
673 1555 713 1607 Ct.

139 1697 247 1748 omem
267 1698 301 1762 (iu
314 1695 394 1747 Gallia
415 1695 555 1760 Cisalpina)
581 1707 662 1760 prae·
700 1696 799 1747 «certis
825 1695 951 1748 limitibus
977 1698 1177 1762 circumscripto
1195 1701 1222 1750 et

138 1773 212 1838 cipue
234 1771 374 1823 Altinates.
410 1770 512 1822 cotum.
537 1772 568 1833 l,
586 1772 616 1832 Ξ,
635 1769 659 1820 3.
698 1769 778 1820 veluti
797 1773 942 1822 coartato.»
980 1771 1109 1823 Stobaeus
1126 1773 1151 1824 S.
1171 1773 1220 1825 39:

137 1846 199 1898 Pliu.
219 1847 250 1898 ll.
265 1847 296 1897 N.
315 1847 345 1907 8,
364 1844 409 1896 te:
428 1846 491 1896 Atta
507 1844 589 1911 (imao)
605 1846 662 1898 cir-
697 1843 863 1918 Ἐπίκουρος
888 1843 1057 1918 ἐρωτηθείς,
1096 1848 1156 1913 πῶς
1183 1843 1221 1900 ἅν

136 1921 301 1984 mummia
315 1919 387 1970 nudo
399 1921 554 1984 presseram
697 1935 740 1984 τις
765 1915 969 1988 πλουτήσειεν,
1006 1915 1041 1974 od
1067 1927 1129 1986 τοῖς
1154 1915 1220 1976 οὖσι

166 1997 207 2046 37,
233 1995 381 2060 perpetior]
400 1994 485 2046 Nolim
504 1995 548 2046 hic
568 1997 595 2045 et
611 1993 659 2046 od.
698 1995 880 2086 προστιθεις,
906 1989 983 2064 don,
1005 1993 1058 2064 τῆς
1074 1995 1105 2048 ot
1122 1999 1220 2069 χρείας

136 2069 164 2132 4,
191 2071 238 2133 li,
267 2067 308 2120 43.
338 2081 400 2119 cum
426 2067 587 2133 quibusdam
611 2081 660 2134 pro
696 2085 733 2120 τα
743 2065 835 2121 πολλὰ
844 2073 1025 2142 περιτέμνων.
1038 2074 1218 2139 -cectipclird

136 2157 250 2208 persona
267 2144 424 2208 pauperiem
440 2143 555 2206 habere,
573 2145 603 2195 ut
619 2145 662 2194 est
697 2145 761 2195 Voc.
779 2160 795 2195 a
812 2145 941 2196 reditibus
958 2144 1071 2210 publicis
1084 2145 1219 2212 paullatim

137 2219 207 2284 apud
222 2217 361 2270 Platonem
376 2219 403 2268 in
415 2219 507 2283 Symp.
519 2231 547 2282 p.
559 2218 617 2269 203.
629 2219 659 2268 B.
697 2218 821 2270 uelatum
837 2219 871 2270 ad
887 2222 1013 2284 privatos.
1048 2222 1103 2272 Cic.
1120 2223 1154 2272 ad
1164 2225 1218 2275 ntt.

134 2295 237 2346 Amoris
261 2295 360 2354 mater,
388 2295 415 2343 at
431 2294 485 2343 iam
501 2295 562 2343 ante
579 2290 660 2342 veluti
697 2295 741 2356 to,
766 2294 814 2344 to:
847 2297 904 2345 Non
928 2308 986 2359 epeo
1009 2297 1170 2360 oecttpadbue
1197 2304 1220 2349 et
1247 2346 1250 2354 ,

135 2369 184 2420 dea
201 2367 318 2419 molesta
335 2367 479 2432 Theognidi
499 2381 525 2416 v.
544 2368 601 2418 354.
620 2368 658 2419 Β;
691 2382 775 2432 paruo
809 2373 937 2420 cmttentot
963 2383 1014 2420 asse
1037 2384 1147 2432 potator.
1184 2373 1219 2424 de

131 2434 254 2509 Ἀὄειλὴ
274 2444 373 2509 πενίη,
398 2445 426 2494 rt
448 2443 544 2508 μένεις
561 2441 660 2515 upote-
695 2445 759 2509 liep.
778 2442 807 2506 4,
826 2444 858 2493 7:
889 2445 1016 2507 optimus
1032 2451 1054 2496 et
1071 2447 1098 2497 in
1112 2449 1220 2510 privatis

134 2516 230 2571 ποῦσα
258 2520 323 2588 παρ’
348 2511 437 2567 ἄλλον
451 2511 541 2588 “Arda
568 2519 658 2578 ἄνω
693 2519 797 2584 fomitis
825 2523 849 2568 et
875 2519 902 2568 in
928 2532 957 2569 re
979 2519 1082 2582 publiea
1113 2524 1221 2588 νοσῆσαι

133 2589 174 2658 μὴ
199 2591 235 2660 δή
263 2594 293 2657 μ’
319 2586 374 2643 οὐκ
402 2591 540 2643 ἐθέλοντα
563 2592 657 2657 φίλει,
695 2595 1017 2657 ducoereepursimonicm.
1040 2597 1133 2647 Parad.
1148 2598 1172 2660 6,
1185 2599 1215 2649 3:

131 2661 196 2719 Ἀλλ’
214 2667 261 2720 ἴθι
282 2667 333 2717 nol
357 2662 449 2732 δόμον
473 2661 561 2718 ἄλλον
578 2667 658 2721 inot-
693 2672 751 2720 Noa
767 2670 906 2734 inculpant
922 2669 1045 2732 homines,
1063 2685 1140 2734 quam
1161 2687 1219 2723 mo-

135 2757 199 2806 κεο,
216 2740 294 2809 μηδὲ
312 2741 378 2806 μεθ’
396 2735 496 2808 ἡμέων
511 2741 573 2795 Ant
588 2743 658 2796 dcc·
693 2758 772 2808 puter
790 2744 898 2808 coctipot
918 2745 950 2794 stt
961 2745 1128 2807 parsimonia.
1163 2748 1217 2798 Sat.

132 2815 221 2884 τήνου
233 2813 320 2868 τοῦδε
330 2815 399 2878 βίον
414 2818 524 2882 μέτεχε.
559 2821 659 2883 Impor-
694 2819 724 2880 2,
743 2818 774 2879 ξ,
794 2817 856 2867 40οε
894 2831 940 2880 epo
963 2819 1097 2883 uectigalia
1123 2833 1220 2884 mopnc

133 2899 193 2944 turc
210 2895 304 2944 autem
321 2894 472 2956 pmtperier,
499 2896 529 2945 ut
549 2895 655 2947 Hesiod.
692 2892 850 2954 Divitiorpue
859 2891 944 2942 labeo.
960 2893 1139 2958 -porriycml
1159 2908 1219 2945 «ex-

133 2970 229 3033 l'heog.
245 2967 309 3018 59³:
329 2961 490 3035 οὐλομένης
505 2971 612 3035 πενίης.
693 2967 816 3026 tendam,
831 2965 949 3029 augebo,
962 2969 1068 3017 extento
1081 2969 1138 3032 ipso
1149 2969 1219 3033 agel-

163 3044 204 3095 38.
222 3044 291 3104 Nec,
309 3041 343 3106 ti]
360 3043 433 3093 llaec
448 3057 530 3107 quam
541 3047 657 3096 maxime
693 3040 718 3092 lo
742 3038 839 3090 Sabino
862 3037 905 3089 vel
930 3037 986 3090 aliis
1009 3043 1137 3106 emptis;»
1164 3057 1217 3110 non

133 3118 248 3182 probant
262 3129 313 3180 por
327 3118 412 3168 totum
430 3131 539 3168 carmen
555 3121 658 3170 exani-
692 3127 773 3175 vero,
802 3115 832 3162 ut
857 3112 899 3162 alii
923 3113 1030 3164 volunt:
1066 3116 1216 3180 «pendam,

133 3194 170 3243 mi
191 3191 329 3244 sententia
353 3189 472 3242 locutum
495 3206 555 3244 esse
572 3194 658 3244 liora-
693 3186 845 3255 persolvam
861 3189 964 3238 aerario
980 3188 1070 3252 populi
1081 3192 1217 3254 Romani»,

133 3268 211 3328 uum,
240 3278 411 3329 nequaquam
427 3279 507 3328 vero,
536 3270 566 3317 ut
589 3282 659 3319 uon·
694 3267 723 3316 ut
734 3263 851 3327 pessime
863 3263 1027 3326 interpretati
1038 3266 1100 3314 sunt
1110 3266 1179 3316 Acro
1191 3269 1219 3318 et

133 3341 208 3392 nullis
219 3341 308 3390 visum
320 3342 375 3402 est,
389 3342 583 3393 exercitationis
595 3357 659 3394 cau·
694 3337 874 3389 recentiorum
883 3335 1007 3387 uounulli.
1026 3339 1075 3398 Qui
1087 3339 1125 3390 sio
1137 3341 1218 3405 expli-

132 3429 162 3468 sa
178 3413 265 3467 bellas
280 3415 429 3464 Stoicorum
445 3416 615 3469 sententiolas
632 3419 658 3468 in
696 3412 835 3474 caverunt,
850 3424 961 3476 prorsus
973 3411 1046 3462 obliti
1057 3416 1134 3464 erant
1144 3415 1217 3467 cives

133 3503 217 3541 unum
229 3487 382 3540 contulisse.
406 3514 435 3526 —
456 3491 524 3540 Sane
540 3491 603 3543 nihil
620 3493 660 3544 ta·
695 3489 827 3538 Romanos
844 3487 907 3536 tunc
924 3485 1021 3536 tributa
1042 3500 1096 3539 uon
1115 3502 1218 3553 pepen-

133 3563 208 3616 oilius
224 3565 250 3615 ai
267 3563 360 3614 luisset
377 3576 459 3628 quam
475 3564 596 3616 obtinere
616 3567 659 3618 vel
695 3561 775 3612 disse·
790 3563 892 3611 Senem
900 3561 947 3624 ΕΡ·
959 3560 1003 3610 89²
1017 3562 1219 3629 0¹⁴⁰¹⁴³l¹⁴⁶flt¹⁶³

133 3641 322 3693 altaecenate
342 3637 385 3688 vol
406 3638 441 3689 ab
462 3641 520 3704 ipso
542 3642 659 3704 Augusto
691 3637 872 3699 possessionum
884 3635 1219 3702 propopabittslnqaoor-

134 3713 297 3766 fructuosius
322 3711 429 3777 aliquod
462 3716 489 3764 et
520 3715 659 3766 amoenius
695 3724 742 3774 quo
759 3709 886 3760 aratt'mt
900 3715 996 3760 vostras
1010 3711 1169 3776 pompato?

134 3789 276 3852 praedium
299 3789 408 3851 praeter
434 3787 577 3851 Sabinum,
609 3789 659 3841 sed
727 3783 828 3837 44-43.
847 3785 1096 3851 adpetentiam]
1114 3789 1218 3852 uSiLy-

134 3862 217 3913 uoluit
231 3862 332 3912 dodica
343 3863 497 3924 operatores
509 3865 657 3928 acquirere.
695 3860 766 3910 diam
784 3859 885 3924 campis
901 3859 1020 3923 Phrygiis
1037 3863 1217 3912 continuem.»

135 3937 188 3987 Cir.
209 3936 293 4001 Epod.
315 3937 345 3997 4,
366 3936 415 3987 34;
448 3938 517 3987 sctis
537 3952 660 4001 umorque
694 3936 846 3987 Conticuere
862 3948 938 3999 apros
955 3937 992 3998 (ut
1003 3939 1044 3986 est
1054 3938 1134 3988 etium
1146 3937 1218 4001 apud

133 4023 172 4062 me
188 4011 328 4075 benipnitus
343 4017 388 4062 tua
404 4012 509 4062 Ditoor't.
695 4011 749 4061 Cio.
768 4011 828 4072 Agr.
848 4009 872 4070 3,
885 4008 913 4060 4;
932 4009 1028 4061 fundos
1045 4011 1071 4060 in
1087 4025 1151 4075 apro
1168 4011 1215 4061 Co-

167 4085 209 4135 39.
222 4084 263 4136 ld.
282 4087 415 4136 Corttructo
425 4113 439 4122 -
450 4113 465 4123 -
476 4087 599 4152 cupidine]
612 4087 659 4137 Cu-
694 4085 770 4134 einoti
786 4085 890 4146 optirnos
906 4089 930 4134 ot
943 4085 1150 4146 fructuosissime
1160 4099 1218 4134 con-

132 4161 192 4222 pido
211 4173 259 4224 pro
275 4161 417 4225 cupiditate
434 4162 658 4226 semperseneris
695 4161 810 4210 tinucoe't.
845 4162 872 4208 et
889 4159 942 4209 liv.
961 4159 1006 4218 34,
1026 4159 1060 4222 l.)
1090 4159 1218 4222 significat

137 4233 274 4285 masculini
287 4237 329 4286 est
339 4235 411 4299 apud
428 4236 574 4286 Horatium.
604 4235 657 4284 Cir.
696 4237 747 4284 «ita
773 4240 910 4294 coemere,
946 4237 974 4284 ut
999 4234 1085 4284 nullus
1116 4232 1218 4284 olianus

137 4309 229 4361 adOd.
243 4311 271 4374 2,
286 4311 330 4371 46,
343 4312 383 4361 tt.
407 4309 656 4361 Contrectoautem:
696 4309 791 4361 fundus
809 4309 962 4360 interiectus
980 4310 1038 4359 sit.»
1058 4336 1083 4345 -
1102 4309 1217 4371 Atouria]
