3078 4978
510 465 511 472 ,
544 425 645 478 nisan.
680 425 777 476 644444.
796 427 860 477 nvi.
1193 428 1255 493 746

240 581 321 647 Suis
344 590 376 646 et
398 581 469 668 ipsa
490 583 591 649 Roma
611 582 734 648 viribus
758 583 835 649 ruit:

192 703 309 782 Quam
330 723 438 790 neque
460 701 584 770 finitimi
606 704 776 771 valuerunt
797 704 937 792 perdere
959 707 1056 772 llarsi

240 825 378 892 Minacis
401 835 456 892 664
477 826 612 893 Etrusca
635 827 798 893 Porsenae
821 848 955 905 manus,

192 946 337 1013 Aemula
360 967 420 1014 666
441 947 543 1014 virtus
567 948 698 1036 Capuae
721 969 783 1015 666
805 949 980 1036 Spartacus
1003 972 1079 1018 acer
1232 955 1251 1017 5

243 1069 412 1157 Novisque
435 1068 534 1136 rebus
557 1069 695 1137 infidelis
716 1069 883 1148 Allobrox,

194 1193 270 1258 Nee
293 1190 362 1258 iera
383 1189 536 1258 caerulea
558 1191 682 1258 domuit
704 1192 876 1258 Germania
898 1193 985 1280 pube

238 1420 266 1469 4.
281 1418 514 1480 postposuerat,
529 1419 568 1470 43.
586 1447 611 1455 -
626 1417 650 1470 l.
659 1432 801 1481 porsennae
811 1420 840 1469 B.
855 1447 881 1456 —
902 1421 926 1470 6.
940 1421 1046 1472 Nocisoe
1056 1422 1139 1474 446644.
1154 1426 1222 1476 coni.

149 1615 270 1679 gnificat
286 1615 358 1665 enim
370 1613 405 1664 nil
422 1615 531 1679 praeter
543 1616 628 1680 ipsam
641 1615 687 1664 lio
728 1616 886 1679 Spartacum
903 1619 1048 1667 memorari
1066 1619 1093 1667 64
1109 1621 1254 1686 utrumque

149 1703 233 1741 mam
255 1692 361 1748 stare;»
386 1701 448 1739 cum
468 1688 624 1754 simpliciter
643 1689 687 1738 sit:
728 1702 826 1739 noman
851 1691 983 1742 artissime
1005 1693 1170 1755 iungendum
1193 1709 1254 1746 esse

150 1767 259 1828 «atque
288 1765 371 1814 Roma
399 1763 455 1815 suis
477 1764 560 1828 ipsius
588 1763 689 1814 viribus
728 1763 882 1828 contendit.)
905 1793 931 1800 —
950 1767 1103 1830 spartacus]
1126 1767 1256 1832 gladiator

150 1839 374 1903 intemperanter
405 1849 453 1888 usa
485 1836 520 1888 ad
554 1837 690 1888 interitum
727 1837 823 1899 Thrax,
837 1838 1077 1903 lugitivorumdun‚
1092 1844 1254 1895 acerrimum

153 1913 276 1976 vergii.»
728 1925 791 1962 cum
808 1914 933 1964 4464666444
944 1913 1046 1966 bellurn
1057 1917 1139 1979 gessit
1150 1931 1174 1968 a.
1189 1932 1215 1968 u.
1229 1933 1253 1968 6.

187 1987 267 2036 3-6.
297 1987 391 2052 Marsi]
410 1985 512 2039 Bellum
534 1987 599 2038 dicit
620 1988 690 2038 llar-
728 1987 850 2038 684-683.
870 2015 897 2024 -
918 1991 991 2048 Quae
1009 1989 1043 2040 de
1066 1991 1251 2057 aucupum,

152 2061 249 2110 sicum
274 2075 297 2112 s.
319 2060 416 2112 sociale
442 2065 548 2126 gestum
569 2076 593 2112 a.
616 2075 642 2111 u.
664 2075 687 2112 c.
728 2061 825 2112 Galliae
842 2060 942 2127 populo
962 2064 1081 2115 4444644664
1098 2079 1113 2116 6
1130 2066 1190 2117 4666
1208 2067 1257 2118 Le-

153 2135 285 2186 663-666.
301 2163 328 2173 -
342 2137 473 2199 Porsenae]
491 2138 562 2200 regis
580 2135 688 2196 Clusini,
727 2136 852 2186 manoad
863 2139 1059 2201 isaramusque
1069 2139 1168 2201 666646,
1182 2141 1254 2203 dicit,

155 2211 206 2274 qui
227 2224 252 2260 a.
266 2224 292 2260 u.
307 2224 331 2260 c.
344 2211 402 2261 446.
427 2212 539 2260 Romam
551 2209 689 2260 obsidione
729 2212 883 2274 neutiquam
902 2211 995 2262 reierri
1018 2212 1120 2265 debent
1136 2217 1171 2267 ad
1191 2215 1255 2267 illud

154 2285 275 2348 pressit,
301 2283 336 2334 ad
359 2285 522 2334 deditionem
540 2282 629 2348 adegit
648 2285 690 2333 at-
728 2286 849 2348 tempus,
878 2299 932 2349 quo
957 2288 1050 2338 hostes
1076 2289 1255 2342 Romanorum

155 2373 217 2423 que
236 2372 361 2422 agrorum
378 2360 454 2423 parte
473 2360 550 2409 tertia
565 2359 690 2424 adempta
728 2359 838 2410 4666646
859 2373 884 2409 6.
907 2373 934 2410 u.
958 2374 982 2411 6.
1002 2361 1059 2414 633.
1079 2377 1103 2412 6.
1123 2367 1153 2424 Q.
1174 2365 1255 2418 Fabio

156 2433 299 2484 infirmam
312 2447 400 2498 neque
411 2438 502 2484 466466
511 2433 620 2496 regibus
629 2432 692 2484 sub·
729 2435 842 2485 Maximo
853 2434 1020 2500 Allobrogico
1034 2440 1062 2488 et
1078 2439 1126 2489 Cn.
1140 2441 1255 2492 Domitio
1326 2493 1336 2512 x

156 2510 262 2560 lectam
283 2509 418 2560 civitatem
439 2507 554 2572 reliquit.
586 2509 633 2573 (De
650 2509 691 2559 ia·
727 2508 887 2560 aenobarbo
911 2511 1003 2562 domiti
1027 2516 1102 2574 sunt;
1132 2515 1160 2565 id
1182 2517 1256 2581 quod

156 2582 258 2633 buloso
284 2581 326 2633 illo
352 2583 424 2647 apud
450 2583 567 2634 Clusium
593 2597 691 2634 46666-
727 2597 781 2635 666
804 2586 940 2649 patiuntur
955 2600 998 2637 vv.
1019 2588 1073 2652 (46)
1091 2591 1163 2640 eoois
1184 2591 1258 2642 66446

157 2659 255 2708 466646
273 2659 419 2720 Ρ6466666,
442 2658 476 2710 (46
494 2671 547 2722 quo
564 2657 690 2711 Varronis
728 2657 834 2722 (ablat,
853 2673 906 2710 non
929 2661 1035 2725 dativ.);
1060 2664 1109 2714 sed
1132 2664 1166 2714 ad
1190 2678 1257 2715 con-

156 2733 342 2784 narrationem
356 2735 489 2798 excerpsit
504 2731 601 2785 Plinius
615 2735 645 2784 44.
657 2736 687 2784 N.
727 2735 885 2784 iurationem
918 2734 1097 2786 catilinarium
1123 2751 1147 2787 a.
1175 2752 1200 2788 u.
1229 2753 1254 2789 6.

157 2807 208 2868 36,
229 2806 273 2866 43,
293 2806 334 2869 4.,
359 2810 459 2872 optime
479 2808 624 2871 disputavit
643 2809 691 2857 Le·
728 2808 796 2868 664,
816 2808 844 2857 46
867 2821 919 2869 qua
944 2810 1038 2858 tentati
1059 2823 1074 2859 a
1096 2813 1124 2860 P.
1143 2810 1255 2863 Lentulo

158 2884 257 2932 tronne
280 2883 307 2931 in
332 2882 423 2932 46664.
446 2883 501 2932 44644
519 2884 599 2932 instit.
619 2883 688 2932 orci.
728 2881 794 2930 Sura
820 2893 914 2930 eorum
941 2879 1018 2944 legati
1044 2885 1088 2932 4446
1113 2886 1140 2934 46
1161 2886 1256 2937 locato

158 2957 236 3008 4849.
256 2968 283 3020 p.
303 2955 370 3018 344.)
398 2985 426 2994 -
454 2957 579 3020 (Perseia
603 2968 691 3006 6666
727 2953 846 3014 bobum,
874 2955 995 3014 66466646
1015 2957 1103 3006 consti
1127 2966 1253 3023 6666664,

158 3033 244 3082 eliam
262 3029 338 3082 Silius
355 3031 381 3094 8,
399 3031 457 3082 389.
476 3031 534 3082 tis.
555 3033 596 3092 46,
616 3030 689 3088 isse
728 3030 873 3090 antequam
887 3029 969 3078 lolam
980 3042 1039 3080 rem
1052 3031 1082 3090 Q.
1096 3031 1177 3082 Fabio
1188 3035 1256 3084 San-

157 3106 261 3170 duplici
277 3105 348 3170 Virg.
367 3109 433 3158 Aen.
452 3109 481 3168 44,
500 3106 568 3169 646.)
591 3133 618 3143 -
641 3106 691 3156 Co-
728 3116 777 3166 gae
786 3103 931 3166 aperirent.
943 3100 1256 3169 (Sal.Catil.ll.)Deinde

154 3194 227 3243 pue,
245 3181 326 3231 attera
337 3181 379 3232 4446
391 3185 470 3232 46646
490 3183 554 3246 (Cic.
568 3179 633 3232 Phil.
649 3182 689 3242 44,
728 3179 755 3230 C.
764 3179 1046 3241 Pompeiusue-ortem
1055 3187 1154 3242 repente
1165 3183 1256 3236 4644466

158 3255 207 3318 3.),
227 3269 289 3307 uim
305 3260 367 3322 post
383 3259 501 3321 stragem
519 3257 691 3308 Cannensem
727 3253 887 3318 Allobrogum
903 3259 979 3316 etque
993 3255 1041 3303 4466
1057 3255 1179 3307 scelerato
1195 3273 1258 3309 666-

160 3331 195 3395 46.
210 3345 237 3379 6.
251 3345 274 3380 6.
288 3331 355 3395 638.)
382 3331 518 3382 trasericus
543 3333 620 3396 ioppe
633 3331 691 3395 seli-
727 3329 853 3380 iuratione
863 3328 1028 3392 (Catilinaria)
1037 3331 1174 3382 6664464646
1182 3347 1274 3394 pree,

159 3407 689 3471 mmotquetndulgeuiiesortunaeibiv.
727 3405 767 3454 4444
782 3405 859 3468 [repit
875 3417 963 3466 eosque
980 3405 1087 3466 domuit,
1116 3407 1160 3467 oui
1176 3408 1257 3458 46666-

159 3481 208 3542 43,
227 3482 262 3544 4.)
281 3482 425 3545 imperium
442 3483 523 3532 totius
540 3481 630 3532 Italiae
651 3481 690 3531 ai·
728 3481 830 3530 4466664.
851 3480 905 3529 Cic.
924 3479 958 3530 de
976 3492 1052 3543 prov.
1073 3493 1147 3531 cons.
1168 3482 1208 3532 43.
1226 3509 1254 3520 -

161 3556 292 3606 iactasset
309 3555 372 3618 (biv.
391 3555 438 3617 43,
464 3557 509 3618 6.),
529 3557 563 3607 ad
584 3557 692 3622 praese·
729 3556 856 3605 Ceterum
873 3557 935 3604 nota
946 3567 989 3604 vv.
1003 3555 1059 3604 6-8.
1075 3553 1118 3605 bis
1133 3569 1258 3619 nec-que

162 3633 256 3680 cturae
283 3633 417 3682 Romanae
443 3631 557 3682 lormam
582 3631 690 3682 redacta
727 3643 777 3694 pro
794 3643 839 3680 666
850 3658 865 3667 -
877 3642 956 3692 oeque
972 3627 1015 3678 vel
1036 3643 1140 3692 neque·
1151 3637 1198 3682 664
1213 3631 1256 3682 vel

162 3705 206 3755 est
217 3719 240 3754 6.
255 3719 281 3754 u.
296 3719 319 3756 6.
331 3705 388 3756 cis.
405 3733 432 3742 -
447 3707 501 3757 Cic.
516 3707 550 3757 de
562 3704 689 3770 legeagr.
727 3717 868 3766 oeque-cm
879 3701 1001 3768 exempla
1012 3707 1075 3754 suni
1083 3705 1155 3769 apud
1166 3707 1255 3758 lolius.

162 3781 193 3840 4,
213 3780 258 3830 344
278 3781 393 3832 Maiores
413 3782 559 3831 trossulum
574 3781 648 3830 urbes
664 3781 690 3830 46
728 3779 806 3830 Arist.
828 3781 852 3828 4.
874 3792 901 3843 p.
921 3781 962 3829 64.
997 3780 1116 3843 Wagner
1136 3782 1255 3841 Quaestt.

163 3855 239 3904 terris
249 3854 374 3916 munibus,
387 3856 581 3919 Kortbupioem,
601 3856 692 3922 06646-
728 3853 799 3916 Virg.
816 3853 857 3904 36.
874 3866 934 3918 pag.
945 3855 1003 3904 646.
1017 3855 1162 3906 Cluatium
1176 3857 1258 3907 Hein-

163 3928 246 3990 444664,
266 3929 381 3991 Capuam
397 3935 538 3981 statuerunt
552 3943 625 3993 posse
641 3931 691 3980 im-
729 3929 787 3980 rich
806 3929 840 3979 ad
859 3931 950 3980 iuven.
969 3943 995 3994 p.
1010 3929 1067 3981 460.
1082 3933 1109 3982 64
1126 3931 1257 3994 imprimis

160 4004 227 4065 perii
244 4005 395 4068 pravitatem
411 4018 443 4054 66
458 4019 548 4056 664666
560 4007 688 4056 sustinere.
730 4003 877 4068 Hertzberg
902 4005 1005 4055 comni.
1026 4005 1053 4054 in
1070 4007 1148 4068 Prop.
1167 4017 1194 4068 p.
1214 4005 1255 4054 84.

165 4079 372 4142 (Campanorum
389 4080 509 4143 ipsorum
527 4078 690 4131 6664664466
729 4097 734 4106 ·
762 4079 835 4128 4-46.
855 4079 1001 4143 Gainounia]
1018 4077 1141 4129 Cimbros
1153 4081 1180 4127 ci
1192 4079 1258 4128 Teu·

165 4157 255 4218 partes
281 4153 378 4205 inerint
402 4153 517 4204 inbelle
543 4155 688 4218 Spartacio,
732 4155 809 4204 tonos
832 4154 896 4204 dicit
921 4153 1040 4204 devictos
1066 4151 1175 4202 tandem
1193 4165 1207 4200 a
1226 4153 1256 4204 C.

166 4229 230 4279 satis
248 4229 370 4293 imperita
388 4239 522 4282 nonnemo
534 4231 690 4293 Spartacum
730 4227 810 4278 llario
838 4230 865 4278 64
891 4229 921 4288 Q.
944 4225 1036 4277 Catulo
1062 4240 1086 4276 a.
1109 4239 1135 4275 u.
1155 4239 1178 4275 6.
1198 4226 1255 4278 663.

165 4305 275 4368 propter
292 4305 424 4368 Capuam,
444 4305 564 4369 Capuam
580 4305 691 4368 propter
730 4302 782 4352 Cir.
803 4301 868 4352 Plui.
887 4304 950 4354 iiior.
970 4302 1010 4350 44.
1031 4301 1064 4352 de
1084 4301 1211 4352 Teutonis
1230 4304 1257 4353 64
