2986 4974
696 399 824 450 llOllATll
843 399 1011 450 cremauit

631 637 995 698 EXGURSUS
1036 640 1079 693 ΙΙ.

754 802 792 848 Aa
809 813 834 846 ν.
855 799 959 848 it-uo.
1021 867 1030 883 Ι

382 939 538 992 Incredibile
561 942 614 998 est,
642 941 707 1001 quot
728 939 894 1001 quantasque
916 935 1009 987 turbas
1028 938 1097 986 totus
1115 937 1158 988 hie
1176 936 1253 987 locus
1271 939 1388 987 excitarit.

316 1031 367 1078 lies
385 1039 449 1076 vero
466 1023 620 1088 simpliciter
638 1023 705 1072 haec
724 1024 776 1072 est:
801 1022 952 1081 Necessitas,
977 1019 1041 1080 dea,
1060 1021 1117 1084 ipsa
1135 1033 1198 1072 cum
1216 1022 1286 1086 apud
1303 1023 1390 1070 liema-
1477 1087 1478 1096 ἵ

315 1125 365 1162 nos
383 1123 436 1160 non
454 1106 596 1168 coleretur,
615 1108 658 1157 hic
671 1109 775 1164 tamen,
795 1117 848 1168 quo
863 1104 967 1154 comitis
980 1105 1109 1154 Fortunae
1121 1107 1201 1168 atque
1213 1105 1321 1168 Atlrpae
1332 1103 1391 1154 illius

318 1195 443 1244 Etruscae
460 1194 550 1257 partes
569 1191 646 1253 digne
665 1191 822 1248 sustineret,
851 1191 931 1238 certis
952 1187 1113 1252 quibusdam
1131 1187 1264 1239 attributis
1282 1188 1391 1238 ornanda
1477 1181 1478 1186 ’

317 1281 382 1338 erat,
401 1280 430 1326 ut
447 1277 525 1339 digna
543 1276 683 1326 exsisteret
700 1274 756 1323 eius
774 1271 1003 1343 προσωποποιῒα.
1040 1275 1185 1337 Propterea
1207 1274 1255 1323 has
1274 1275 1391 1336 imagines
1477 1272 1478 1344 l

315 1360 497 1420 adumbravit,
524 1360 633 1410 secutus
656 1356 698 1407 vel
720 1358 859 1421 proprium
880 1358 1044 1418 φαντασίας
1064 1358 1195 1421 impeturn
1219 1355 1261 1406 vel
1279 1360 1391 1406 vetemur

315 1445 447 1496 artificum
465 1457 560 1509 opera,
580 1442 606 1491 id
624 1440 697 1505 quod
714 1444 819 1492 eertum
836 1440 931 1494 saltem
950 1444 991 1492 est
1008 1443 1034 1491 in
1051 1441 1129 1490 clavis
1146 1439 1195 1491 illis
1207 1441 1352 1501 trabalibus,
1371 1439 1391 1488 in

314 1528 412 1592 quibus
429 1530 519 1578 tamma
537 1526 685 1578 subsistere
703 1539 767 1576 sane
785 1539 838 1576 non
850 1526 963 1589 poterat.
998 1527 1080 1589 Magis
1091 1525 1184 1590 utique
1198 1524 1314 1587 volgatas
1325 1537 1393 1589 prae·

314 1612 379 1662 bore
402 1614 428 1662 ei
447 1613 579 1677 potuisset
599 1611 696 1660 Accius
720 1609 791 1674 apud
810 1610 864 1659 Cic.
884 1609 918 1659 de
935 1611 1005 1660 Orat.
1025 1609 1053 1670 3,
1080 1609 1125 1660 ll:
1153 1610 1319 1659 aamtlaatem
1339 1613 1392 1658 leot

310 1698 492 1761 praefidentes
514 1695 557 1746 tibi
573 1696 716 1757 lleprtmeat
736 1694 836 1742 validae
859 1694 942 1757 iopam
958 1706 1075 1746 nasama
1092 1698 1167 1755 atque
1184 1694 1274 1756 imperi
1291 1693 1393 1744 {mittent

313 1793 380 1831 tneo.
417 1781 487 1838 Quas
505 1778 615 1841 quidem
635 1777 763 1840 imagines
781 1777 831 1828 etsi
848 1776 1007 1827 cumulatius
1027 1775 1138 1827 tortasse
1156 1791 1238 1840 quam
1250 1776 1391 1841 oportebat,

314 1864 459 1926 congessit,
484 1861 511 1910 id
529 1864 619 1911 tamen
636 1862 775 1911 assecutus
794 1863 847 1922 est,
874 1863 903 1910 ut
920 1875 987 1924 quas
1005 1859 1121 1923 elegerat
1138 1861 1179 1911 his
1197 1863 1324 1923 quattuor
1338 1873 1392 1909 ver-

313 1945 403 1999 sieulis
422 1943 646 2008 complecteretur
663 1947 743 2007 atque
761 1945 825 1994 satis
843 1943 992 2007 elegantem
1009 1943 1086 1995 nobis
1097 1947 1260 2009 proponeret
1270 1947 1392 2009 picturam
1479 1969 1481 1996 t

313 2030 457 2096 poetieam.
493 2029 548 2078 lam
572 2029 740 2078 notissimum
763 2030 817 2090 est,
844 2027 878 2078 ab
900 2029 941 2078 his
958 2042 1040 2092 quam
1058 2031 1172 2079 maxime
1191 2029 1313 2081 diversas
1331 2041 1390 2082 esse.

313 2115 396 2164 immo
415 2125 475 2164 esse
493 2111 594 2163 debere
612 2111 744 2162 artificum
763 2125 859 2177 opera:
879 2114 917 2162 sic
933 2127 1024 2162 amara
1041 2116 1109 2163 aeno
1126 2127 1179 2163 non
1191 2114 1276 2176 magis
1290 2111 1392 2177 exprimi
1478 2117 1481 2176 5

312 2199 417 2262 poterat
433 2212 449 2248 a
466 2198 566 2264 pictore
584 2195 627 2246 vel
643 2210 659 2246 a
676 2195 809 2260 sculptore
828 2209 909 2260 qrram
926 2193 960 2246 τὸ
978 2194 1103 2268 χρύσεον
1114 2226 1129 2235 -
1140 2195 1192 2260 τᾶς
1209 2196 1298 2260 Δίκας
1317 2191 1391 2262 ὄμμα
1478 2233 1479 2238 ,

312 2281 449 2345 Sophoclis
471 2281 543 2345 apud
566 2279 690 2331 Welcker
708 2281 804 2330 Griecb.
830 2281 935 2343 Trapdd.
954 2296 980 2346 p.
1002 2282 1057 2331 466.
1101 2283 1184 2332 acres
1206 2283 1298 2333 autem
1321 2282 1391 2330 totius

311 2367 432 2429 picturae
457 2366 667 2428 reprehensores
684 2365 843 2414 exstiterunt
859 2366 958 2415 summi
981 2367 1136 2416 Germaniae
1161 2367 1222 2427 viri,
1248 2367 1357 2428 Lessing
1372 2364 1393 2412 in

313 2450 462 2498 Laocoonte
486 2448 560 2512 [Opp.
580 2447 622 2497 ed.
642 2447 751 2498 Lachm.
770 2449 811 2497 Vl.
831 2462 891 2512 pag.
912 2449 978 2512 ti3.)
998 2452 1025 2499 et
1041 2450 1144 2500 llerder
1165 2451 1220 2513 (fiir
1236 2451 1325 2500 solane
1341 2449 1391 2500 litt.

311 2547 337 2581 a.
357 2532 437 2581 Kanst
458 2533 501 2584 lV.
524 2546 551 2595 p.
571 2527 735 2594 tir-ist),
763 2546 778 2582 a
801 2533 897 2583 blctide
922 2532 964 2583 illa
988 2535 1134 2598 Spenciana
1158 2535 1256 2600 partim
1279 2533 1392 2586 excitati.

313 2617 411 2680 partim
428 2613 595 2679 aliquatenus
613 2616 732 2679 decepti;
751 2629 766 2665 a
785 2615 882 2679 quibus
900 2616 1027 2668 heroibus
1045 2617 1194 2669 conturbati
1213 2631 1254 2668 ac.
1267 2621 1393 2670 transver-

312 2713 373 2750 sum
396 2700 447 2748 aeti
470 2700 635 2750 recentiores
659 2698 775 2749 nonnulli
799 2703 970 2752 Grammatici
994 2702 1065 2752 hunc
1088 2701 1178 2752 locum
1195 2704 1392 2767 interpretantes

314 2782 539 2834 inextricabilibus
562 2787 648 2834 semet
668 2785 718 2848 ipsi
736 2783 934 2836 dillicultatibus
951 2787 1133 2846 irretierunt,
1161 2787 1292 2851 imprimis
1311 2789 1336 2836 in
1353 2797 1393 2834 er-

314 2866 442 2931 plicandis
459 2882 501 2916 vv.
521 2868 626 2918 tl-ht.

618 3234 986 3295 EXCURSUS
1025 3237 1087 3292 ΙΙΙ.

745 3387 784 3434 Aa
800 3399 843 3434 vv.
864 3385 971 3436 at-ai.

382 3503 512 3566 Equidem
530 3505 556 3554 in
575 3517 607 3554 eo
626 3503 774 3566 elaboravi,
798 3509 925 3569 utquam
943 3505 1137 3571 simplicissima
1156 3520 1215 3558 mea
1234 3511 1307 3559 esset
1323 3509 1393 3570 huius

316 3587 367 3638 loci
385 3588 526 3652 expositlo;
546 3601 596 3637 nec
614 3587 760 3652 quidquam
777 3602 848 3638 nunc
865 3589 1025 3641 difficultatis
1042 3592 1068 3642 ln
1080 3605 1112 3640 eo
1124 3591 1212 3642 video.
1247 3591 1295 3642 lilii
1308 3595 1392 3643 contra

316 3671 342 3720 in
360 3670 457 3720 eodem
474 3670 658 3721 incredibilem
675 3674 701 3721 in
714 3673 825 3723 modum
836 3676 991 3725 aestuarunt
1002 3688 1119 3738 eumque
1132 3677 1291 3727 coniecturis
1303 3679 1393 3727 misere

315 3757 494 3816 vexaverunt,
513 3757 543 3803 ut
560 3754 679 3807 Clcrkius
697 3756 731 3806 ad
749 3758 846 3807 Lucan.
863 3771 923 3822 pag.
937 3758 982 3808 53:
1000 3773 1045 3808 nec
1060 3760 1154 3809 socium
1167 3759 1289 3824 abnegat,
1310 3763 1393 3810 literar·

317 3851 364 3900 que
385 3843 485 3888 motata
505 3843 615 3900 pelastes
634 3840 716 3889 Mente
736 3841 804 3902 cet,
830 3855 876 3890 aec
892 3841 1005 3891 emadan
1021 3842 1148 3906 αὺααρααε
1164 3844 1331 3905 Praedilrow,
1357 3853 1394 3890 aec

317 3923 430 3972 eandem
458 3921 568 3986 abnepos
590 3922 767 3973 Doederleinii
797 3923 950 3989 discipulus.
996 3926 1048 3975 Sed
1075 3927 1137 3978 ante
1162 3939 1271 3989 omnes,
1298 3928 1342 3992 qui
1365 3923 1393 3974 de

318 4007 343 4055 h.
357 4004 374 4055 l.
388 4004 502 4069 legatur,
522 4006 617 4068 dignus
632 4008 674 4056 est
690 4005 837 4069 Bentleius,
857 4008 902 4071 qui
920 4008 1131 4070 ingeniosissime
1150 4011 1175 4060 id
1188 4012 1253 4075 egit,
1273 4012 1302 4061 ut
1312 4009 1393 4062 locum

318 4101 370 4139 non
388 4089 456 4139 adeo
472 4091 624 4140 intricatum
643 4090 723 4140 nimia
742 4089 885 4141 subtilitate
906 4090 1071 4144 obscuraret.

385 4171 516 4224 «Difficilis
533 4173 668 4237 quidemr,
688 4175 784 4238 inquit,
811 4175 869 4224 uhic
888 4173 963 4226 locus
980 4176 1132 4240 multosque
1145 4192 1198 4229 non
1210 4191 1306 4242 pamm
1318 4176 1390 4229 torsit.

318 4257 392 4320 Spes,
410 4258 508 4321 inquit,
527 4263 550 4310 et
566 4256 631 4307 tona
647 4259 718 4308 Fides
733 4259 864 4321 satanam
880 4260 938 4310 colit
954 4265 977 4310 ei
994 4261 1142 4312 cornttatar:
1167 4268 1195 4312 at
1209 4263 1298 4326 volptas
1313 4268 1336 4312 et
1351 4270 1394 4308 me·
