2986 4974
487 431 545 482 LlB.
565 433 595 482 11.
632 433 659 482 C.
681 431 743 483 Vlll.

283 588 376 654 liidet
402 587 480 660 lroo,
505 587 650 676 inquam,
675 591 781 654 Venus
805 589 891 676 ipsa,
915 588 1020 654 rident

279 708 447 796 Simplices
474 709 653 798 Nymphae,
677 709 763 776 ierus
788 721 821 776 et
844 708 968 798 Cupido

280 833 416 918 Semper
437 829 588 897 ardentes
611 851 731 897 acuens
760 831 890 919 sagittas

406 953 485 1018 Cote
510 963 652 1018 cruenta.

278 1110 385 1187 Adde,
410 1111 498 1198 quod
522 1109 626 1200 pubes
652 1109 707 1176 tibi
730 1112 847 1178 crescit
868 1115 986 1190 omnis,

277 1232 422 1298 Servitus
445 1232 562 1298 crescit
584 1253 686 1308 nova,
711 1253 772 1298 nec
795 1233 920 1320 priores

276 1355 397 1442 impiae
420 1365 539 1422 tectum
561 1353 711 1422 dominae
734 1355 919 1444 relinquunt

402 1477 508 1564 Saepe
531 1477 649 1542 minati.

174 1666 210 1714 15.
225 1666 337 1715 ardentis
347 1665 411 1714 BSc.

113 1844 154 1880 nus
168 1833 339 1895 ipsofooebit.
373 1833 545 1895 tinguet,
566 1833 627 1884 lit:
669 1837 696 1894 1,
716 1834 761 1884 73;
781 1835 1193 1898 isrottdttiept'du--Conalte

112 1907 178 1955 Pater
192 1908 244 1970 ipse
260 1909 357 1957 colendi
374 1909 449 1958 Haud
463 1909 563 1972 facilem
581 1922 631 1958 esse
666 1911 721 1960 νοοι·
746 1923 759 1958 e
784 1909 943 1972 [ονοίν11ιιοο
970 1912 1043 1975 pride
1071 1914 1192 1976 Aponon

112 1981 172 2030 elem
186 1983 271 2032 velud.
292 1981 386 2034 Tibull.
406 1985 430 2044 1,
449 1983 478 2044 1,
497 1985 541 2034 23:
561 1985 629 2034 Gro-
667 1983 706 2032 lor
722 1989 797 2034 scotta
814 1986 848 2033 ed
863 1999 916 2034 aaa
927 1990 992 2034 cota.
1010 2013 1037 2023 -
1051 1986 1091 2036 Ad
1108 2001 1132 2036 v.
1146 2001 1192 2036 or-

112 2056 144 2104 tio
165 2071 258 2122 moprm
282 2059 353 2108 loct:
380 2060 458 2108 vetuit
478 2065 555 2120 pater
579 2061 631 2122 ipse
667 2059 750 2108 deum
771 2058 818 2108 cir.
843 2061 904 2108 Tac.
923 2061 990 2109 Anu.
1011 2061 1055 2122 15,
1073 2061 1118 2112 tt:
1141 2075 1192 2124 pe-

112 2129 198 2193 uelere,
215 2133 328 2182 Iurasset
345 2135 433 2195 mptde
444 2134 629 2196 quidqrddtae-
666 2133 927 2195 cionem-veterato
946 2133 1059 2184 obituum
1077 2139 1193 2197 asperare·

109 2209 160 2266 plut
170 2220 256 2268 amon·
270 2206 318 2257 uhi
330 2208 426 2258 eadem
437 2210 568 2258 sententia
578 2212 627 2270 est,
666 2219 731 2255 saco
755 2212 779 2255 et
802 2208 829 2256 in
853 2221 997 2256 mucronem
1025 2211 1192 2260 ardescere

113 2291 183 2340 matu
196 2282 329 2345 expressit
341 2283 472 2333 Horatius.
492 2285 534 2332 Sic
546 2284 630 2332 Pseu·
666 2281 744 2330 iussit.
773 2283 863 2330 Amori
875 2283 1017 2352 πορίιινοα
1028 2278 1100 2346 τόξα
1111 2285 1189 2335 nuth.

112 2351 219 2404 dotibull.
243 2355 272 2414 3,
304 2356 332 2415 6,
359 2355 405 2408 ts:
429 2358 547 2420 pertenta
565 2358 630 2406 ridet
667 2353 720 2405 Pal.
740 2357 758 2405 1.
779 2368 804 2418 p.
826 2355 881 2406 131.

112 2435 231 2480 medum
257 2432 374 2493 Iuppiter
399 2437 421 2482 et
444 2437 529 2482 uentos
552 2433 629 2482 irrite
701 2431 865 2495 lismonte]
878 2431 1192 2496 proptervolneraamo-

110 2502 169 2562 terre
184 2505 255 2554 tutet.
275 2505 331 2555 Sed
348 2506 401 2556 iam
414 2507 545 2557 Hesiodus
557 2507 628 2570 apud
666 2505 716 2564 rim
746 2504 773 2554 id
801 2505 873 2568 quod
898 2507 1006 2570 proprie
1033 2509 1190 2571 sagittarum

112 2577 188 2628 schot
198 2578 261 2629 Plat.
272 2579 310 2629 ad
321 2582 414 2644 Symp.
424 2594 450 2645 p.
461 2579 502 2631 is.
513 2581 626 2632 Ruhnk:
667 2582 721 2642 est,
740 2579 832 2630 tribuit
849 2582 902 2631 coti
919 2595 966 2630 eas
978 2585 1096 2643 tenenti,
1117 2587 1144 2633 et
1156 2585 1190 2634 ab

111 2643 152 2700 Ἕκ
173 2651 247 2704 codd
265 2646 358 2725 ὅρκον
382 2650 487 2720 ἔθηκεν
514 2649 628 2706 cinctut-
666 2655 771 2704 Amoris
783 2652 1192 2726 alpurocpdptotgtieleocllle·

110 2723 628 2800 μονὰνθρώκοισιΝοοφιδίωνέργων
665 2728 756 2792 leager
783 2729 870 2795 Epigr.
900 2730 945 2790 50,
975 2731 1000 2780 8.
1024 2731 1050 2780 in
1068 2733 1190 2782 Brunclrii

112 2803 166 2870 aspi
175 2801 320 2876 Κύπριδος
330 2799 629 2873 [Ἀφροδισίων],ᾳιιοᾱ
665 2803 740 2853 iiual.
761 2804 778 2852 l.
797 2817 823 2867 p.
844 2804 899 2866 16.)
924 2805 999 2866 quasi
1024 2810 1188 2856 cruentatae.

111 2886 132 2922 v.
149 2890 179 2926 er
201 2878 281 2942 gloss.
303 2878 424 2929 additum
446 2882 495 2929 est.
525 2879 626 2930 Gallim.
667 2878 719 2928 Cir.
738 2877 942 2929 Winclrelmanu
959 2879 1025 2942 Opp.
1041 2881 1061 2930 Ι.
1073 2895 1134 2944 pag.
1148 2883 1188 2931 tt.

112 2947 152 3012 Ep.
164 2952 206 3013 26,
225 2953 255 3002 3:
276 2945 418 3018 Ὤμοσεν·
437 2947 511 3002 ἀλλὰ
526 2951 628 3019 λέγοιν-
665 2953 719 3004 1111.
737 2967 798 3017 pag.
817 2953 874 3004 199.

112 3036 152 3074 νιν
172 3019 298 3091 ἀληθέα,
323 3023 393 3090 τοὺς
413 3027 445 3078 ἐν
466 3021 548 3098 ipen
563 3021 628 3098 “Op-
699 3028 739 3077 17.
763 3028 841 3090 pubes
866 3027 911 3076 titt
934 3025 1035 3090 messit]
1065 3027 1189 3078 «idcirco

111 3114 173 3164 κους
195 3098 238 3168 μὴ
266 3099 363 3153 δύνειν
386 3095 464 3153 οὔατ’
487 3103 528 3165 εἰς
552 3096 629 3153 uidu-
666 3101 850 3152 tautummodo
873 3102 996 3151 iuventus
1014 3114 1189 3152 succrescere

112 3171 204 3226 νάτων.
227 3179 382 3228 Phuruutus
398 3179 429 3227 N.
443 3179 474 3228 D.
488 3177 535 3228 at:
554 3171 628 3229 οἷκύ-
665 3176 784 3238 videtur,
803 3179 832 3227 ut
844 3175 890 3226 tibi
902 3177 947 3225 uui
958 3178 1059 3228 serviat
1068 3191 1094 3224 :n
1108 3190 1189 3240 mam

111 3265 172 3318 ρους
182 3249 212 3302 δέ
219 3289 226 3314 ,
243 3245 299 3303 οὐκ
311 3252 501 3317 ἐμποινίμονς
512 3246 627 3314 ἔφασαν
665 3253 826 3302 senteutiam
843 3251 871 3300 iu
883 3250 936 3300 duo
948 3250 1072 3300 membra
1084 3249 1190 3322 παράλ-

111 3323 172 3389 τοὺς
187 3321 381 3398 ἀφροδισίους
399 3321 505 3400 ὅρκους
522 3323 604 3379 εἶναι.
664 3324 739 3391 inpia
756 3325 860 3387 dividit,
880 3339 933 3389 quo
949 3325 1047 3376 diutius
1060 3327 1085 3376 iu
1098 3340 1130 3376 ea
1141 3328 1191 3378 iur-

140 3401 176 3451 tt.
193 3403 332 3466 strepitum]
359 3401 413 3451 «ab
438 3404 510 3452 omni
534 3403 626 3454 [raude
665 3413 813 3452 moremur.

111 3472 218 3538 alienae,
248 3477 496 3541 einfoltsuolt»,
528 3479 626 3543 quippe
699 3476 738 3526 18.
765 3473 885 3538 Seruium]
914 3475 1058 3526 eCatervae
1085 3479 1190 3526 amato-

111 3551 262 3610 quaeeolunt
274 3553 472 3614 omaessotequa
483 3554 625 3602 veredam.
664 3563 725 3600 rum
743 3562 852 3613 semper
868 3561 1000 3600 novorum
1022 3552 1047 3600 te
1071 3550 1189 3601 circum-

111 3623 177 3674 ovid.
196 3627 263 3678 Fust.
284 3627 312 3688 t,
332 3627 388 3678 398.
414 3627 554 3691 Nymphae
578 3640 628 3679 au·
665 3625 774 3684 sistunt,
793 3636 845 3674 nec
862 3623 982 3686 priores,
1004 3637 1073 3688 quos
1090 3625 1189 3675 misere

112 3697 173 3758 lem,
198 3702 228 3751 ut
243 3713 342 3764 saepe,
369 3701 481 3752 Veneris
504 3702 625 3752 comites.
665 3697 1191 3762 decepisti,tenuissumtaciunt.»(ser-

114 3797 137 3806 —
158 3773 232 3839 sena]
254 3775 374 3826 venuste
397 3773 531 3839 Meleager
546 3777 624 3828 Anth.
663 3774 729 3822 vitae
752 3774 794 3822 est
814 3773 891 3836 quusi
913 3774 1043 3837 appositio
1060 3786 1085 3822 v.
1103 3773 1187 3835 pultes.

112 3842 159 3894 Pul.
175 3848 194 3896 l.
212 3863 239 3912 p.
257 3849 313 3900 131.
332 3846 522 3920 βροτολοιγὸν
539 3849 629 3915 appel·
666 3846 783 3906 «pubes,
806 3859 875 3909 quae
894 3847 941 3898 tibi
958 3849 1070 3909 crescit,
1092 3847 1189 3900 eadem

111 3913 143 3968 lat
158 3921 322 3985 Cupidinem.
665 3921 712 3972 tibi
730 3923 772 3972 est
788 3923 902 3972 servitus
921 3921 1025 3984 nova»)

141 3993 176 4043 tt.
200 4010 292 4047 omens
313 3997 427 4060 septaes]
451 3999 538 4062 imago
561 3999 589 4048 et
611 4011 626 4047 a
697 3997 737 4046 tt.
757 3997 797 4046 tt.
816 3997 913 4061 minati]
933 3995 1069 4058 Tibulli,
1089 3998 1118 4058 6,
1139 3997 1184 4046 13;

112 4069 189 4126 postis
206 4073 233 4120 et
255 4070 289 4120 uh
307 4071 455 4121 artificibus
472 4084 555 4134 saepe
579 4085 627 4121 en·
663 4072 750 4120 iuraui
768 4071 880 4132 quotiens
895 4071 1035 4120 rediturusne
1051 4071 1085 4118 od
1100 4071 1189 4120 limina

112 4151 205 4200 pressa.
224 4144 395 4195 Philodemus
409 4144 551 4195 iuAnthol.
571 4144 624 4196 Pul.
663 4147 808 4208 nunqemni
842 4145 904 4194 Cum
935 4144 993 4193 tete
1018 4145 1117 4204 imavi,
1146 4157 1189 4205 pes

112 4211 128 4258 l.
142 4227 165 4276 p.
179 4216 238 4267 tta:
254 4212 321 4268 'Ali'
338 4212 394 4286 ἤδη
406 4215 466 4270 θοὰ
482 4216 554 4282 τόξα
565 4221 625 4271 νέοι
664 4225 747 4270 manen
763 4221 815 4282 ipse
830 4221 902 4268 redit.
924 4245 951 4255 —
966 4219 1082 4282 idumeis]
1101 4219 1187 4280 poetis

112 4283 379 4364 θήγονσινἚρωτος.
393 4293 624 4345 PolizianoStauze
664 4294 761 4344 Latinis
774 4293 915 4346 honestum
928 4305 1026 4342 nomen
1038 4290 1109 4341 etde
1121 4290 1190 4341 ado-
