3078 4978
572 446 672 496 tinen.
709 448 807 498 CARM.
829 449 881 499 vit.

527 729 895 806 ,cmm

341 899 425 977 Quo,
450 918 516 986 quo
538 897 666 964 scelesti
689 901 810 966 ruitis?
832 913 886 967 aut
908 925 966 969 eur
989 903 1129 972 dexteris

382 1021 536 1104 Aptantur
558 1039 654 1084 enses
676 1021 823 1086 conditi?

341 1141 500 1204 Parumne
523 1141 646 1226 campis
670 1152 768 1228 atque
791 1144 937 1230 Neptuno
964 1165 1063 1231 super

384 1261 503 1324 Fusnm
526 1269 575 1325 est
596 1260 697 1326 Latini
721 1263 905 1349 sanguinis,
957 1291 958 1296 ¹

340 1381 424 1456 Non,
449 1391 483 1445 ut
506 1379 665 1468 superbas
689 1381 815 1448 invidae
840 1382 1041 1471 Karthaginis
1234 1390 1253 1452 ii

381 1503 542 1567 Romanus
565 1522 658 1568 arces
681 1513 807 1579 ureret,

339 1625 477 1688 intactus
500 1632 554 1688 aut
575 1622 746 1688 Britannus
768 1634 803 1688 ut
827 1621 1042 1692 descenderet

235 1784 288 1833 vii,
309 1784 389 1832 44444.
409 1780 477 1844 voig.
496 1781 534 1831 44
545 1782 670 1832 4444444444
686 1781 727 1832 vel
743 1783 782 1832 444
794 1783 916 1844 poputum
927 1785 1074 1836 4444444444.
1092 1813 1118 1822 -
1136 1789 1221 1838 iiiam

200 1859 267 1908 444444
292 1855 352 1907 44444
375 1857 446 1920 finito
470 1861 498 1906 ut
522 1855 554 1905 ab
579 1856 630 1906 4444
647 1855 708 1906 44444
725 1857 865 1908 abstineant
880 1859 1029 1920 4444444444
1045 1862 1080 1922 Β,
1104 1863 1168 1912 item
1186 1877 1218 1922 4,

200 1933 260 1982 ssd:
279 1937 369 1982 444444.
391 1958 418 1968 -
437 1933 462 1980 44.
480 1930 646 1994 Karthaginis
661 1932 755 1996 scripsi
773 1945 835 1982 oum
853 1933 990 1997 antiquiss.
1010 1935 1038 1984 Β.
1061 1964 1086 1972 -
1118 1937 1142 1986 6.
1160 1949 1220 1988 444-

200 2011 261 2056 terat
277 2005 325 2056 Ed.
345 2006 410 2055 Ven.
431 2004 503 2056 4484.

185 2147 252 2202 4444.
275 2144 375 2195 Referri
392 2143 497 2194 videtur
514 2144 564 2193 hoo
581 2156 691 2194 4444444
727 2143 780 2208 pol.
807 2145 872 2196 5344
901 2147 957 2196 Non
983 2161 1058 2198 anna
1082 2162 1159 2199 44444
1183 2151 1253 2200 mites

167 2220 201 2270 ad
227 2220 328 2270 initium
352 2217 414 2268 belii
440 2218 600 2268 Perusinia
620 2231 646 2268 u.
666 2231 689 2268 4
727 2218 831 2280 aptabat
851 2233 987 2270 444444.-
959 2223 1147 2284 -444444414
1135 2225 1251 2287 «vaginis

166 2295 224 2346 743.
234 2295 301 2344 Vide
313 2293 439 2356 adEpod.
451 2293 491 2342 46
505 2291 691 2356 Diiienhurger
727 2291 846 2343 inclusis
858 2296 953 2344 44444.
969 2295 1038 2358 (post
1049 2295 1179 2360 proelium
1192 2297 1250 2347 Phi-

166 2369 294 2432 scriptum
317 2381 377 2418 esse
396 2369 488 2418 censet
511 2379 535 2416 4.
555 2367 612 2416 ito.
642 2367 690 2417 4444
726 2364 846 2430 lippense
867 2381 891 2417 a.
905 2383 931 2418 u.
946 2383 969 2418 4.
983 2370 1050 2432 tta.)
1073 2398 1101 2408 -
1119 2371 1250 2433 Neptunus

166 2442 285 2492 44444444
306 2441 340 2490 ad
363 2441 465 2491 initium
481 2440 591 2491 secundi
611 2439 687 2502 belii,
726 2439 880 2504 frequenter
903 2456 917 2492 a
943 2444 1029 2506 poetis
1055 2457 1103 2508 pro
1129 2446 1195 2495 mari
1222 2448 1252 2497 et

166 2515 239 2579 quod
261 2516 419 2566 Octavianus
441 2527 504 2564 cnm
521 2516 554 2566 44.
577 2517 689 2566 Antonio
725 2529 774 2580 pro
792 2519 885 2579 quavis
902 2529 969 2582 aqua
987 2519 1102 2582 ponitur.

165 2592 247 2653 gessit
263 2604 287 2639 a.
306 2603 333 2640 u.
353 2603 376 2639 4.
391 2591 447 2640 iti.
467 2589 509 2639 Sic
521 2591 612 2639 autem
624 2604 688 2641 444-
757 2591 781 2640 t.
801 2591 825 2641 6.
851 2591 922 2656 Non]
942 2593 993 2642 «Et
1010 2593 1120 2658 quidem
1137 2607 1190 2645 non
1209 2594 1251 2644 iu-

165 2666 261 2714 tineret
278 2664 349 2714 hand
362 2664 439 2714 nimis
451 2663 582 2714 occultam
595 2677 689 2728 repre·
725 2677 770 2715 sus
788 2667 830 2715 444
847 2667 954 2729 sanguis
971 2666 1026 2728 ille,
1045 2670 1075 2717 ut
1091 2670 1160 2718 cet.»
1193 2667 1251 2718 Noli

165 2739 322 2790 hensionem
343 2739 425 2802 ipsius
445 2739 525 2788 etiam
543 2738 687 2798 Octaviani,
724 2751 806 2790 unam
833 2739 976 2802 periodum
1001 2741 1156 2791 continuare
1181 2754 1198 2789 4
1222 2755 1248 2790 v.

164 2826 246 2877 quam
263 2811 305 2862 iilo
323 2813 444 2876 tempore
465 2813 506 2862 vix
525 2814 688 2862 convenien-
724 2813 796 2862 4-40.
811 2839 839 2848 -
857 2813 965 2876 invidae]
984 2812 1034 2864 Sal.
1049 2815 1105 2864 Cat.
1119 2815 1164 2863 4444
1181 2815 1251 2864 Kar-

164 2891 219 2938 tem
227 2885 269 2937 444
277 2885 439 2950 prudentem
448 2885 592 2936 iudicasset
599 2887 686 2947 potita.
724 2887 924 2948 magnaeanum
962 2887 1053 2949 irnperi
1077 2888 1192 2938 44444444.
1220 2915 1248 2924 -

164 2964 303 3012 Ρ44444444
328 2960 407 3011 totius
429 2960 553 3010 carminis
571 2957 644 3010 coion
661 2959 689 3008 44
723 2973 795 3010 orcas
815 2961 908 3024 4444444]
936 2964 981 3011 «ut
1005 2961 1105 3012 iactum
1126 2963 1167 3012 est
1188 2963 1249 3012 4444

163 3049 252 3086 sermo
271 3035 361 3084 444444
379 3033 443 3098 qnid
461 3032 543 3082 hahet
562 3029 685 3082 44444444.
724 3034 773 3084 hos
791 3033 843 3084 CV.
863 3047 972 3085 annos.»

166 3137 193 3146 -
206 3110 326 3158 Graviter
337 3121 401 3160 suos
413 3110 485 3159 cives
496 3109 616 3172 increpat
627 3118 688 3170 pro-
756 3111 780 3159 7.
799 3109 823 3160 8.
850 3109 971 3174 Intactas]
995 3111 1092 3160 «armis
1110 3109 1247 3170 Romanis,

164 3183 225 3246 pter
241 3195 315 3232 arma
329 3181 413 3232 civilia
431 3182 519 3232 denuo
536 3183 652 3244 sumpta.
723 3183 751 3233 id
768 3186 821 3244 est,
841 3183 960 3234 nondum
977 3184 1171 3247 perdomitus.»
1198 3182 1246 3234 Od.

196 3257 250 3307 4-3.
272 3262 317 3306 aut
333 3257 387 3320 cur]
407 3257 614 3320 Cuninghamius
631 3267 688 3306 ma·
723 3257 752 3318 3,
766 3256 811 3318 44,
831 3259 859 3307 44
896 3258 1023 3308 44444444-
1036 3257 1166 3308 Thannuris
1184 3257 1250 3307 Ara-

162 3329 234 3382 iebat
261 3337 285 3382 st
309 3345 367 3391 444,
395 3331 468 3394 quod
493 3323 566 3381 44444
590 3342 687 3393 prosae
723 3331 788 3381 4444.
818 3359 845 3368 -
873 3332 1034 3396 descenderat]
1061 3332 1115 3382 Cio.
1134 3330 1168 3380 ad
1194 3333 1245 3381 Ati.

162 3405 288 3455 orationis
305 3417 386 3468 quam
410 3403 608 3464 amatissimam
637 3405 688 3454 im·
723 3407 751 3468 4,
772 3407 798 3457 3:
828 3419 886 3456 4444
901 3406 985 3456 Socra
999 3407 1044 3456 444
1060 3406 1246 3467 descenderas,

161 3481 302 3544 petrosam
318 3491 367 3530 suo
388 3480 445 3529 4444
462 3476 586 3544 praetulit
598 3481 686 3542 poeta.
709 3481 846 3531 4444444444
857 3486 892 3530 ast
907 3493 955 3530 444.
970 3507 998 3516 -
1014 3481 1098 3530 «Cum
1110 3492 1125 3528 4
1137 3481 1246 3542 regione

161 3555 245 3604 Nemo
258 3556 348 3604 tamen
360 3552 394 3603 4444
407 3551 610 3616 obtemperavit,
624 3565 687 3602 oum
723 3554 909 3618 amphitheatri
927 3553 1018 3615 Flavii,
1037 3555 1106 3604 inter
1117 3550 1247 3616 tempium

161 3629 254 3677 444444
272 3627 355 3692 Epod.
374 3629 403 3690 ὅ,
425 3627 450 3677 3.
468 3625 590 3690 plerique
608 3639 687 3677 4444-
722 3629 797 3678 Panis
814 3641 846 3678 44
870 3625 1000 3691 tempium
1016 3625 1128 3678 Veneris
1146 3628 1173 3676 44
1195 3627 1248 3676 444-

160 3701 365 3765 444444444444
389 3714 438 3765 pro
461 3705 508 3750 444
532 3701 609 3764 qaid,
637 3701 687 3751 etsi
722 3714 800 3760 4444,
830 3700 875 3751 ubi
901 3714 972 3751 nune
998 3703 1039 3752 est
1064 3698 1193 3764 tempium
1219 3701 1245 3749 S.

162 3774 198 3824 ibi
216 3789 323 3839 qnoque
340 3777 424 3825 oratio
442 3778 484 3826 est
501 3774 639 3825 turbatior.
656 3801 683 3812 -
722 3777 819 3828 Mariae
842 3789 941 3836 novae,
968 3777 1027 3840 quis
1049 3774 1248 3839 ingrediebatur

162 3850 262 3914 44444444]
281 3847 400 3916 ἐναγεῖς.
419 3849 509 3911 Odi,
527 3850 558 3911 4,
577 3849 622 3900 29:
641 3849 687 3900 044
722 3851 831 3901 Sacram
856 3851 941 3910 viam,
971 3849 1066 3900 leniter
1090 3847 1247 3899 descendebat

162 3923 231 3974 444444
250 3929 338 3986 portes
360 3924 438 3974 4444444
453 3925 575 3986 expiandi
599 3924 686 3986 44444-
722 3923 859 3987 usquead
879 3922 1008 3986 tempium
1020 3923 1125 3973 Antonii
1140 3925 1167 3971 et
1179 3922 1247 3972 Fau-

161 3996 217 4048 ter?
239 3998 287 4048 0d.
302 4000 331 4059 4,
356 3998 402 4059 35,
421 3998 462 4048 att.
489 3998 538 4049 od.
558 3999 587 4058 4,
613 3998 641 4056 4,
659 3999 684 4047 t.
721 3998 821 4057 stinae;
844 3996 906 4048 inde
928 3995 1022 4047 leniter
1038 4009 1132 4046 mrsus
1149 4007 1246 4044 44444-

165 4099 191 4109 -
209 4071 342 4136 aptantur]
361 4085 424 4122 «cur
441 4071 519 4136 gladii
536 4072 625 4122 denuo
637 4071 687 4122 de·
722 4071 804 4122 debat
821 4085 907 4136 usque
919 4070 953 4121 ad
965 4083 1058 4120 aruum
1070 4069 1188 4132 Septimii
1200 4069 1245 4118 Se-

163 4147 364 4210 striuguntur‘i»
382 4148 506 4210 Proprie:
528 4148 577 4196 «ita
589 4146 615 4196 in
628 4157 686 4195 ma·
721 4147 786 4196 veri.
806 4147 842 4197 Ex
854 4141 1098 4209 portaTrinmphali
1110 4141 1246 4205 percam-

163 4233 213 4271 nus
231 4222 386 4282 sumuntur,
413 4223 443 4271 ut
465 4220 499 4272 ad
525 4221 592 4271 ictus
618 4219 686 4270 4444-
722 4233 787 4284 purn
804 4221 940 4279 Martium,
959 4216 1116 4277 Velabrum,
1138 4215 1244 4266 circum

164 4293 262 4346 nendos
279 4293 381 4345 habiles
399 4297 476 4344 sint.»
503 4295 604 4345 Seneca
623 4295 687 4358 iiip-
722 4293 867 4343 maximum
889 4294 916 4342 et
937 4304 989 4354 qua
1010 4303 1081 4340 nune
1103 4291 1145 4340 est
1167 4300 1245 4340 arcus
