3014 4978
548 479 607 530 affl.
628 480 668 529 lll.
705 480 734 530 C.
754 479 819 531 xxi.

356 637 509 701 Promere
532 633 732 721 languidiora
755 635 838 701 vina.

269 785 339 849 Non
361 781 429 860 ille,
452 801 648 870 quemquern
679 783 851 851 Socraticis
873 784 981 851 madet

272 902 494 998 Semonibus,
518 913 549 970 te
572 902 722 991 negleget
742 902 911 970 horridus:
1194 907 1230 971 40

312 1025 466 1090 Narratur
487 1032 520 1090 et
540 1023 638 1109 prisci
661 1022 790 1090 Catonis

209 1203 249 1252 40.
268 1201 378 1266 nepiepet
394 1201 461 1261 STc,
479 1197 589 1251 Bentleii
604 1198 741 1264 plerique,
763 1200 861 1252 LCtliJ:
883 1201 990 1266 eopiapit
1006 1202 1108 1270 sopp,
1128 1207 1195 1256 Pott.

177 1281 245 1338 tres,
270 1274 419 1335 Bentleius,
442 1276 476 1326 44.

143 1433 390 1495 m--mnpioroo
404 1431 667 1496 -iuieotePromcraJ
706 1431 751 1494 sii,
770 1433 797 1482 te
815 1429 963 1495 negligam»
982 1433 1011 1483 ut
1028 1433 1134 1498 lippi,
1153 1436 1181 1496 ’4,
1200 1436 1227 1486 2:

142 1509 184 1557 sic
205 1506 381 1571 iungendum,
404 1519 470 1556 non:
500 1506 668 1556 Descende„
704 1506 815 1556 mendas
831 1505 966 1556 maeror.
989 1507 1097 1572 eppe,
1116 1509 1146 1570 Ξ,
1166 1510 1227 1560 ⁴95:

140 1583 272 1641 Ρνοννννο,
291 1582 480 1644 «utpromasn
499 1581 578 1630 llecte
595 1580 668 1630 euim
705 1593 813 1643 sperque
829 1584 875 1630 tou
887 1581 1018 1644 prodicos.

141 1655 254 1705 statuar:
266 1655 308 1703 «st
316 1665 501 1715 prommcum
510 1654 667 1722 imperativo
739 1654 778 1704 44.
798 1653 838 1704 ti.
859 1655 939 1715 prisci
956 1655 1064 1720 Catone]
1084 1656 1228 1708 Censorius

140 1728 266 1779 Desceide
299 1727 422 1789 coniungi
449 1725 577 1777 voluisset
604 1731 668 1792 poe-
705 1725 997 1791 h.l.uuieeaptusest;
1015 1731 1230 1794 namispropter

141 1803 181 1863 ta,
200 1801 274 1852 haud
293 1799 375 1850 dubie
396 1800 548 1863 scripsisset
569 1801 669 1864 horai·
703 1800 795 1851 nescio
810 1812 892 1863 quam
909 1799 1031 1854 teativam
1043 1804 1227 1854 morositatem

142 1877 198 1926 diris
217 1876 317 1936 4444444,
336 1887 390 1924 non
409 1874 571 1936 wopaiiiom
587 1876 666 1937 vinc,
704 1875 784 1936 atqua
810 1872 893 1925 multa
925 1878 952 1926 et
979 1875 1067 1940 lepida
1097 1871 1231 1938 ἀποφθέ-

141 1963 205 2000 eum
216 1962 269 1998 una
280 1946 321 1998 illa
334 1949 412 2008 testa,
426 1960 508 2010 quam
516 1945 666 2012 alloquitur,
703 1962 800 2014 γμανα
816 1961 959 2012 personam
970 1949 1083 2013 gerebat
1093 1952 1165 2016 apud
1176 1953 1230 2003 tto·

140 2022 218 2088 plura
236 2023 297 2072 vina
318 2023 455 2072 continere
475 2023 521 2071 aut
541 2035 666 2087 promere
703 2035 797 2073 manos
824 2024 988 2087 posteriores
1016 2024 1133 2077 mediam
1161 2027 1231 2078 iuter

141 2111 195 2148 nou
215 2097 308 2161 possit.
338 2096 530 2146 strecussnna
543 2096 667 2146 sehabet
703 2097 876 2147 severitatem
894 2099 921 2147 et
931 2099 1030 2148 iocum.
1049 2100 1228 2150 Firmothano

140 2171 210 2236 plur.
228 2182 356 2220 numerus
373 2181 435 2219 cum
452 2182 477 2218 v.
490 2169 586 2219 iubente
604 2183 668 2220 con·
704 2170 907 2235 explicationem
924 2172 990 2235 Epp.
1004 2173 1032 2233 4,
1051 2174 1079 2234 2,
1099 2174 1159 2224 tte:
1182 2188 1229 2224 oo-

141 2247 263 2296 iuuotus:
293 2242 449 2302 Descende,
468 2243 582 2293 Corvino
602 2257 667 2308 pos-
702 2243 947 2305 saboim-priscis
964 2251 1105 2294 commata
1126 2247 1229 2298 044444-

140 2323 219 2369 conte
238 2319 301 2368 vina
318 2315 497 2379 languidiora,
527 2316 605 2380 quale
626 2320 668 2370 est
702 2316 755 2366 itu.
775 2318 860 2377 Quam
875 2317 1229 2370 Horatiauamconsuetudi-

143 2393 228 2453 istuc,
259 2390 333 2455 quod
353 2393 382 2439 tu
401 2391 466 2440 mihi
485 2403 577 2440 servas
597 2393 667 2442 anti·
704 2404 766 2442 uem
783 2393 877 2441 secuta
894 2392 975 2442 etiam
997 2390 1110 2457 Sulpicia
1128 2395 1181 2444 Sat.
1199 2407 1226 2445 v.

140 2466 326 2530 quissimumn
347 2489 375 2498 -
392 2463 570 2527 humidiora]
594 2464 667 2515 bona
703 2463 749 2516 i8:
782 2465 863 2527 preci
889 2467 1011 2516 4444444444
1038 2467 1082 2516 iia
1109 2467 1227 2528 ouante

140 2539 346 2603 significatione,
365 2537 517 2588 «mitiora»
557 2538 595 2588 Ct.
617 2538 664 2590 0d.
703 2541 803 2590 imitata
830 2541 872 2589 ost
896 2540 968 2590 euim
993 2539 1046 2590 Sat.
1070 2542 1098 2602 4,
1122 2543 1153 2604 2,
1177 2541 1226 2592 34ε

141 2614 174 2676 3,
194 2614 239 2674 ts,
258 2612 298 2662 3⁵.
703 2613 824 2664 4444444444
840 2613 885 2662 iia
896 2613 1004 2664 catonis
1024 2613 1078 2666 Cir.
1091 2614 1227 2667 Plutcat

169 2688 192 2738 9.
202 2687 242 2736 444.
261 2685 591 2748 «semotius-sermonibus,
602 2700 667 2751 qua·
704 2688 767 2738 mai.
786 2688 827 2736 25.
841 2685 935 2736 collato
947 2689 1065 2752 Lessing.
1083 2688 1126 2738 ed.
1140 2689 1228 2740 Lach-

139 2761 179 2812 les
190 2761 361 2827 reperiuntur
371 2761 486 2810 maximo
498 2760 571 2825 apud
583 2761 668 2812 Plato-
705 2773 785 2811 manu
801 2761 844 2810 111.
863 2774 890 2825 p.
909 2761 967 2816 tat.
998 2761 1045 2823 (De
1061 2763 1175 2814 Uticensi
1186 2762 1229 2812 alii

139 2849 204 2886 nem
216 2837 243 2884 et
253 2834 458 2897 Xenophontem
470 2834 496 2883 io
508 2835 665 2900 Symposiis,
704 2837 877 2897 acceperuut,
895 2835 957 2897 quia
968 2832 1035 2886 Plut.
1048 2836 1105 2886 Cat.
1119 2835 1183 2886 min.
1197 2835 1226 2885 6:

139 2909 210 2960 adeo
227 2909 325 2969 nudat,
352 2909 457 2971 penitus
478 2907 596 2960 imbutus
615 2911 664 2970 est,
704 2903 883 2979 νροὶὸντι-νῷ
894 2903 991 2977 χρόνῳ
1001 2903 1130 2972 μάλιστα
1141 2921 1229 2979 προσ-

139 2986 170 3034 ut
181 2994 275 3034 eorum
288 2983 407 3046 ipsorum
418 2981 571 3033 lormamac
581 2984 666 3034 totum
703 2983 764 3032 isto
787 2981 892 3040 πίνειν,
927 2973 1002 3030 ὥστε
1033 2977 1173 3044 πολλάκις
1197 2981 1229 3032 ἐν

139 3057 289 3122 genussuis
299 3055 469 3106 sermonibus
480 3056 589 3118 referat,
603 3070 666 3108 cum
704 3053 772 3122 οἴνῳ
789 3050 896 3120 διάγειν
913 3055 954 3116 εἱς
971 3048 1087 3124 ὄρθρον.
1122 3057 1226 3106 Seneca

140 3132 210 3182 iuter
242 3129 343 3181 amicos
377 3132 532 3180 versatur.»
568 3130 666 3182 Plinius
703 3127 892 3193 daTranquill.
906 3130 993 3190 4,45;
1012 3129 1229 3180 Catovinoiaea·

140 3206 206 3268 Epp.
226 3203 255 3265 3,
283 3204 329 3264 ta,
357 3205 390 3252 t:
419 3204 451 3252 sit
475 3206 667 3267 amaricasti
703 3204 746 3254 bot
773 3204 886 3253 animm
911 3203 979 3252 euris
999 3202 1107 3264 publicis
1129 3205 1228 3268 saepo-

136 3291 221 3342 parco
249 3277 377 3341 (coena);
405 3277 542 3328 8444444444
568 3283 667 3330 motem
703 3277 918 3328 tennemonn·
939 3276 1046 3327 ebriam
1066 3277 1162 3328 obiecto
1182 3284 1226 3330 eat.

139 3351 294 3403 emmonim
309 3351 430 3410 alonim
450 3353 549 3402 etenim
567 3354 667 3404 Horatii
703 3353 771 3403 lum
783 3351 863 3414 prisci
880 3349 1011 3414 explicant
1030 3353 1171 3411 «severii,
1197 3354 1228 3403 ut

139 3427 223 3478 verbo
240 3426 267 3476 iu
283 3425 419 3490 proverbii
429 3439 514 3490 prope
525 3429 668 3478 consuatu—
704 3424 796 3478 Catuli.
809 3424 921 3490 Epithal.
936 3426 996 3477 tes.
1007 3425 1086 3488 prisci
1091 3431 1229 3488 praecepto

140 3502 231 3552 dinem
248 3500 386 3550 venerant.
408 3500 512 3550 Malim
527 3501 584 3552 sino
601 3502 668 3552 ima·
698 3501 822 3563 parocia
842 3499 896 3549 Cic.
909 3512 958 3563 pro
976 3498 1066 3550 Caelio
1084 3498 1128 3550 tl:
1147 3512 1230 3550 muare

139 3577 200 3639 gine
218 3575 260 3625 ost
278 3573 465 3624 «abundare».
501 3572 612 3625 itarital.
635 3575 664 3635 t,
703 3580 727 3625 et
745 3573 859 3638 44444444
882 3578 907 3623 et
927 3574 1011 3635 prisce
1036 3585 1119 3636 apere.
1154 3575 1226 3636 virg.

139 3649 186 3710 39,
205 3649 235 3698 3;
254 3648 388 3709 Cecropiae
402 3647 667 3710 madidustotiaapue
704 3649 793 3712 Copae
810 3661 836 3697 v.
860 3646 906 3698 at:
932 3646 970 3696 44
987 3652 1086 3710 pocot,
1110 3650 1152 3697 oui
1172 3653 1229 3698 aaut

139 3724 278 3784 ttioenroe,
291 3722 319 3771 id
328 3723 377 3782 est,
393 3722 563 3786 neutrisque
572 3719 666 3773 litteris
702 3723 787 3784 prisca
809 3721 957 3784 maaria!
991 3721 1056 3784 Sed,
1081 3723 1112 3771 ut
1133 3734 1228 3773 verum

141 3795 255 3847 multum
263 3809 296 3846 ac
304 3808 385 3860 saepe
394 3795 631 3848 versatus.»1dem
641 3797 665 3858 6,
704 3794 799 3855 tatear,
826 3797 856 3844 ut
880 3797 941 3858 apta
970 3794 1077 3845 duobus
1104 3793 1160 3846 aliis
1187 3793 1229 3844 lo-

140 3869 185 3932 ll,
200 3872 230 3920 t:
250 3871 414 3921 cedson
428 3871 508 3920 sotum
518 3871 667 3933 444444444-
704 3871 743 3919 cis
772 3869 878 3919 Catonis
902 3868 1034 3920 Uticensis
1059 3871 1101 3920 esi
1128 3869 1228 3919 mentio

139 3944 341 3995 modumascia.
371 3970 398 3980 -
422 3945 545 4009 neplapet]
577 3947 665 4007 «tum,
705 3943 802 4006 l0d.l,
823 3944 868 4004 42,
887 3941 928 3992 344.
947 3944 975 4002 2,
994 3944 1023 4004 4,
1042 3942 1104 4006 ii),
1123 3943 1229 3993 itaine-

140 4031 205 4071 cum
222 4017 294 4083 apud
310 4031 355 4068 me
373 4019 447 4068 crito
474 4021 563 4083 Longe
580 4020 666 4083 aptius
704 4019 748 4081 pta
774 4018 854 4080 atque
880 4017 1031 4080 importuna
1055 4019 1128 4067 esset
1149 4016 1176 4065 h.
1198 4014 1226 4076 l.,

140 4095 183 4144 est
193 4104 275 4156 quem
286 4105 425 4156 praeseus.
444 4093 487 4142 Sic
496 4092 613 4143 futurum
621 4107 664 4142 vv.
704 4089 750 4140 ubi
760 4091 839 4154 poeta
851 4089 946 4140 leviter
957 4091 1065 4140 iocatur.
1086 4091 1227 4139 Praeterea

139 4167 182 4216 2⁴.
201 4167 229 4215 et
245 4165 286 4216 43.
307 4191 334 4203 -
352 4165 477 4230 humidos]
504 4166 597 4217 «nimis
619 4167 667 4215 444-
704 4161 904 4214 multo‘melius
925 4165 1050 4226 antiquae
1071 4163 1124 4224 iam
1140 4161 1227 4211 famae

141 4239 189 4291 stis
206 4252 238 4289 ao
255 4251 405 4290 morosus.»
433 4237 558 4291 Rosolve:
578 4241 664 4300 «Non,
689 4237 828 4288 ¹conuenit
843 4251 868 4286 v.
887 4242 1021 4298 νανναινν,
1041 4247 1123 4299 qum
1134 4234 1227 4285 Catoni

141 4314 284 4378 propterea
309 4312 382 4376 qu'od
406 4312 519 4364 tortasse
542 4311 666 4364 horridus
704 4311 811 4372 minori,
830 4311 926 4375 poetae
941 4323 973 4359 er
989 4312 1065 4376 parto
1077 4306 1172 4359 saltem
1184 4320 1228 4357 ae-
