3014 4978
704 449 837 503 tiounun
855 451 1025 503 Cluuium!

408 611 572 676 Annorum
594 607 698 676 series
721 615 753 676 et
775 607 849 696 iuga
871 617 1061 695 temporum.

408 733 478 796 Non
500 729 604 796 omnis
626 728 746 795 moriar
768 726 933 814 multaque
955 748 1031 815 pars
1053 728 1116 796 mei

409 850 524 917 Vitabit
545 848 730 916 Libitinam:
753 869 860 936 usque
883 869 944 935 ego
967 857 1099 936 postera

409 973 561 1039 Crescam
584 968 832 1048 laederemus,
858 969 936 1037 dum
958 969 1149 1058 Capitolium

408 1128 547 1198 Seandet
569 1149 643 1197 curu
665 1129 760 1196 tacita
780 1129 904 1217 virgine
925 1129 1076 1218 pontifex.

292 1461 296 1470 .
327 1435 423 1484 raus»,
448 1420 476 1471 id
497 1423 551 1483 est,
583 1419 774 1471 «vehementer
790 1433 853 1472 sae·
887 1421 1051 1484 pitanam»,
1081 1433 1143 1472 cum
1161 1421 1234 1472 euim
1251 1423 1332 1472 lionae
1351 1421 1405 1470 tite

247 1541 259 1564 ,
327 1498 428 1548 viene.»
446 1495 531 1561 Epod.
550 1496 597 1558 46,
613 1496 641 1546 64
656 1508 662 1543 :
680 1495 773 1545 nultius
789 1497 853 1544 cetri
886 1497 993 1544 celerem
1018 1493 1121 1545 civibus
1146 1496 1201 1546 suis
1218 1498 1307 1556 esset,
1335 1509 1404 1546 sacra

328 1599 342 1608 -
355 1569 661 1632 aestuoso-impotentia.
887 1569 992 1634 publiea
1027 1581 1163 1633 nunquam
1192 1572 1351 1620 exstinctum
1377 1571 1402 1618 iri

358 1648 382 1697 b.
397 1647 421 1696 6.
438 1645 720 1710 patronymica.
734 1645 759 1706 4,
774 1643 849 1704 tat:
887 1646 918 1694 iis
947 1655 1107 1707 persuasum
1132 1645 1198 1694 erat.
1228 1643 1403 1715 chtore'po;

325 1721 430 1786 tumaces
441 1747 456 1758 -
467 1721 562 1770 -mtni
584 1749 612 1756 -
629 1722 687 1770 Noa
698 1718 785 1783 onmis]
803 1720 853 1767 Se·
887 1719 915 1768 et
930 1723 960 1769 ut
976 1719 1083 1782 epicum
1093 1719 1202 1781 podiam
1214 1718 1331 1770 decebat
1340 1720 1402 1781 virg.

326 1809 392 1846 neca
404 1795 576 1846 Troadidi:
595 1795 634 1845 Aa
650 1796 850 1856 tulimus-imur,
886 1795 952 1843 Aen.
972 1793 1002 1852 9,
1026 1791 1088 1843 tiu:
1121 1793 1190 1842 Dran
1210 1793 1300 1843 ἀοηιω
1319 1795 1403 1843 lenm

328 1871 448 1932 nauaque
475 1883 538 1932 pore
570 1875 655 1919 mactet
685 1868 793 1919 Nostri?
822 1896 849 1904 -
887 1867 995 1929 Capitoli
1010 1865 1135 1916 iminobile
1151 1880 1246 1917 samm
1263 1869 1404 1920 deocletian-

325 1946 455 2007 multoque
475 1958 540 2006 pers
563 1943 626 2008 md]
661 1943 773 2006 «ingenii
798 1942 851 1993 mei
883 1942 1032 2004 potumque
1053 1945 1129 2003 poter
1153 1942 1283 1992 Romanae
1309 1941 1400 1991 babebit.

326 2021 527 2070 monumenta.»
888 2015 963 2066 ovid.
982 2015 1058 2066 Trist.
1078 2014 1109 2075 3,
1122 2016 1150 2074 ’4,
1164 2017 1192 2065 et
1208 2030 1213 2064 :
1231 2016 1404 2078 Duenpuesitis

359 2094 383 2143 4.
403 2094 427 2145 8.
446 2093 589 2157 libitinam]
609 2092 714 2142 «Venus
729 2091 850 2152 Libitina,
886 2091 982 2140 stettin
1006 2103 1103 2140 omnen
1127 2091 1157 2140 de
1181 2091 1308 2142 montibusa
1331 2091 1403 2140 orbern

325 2165 850 2231 deaiunerumicir.Diouye.llal.i,tli.l
886 2166 1021 2227 Prospiciet
1048 2165 1169 2214 domuum
1193 2167 1401 2220 Martialium,

325 2243 507 2306 metonymice
533 2255 582 2306 pro
606 2243 701 2292 morte.
725 2265 753 2278 -
783 2239 850 2291 Adv.
887 2240 966 2304 tepor.
993 2239 1101 2289 Cassius
1119 2239 1168 2289 Dio
1184 2242 1313 2306 Excerpt.
1330 2241 1401 2290 vatic.

324 2329 402 2376 euque
418 2319 496 2380 iunge
508 2329 571 2366 cum
582 2329 608 2366 v.
621 2329 743 2376 crescam,
763 2327 852 2365 esem·
886 2327 913 2378 p.
933 2314 997 2365 tei:
1027 2309 1171 2380 Σιβύλλης
1187 2312 1325 2383 χρησμὸς
1340 2310 1403 2374 tesi·

324 2402 375 2453 per
392 2403 546 2440 crescemnz
564 2403 632 2440 non:
651 2403 729 2451 osque
747 2402 849 2448 recens,
887 2402 974 2438 σκετο
985 2384 1165 2438 Καπιτώλιον
1177 2387 1340 2450 κεφάλαιον
1349 2383 1403 2438 ἔσε-

325 2475 378 2526 qua
404 2464 595 2526 significatione
622 2475 701 2523 eoque
720 2464 851 2513 1101141111-
887 2462 959 2513 odat
983 2461 1036 2528 τῆς
1060 2464 1235 2528 οἰκουμένης
1261 2466 1346 2536 μέχρι
1360 2460 1403 2528 τῆς

325 2537 394 2599 gitur
419 2537 469 2586 nisi
496 2549 558 2586 cum
575 2536 683 2596 verbie3
710 2550 761 2586 nec
786 2551 851 2587 vero
887 2534 937 2588 τοῦ
959 2533 1076 2604 κόσμου
1095 2533 1294 2603 καταλύσεως.
1324 2541 1400 2604 (Cete-

324 2623 403 2671 stsqae
420 2613 480 2661 dum
490 2612 604 2672 scandet,
623 2623 692 2674 quae
704 2612 772 2660 ratio
784 2611 852 2661 leret
868 2613 870 2634 ¹
887 2625 947 2662 rum
972 2610 1015 2662 illa
1040 2612 1111 2662 Urbis
1130 2617 1252 2664 actemoe
1269 2627 1318 2678 pro
1334 2615 1400 2662 liunt

325 2685 458 2750 pedestris
468 2685 638 2736 orationis.-
645 2685 849 2750 postero-luade]
887 2687 1066 2736 denominatio
1090 2685 1228 2737 dumtaxat
1253 2687 1324 2752 apud
1346 2691 1402 2751 po'e'-

327 2761 354 2810 in
372 2771 451 2823 prosa
464 2772 503 2808 or.
524 2761 721 2823 «posterorum,
739 2761 852 2823 posteri·
887 2761 927 2809 ios
952 2759 1063 2823 reperiri
1086 2759 1192 2810 videtur
1216 2761 1320 2824 (Tibull.
1338 2762 1366 2822 4,
1380 2761 1400 2818 t,

323 2835 411 2884 tetis.»
432 2860 459 2871 —
480 2833 608 2898 crescam]
629 2833 728 2896 umagis
751 2835 851 2898 magis·
886 2833 952 2896 434,
972 2836 1028 2884 tum
1041 2835 1333 2898 exstetinpcstericris
1344 2839 1402 2884 tem-

325 2921 379 2972 que
391 2909 538 2972 agnoscent
555 2907 658 2958 laturae
676 2911 778 2959 aetates
795 2907 852 2958 lau·
886 2909 959 2972 poris
968 2909 1084 2958 nummis
1094 2910 1174 2972 atque
1186 2908 1401 2975 inscriptionibus,

324 2982 374 3034 des
391 2995 467 3033 meas
488 2983 608 3047 poeticos
631 2994 730 3045 meque
748 2984 849 3033 honore
886 2984 916 3032 ut
940 2985 966 3032 in
994 2995 1025 3032 ea
1050 2995 1132 3046 quem
1157 2982 1220 3033 dedi
1247 2983 1306 3034 Vol.
1323 2983 1352 3034 ll.
1376 2982 1400 3030 44.

323 3059 547 3122 persequentur.»
582 3058 661 3120 Prcp.
688 3056 718 3118 ³,
746 3058 773 3116 4,
802 3057 848 3107 33:
887 3057 1329 3110 369⁴:rrn1.rona.arrmmr.
1356 3055 1400 3106 cti.

323 3132 375 3182 Nec
399 3145 450 3181 ooo
473 3131 515 3180 ille
539 3129 576 3179 iai
600 3141 674 3180 cotue
697 3137 851 3182 menwrator
887 3131 976 3182 Osann
1005 3132 1032 3180 in
1058 3132 1270 3183 Zimmermeuni
1297 3130 1400 3184 Zeiteclr·
1490 3143 1491 3148 ¹

322 3205 445 3256 uomens
474 3205 620 3256 eoadem
644 3217 718 3254 mom
742 3219 851 3256 mercem
889 3205 961 3256 4834.
980 3219 1006 3270 p.
1026 3204 1094 3267 404.)

324 3281 401 3330 sensu
424 3293 494 3342 opus.
524 3305 551 3316 -
578 3278 677 3342 recens]
697 3293 850 3343 «nunquam
920 3280 944 3329 9.
967 3278 1089 3343 manat]
1109 3279 1192 3329 Varro
1204 3280 1232 3330 L.
1247 3282 1277 3331 1..
1291 3282 1316 3342 5,
1329 3280 1365 3331 it.
1376 3287 1399 3340 p.

323 3352 474 3417 neglectus,
493 3355 555 3418 quia
567 3354 696 3404 memorie
709 3367 769 3404 mea
781 3367 852 3404 sem-
888 3353 928 3402 49.
941 3350 1030 3403 uuit:
1050 3357 1126 3414 ceput
1142 3353 1240 3404 Sacrae
1255 3355 1329 3415 vioe,
1346 3361 1402 3414 cett

324 3441 374 3490 per
390 3441 476 3478 recena
491 3431 572 3491 atque
590 3426 738 3478 indelebilis
756 3441 851 3478 mane·
884 3427 992 3489 pertinet
1002 3425 1135 3488 indreern,
1148 3429 1401 3489 eumaeumque
1489 3461 1490 3472 .

322 3499 849 3566 bit.»-cmnc‹1pmttum]artissime
887 3501 1010 3552 menubue
1026 3499 1133 3564 (idibus)
1148 3502 1399 3564 senatoriam·
1489 3495 1490 3518 ¹

324 3575 393 3626 haec
415 3578 559 3640 iunguntur
581 3589 644 3628 cum
663 3577 851 3642 praecedeuti·
889 3602 917 3611 -
934 3575 1014 3626 tacite
1028 3575 1136 3640 Vispine]
1155 3575 1402 3628 «Vestalibusvene-

325 3647 392 3699 bus:
421 3663 660 3713 toque--receita3
680 3665 768 3716 neque
785 3665 850 3702 vero
887 3648 1008 3700 rabunde
1032 3662 1064 3700 ac
1094 3652 1172 3700 tacite
1198 3649 1399 3702 incedentibus·

325 3735 389 3774 cum
414 3726 515 3776 receuti
540 3727 686 3789 interprete
709 3727 745 3776 ita
767 3725 852 3776 disse-
886 3723 1401 3787 ipsseenimeilentiumservabaut,cum

325 3798 381 3846 can'
398 3796 440 3847 vel
458 3799 545 3863 potius
562 3797 702 3850 dilacerari
718 3803 847 3862 possunt:
887 3799 1003 3860 hymnos
1021 3800 1159 3849 cantarent
1175 3800 1249 3850 chori
1267 3806 1401 3865 puerorum
1488 3825 1489 3828 =

323 3883 409 3920 recens
417 3884 426 3930 ,·
444 3872 504 3922 dom
516 3871 667 3934 Capitolium
677 3898 692 3910 -
703 3899 717 3909 -
724 3874 849 3937 pontifea,
887 3871 1090 3937 puellarumque
1100 3874 1277 3938 patrimorum
1286 3877 1313 3923 et
1322 3869 1402 3921 matri·

324 3945 406 3996 Dicor
422 3947 474 3996 cet.
504 3971 531 3982 -
560 3944 708 4005 «Quamdiu
733 3947 851 4010 pontifex
887 3959 1002 3998 morum.
1032 3945 1399 3998 Neeverocumncnneuriut

325 4020 458 4070 maximus
479 4031 541 4069 cum
566 4019 722 4082 pontificum
740 4019 851 4086 collegio
887 4023 991 4073 mettum
1005 4022 1177 4086 uirginitatem
1193 4023 1267 4072 Statii
1284 4019 1362 4072 Theb.
1378 4018 1398 4075 4,

325 4097 353 4145 et
368 4093 514 4158 virginibus
531 4091 682 4144 Vestalibus
699 4093 851 4159 religiosum
888 4096 945 4146 232.
964 4096 1018 4146 huc
1035 4097 1134 4148 trabas.
1154 4094 1298 4147 Vestalium
1317 4091 1401 4154 imagi-

326 4167 460 4220 eilentium
482 4166 635 4218 tenentibus
659 4167 755 4220 diebus
777 4165 851 4220 testie
889 4183 938 4224 nes
961 4169 1024 4220 vide
1060 4171 1087 4220 in
1113 4169 1191 4222 44444411
1217 4169 1275 4220 coi.
1300 4182 1334 4217 m.
1358 4165 1397 4217 49,
1487 4149 1488 4172 ¹

326 4244 353 4294 in
369 4243 466 4294 aedem
484 4243 552 4294 lovis
570 4241 708 4308 Capitolini
730 4243 852 4296 sollemni
889 4245 946 4296 332.
965 4244 1085 4294 Gerherd
1103 4249 1156 4294 oet.
1176 4243 1265 4294 liiidw.
1279 4243 1307 4292 Τ.
1320 4237 1397 4291 ffli-

326 4317 576 4383 pompaeeceadet;
595 4318 647 4368 hoc
659 4320 713 4380 est,
728 4319 770 4367 «in
782 4331 853 4370 eem-
891 4345 919 4355 -
934 4315 1062 4382 pontifex]
1088 4317 1241 4370 Pontificem
1264 4315 1397 4368 maximum
