3078 4978
635 487 638 493 ,
704 437 833 490 llOllAl'll
850 436 977 491 EPODON

520 593 635 659 Terras
658 602 690 659 ct
711 593 886 660 humanum
908 613 1030 682 genus,

474 712 558 793 Quid
582 713 641 780 iste
663 713 724 780 lert
745 713 924 781 turnultus?
946 725 1000 782 aut
1021 714 1100 803 quid
1122 717 1265 784 omnium

518 832 625 900 Voltus
649 834 679 898 in
702 855 802 900 unum
824 855 876 902 me
898 837 1034 902 truces?

473 955 535 1020 Por
558 952 678 1021 liberos
701 965 747 1032 tc,
772 954 799 1021 si
822 967 935 1024 vocata
959 957 1114 1044 partubus

515 1075 636 1142 Lucina
658 1076 745 1142 veris
767 1075 873 1154 affirit,

475 1199 537 1264 Per
559 1196 620 1263 hoc
643 1198 738 1264 inane
760 1218 925 1285 purpurae
949 1198 1050 1266 decus
1073 1219 1203 1287 precor,

518 1320 581 1384 Per
602 1317 857 1406 improbaturum
879 1320 961 1406 haec
983 1321 1108 1398 lovem,

473 1438 559 1520 Quid
583 1449 618 1506 ut
640 1459 780 1506 noverca
802 1461 855 1508 me
877 1441 1012 1508 intueris
1034 1451 1089 1510 aut
1115 1443 1159 1508 uti

370 1620 395 1670 3.
414 1624 460 1670 cat
476 1620 536 1682 quid
553 1617 626 1679 BSd‚
645 1617 761 1680 oberlini
780 1619 816 1678 B,
843 1619 963 1670 Potllerii
980 1621 1010 1680 4,
1028 1620 1058 1681 3,
1077 1621 1125 1682 44,
1143 1620 1205 1682 22,
1231 1621 1357 1674 Aldinae:

337 1699 360 1744 cl
377 1694 438 1756 pata
454 1692 505 1752 bc,
524 1691 616 1744 Bland.
635 1695 775 1756 quattuor,
794 1695 861 1754 LCt,
880 1691 1029 1754 Bentlaius,
1047 1694 1114 1745 Flll.

304 1856 367 1893 man
389 1855 442 1892 nno
464 1855 510 1892 ore
532 1842 666 1892 affirmant
691 1841 829 1892 Canidiam
866 1841 950 1893 codd.
970 1843 1051 1894 etiam
1068 1843 1166 1893 Horatii
1183 1842 1390 1906 multhrridaatd

304 1917 449 1968 hancverc
467 1917 574 1966 nomine
592 1915 672 1966 inissa
684 1917 828 1967 Gratidiam
864 1917 988 1981 --rapiu
1007 1916 1061 1968 Sed
1076 1921 1150 1969 recte
1162 1917 1312 1970 Bentleius:
1334 1922 1390 1972 «lte

304 1988 503 2056 Neapolitanam
519 1991 724 2052 unguentariam
743 1991 767 2053 (i
779 1989 827 2040 clr.
863 1991 901 2054 pit
917 1990 952 2040 ab
970 1991 1077 2042 lioratio
1093 1991 1245 2056 prolectam
1262 1996 1313 2044 est.
1332 1995 1388 2044 Non

304 2079 347 2115 vv.
361 2065 402 2114 449.
416 2065 466 2126 644.)
485 2068 512 2116 et
530 2064 690 2126 veneficam,
710 2064 829 2114 occulito
865 2064 937 2115 enim
960 2077 1028 2129 puer
1051 2065 1092 2116 illa
1111 2066 1177 2117 deos
1194 2067 1238 2118 hic
1255 2071 1388 2132 precatur,

304 2140 343 2190 sic
360 2139 411 2190 ioci
422 2139 503 2201 gratia
516 2137 686 2202 appellatam.
701 2165 729 2175 -
756 2139 829 2200 (iilic
864 2137 914 2189 sod
932 2139 1069 2190 Canidiam
1086 2143 1114 2190 at
1129 2142 1218 2192 socias
1234 2140 1391 2207 alloquitur,

305 2213 407 2277 epodus
426 2214 538 2263 chorum
561 2212 635 2264 ducit
654 2225 747 2263 eorum
771 2225 830 2262 car·
864 2225 952 2276 neque
969 2227 1034 2264 varo
1052 2214 1184 2264 invocatio
1203 2215 1319 2266 deorum
1336 2221 1391 2274 est,

305 2286 421 2346 minum,
454 2289 480 2336 in
510 2287 607 2351 quibus
636 2287 743 2338 Canidia
772 2287 828 2338 siva
864 2286 913 2338 sad
939 2286 1097 2338 exclamatio
1122 2287 1276 2350 dumtaxat,
1304 2289 1389 2354 qualia

304 2361 420 2410 Gratidio
441 2361 575 2412 diffamata
596 2364 647 2412 est.
682 2361 736 2412 Cir.
755 2363 831 2411 Butt-
866 2361 1031 2423 isladiltoni,
1046 2363 1229 2426 proluppttcr,
1246 2363 1389 2414 &naam

304 2447 386 2483 mann
407 2432 515 2496 Mythol.
534 2437 554 2484 l.
573 2449 599 2499 p.
618 2435 693 2486 3³2.»
721 2437 828 2485 Fuluus.
863 2437 1024 2500 ttdcmcat.»
1053 2437 1099 2488 Est
1118 2436 1293 2502 simpliciter:
1317 2439 1393 2490 «odi

304 2508 398 2558 Eidem
415 2508 529 2570 scriptus
546 2509 652 2558 videtur
667 2523 691 2558 a.
712 2510 769 2558 747.
787 2506 830 2559 val
866 2509 1010 2571 caelestes,
1032 2513 1152 2562 rectores
1171 2515 1306 2564 terrarum
1324 2517 1391 2565 cat.-

304 2583 376 2642 748..
396 2573 565 2632 Grot'elendio
582 2595 606 2632 a.
626 2581 683 2632 itt.
898 2584 954 2634 3-5.
971 2583 1029 2648 sart]
1048 2587 1125 2635 «novi
1142 2584 1232 2646 affert,
1253 2586 1307 2636 sihi
1323 2586 1393 2644 volt;

339 2659 362 2705 4.
380 2655 420 2719 At]
439 2655 494 2705 lloc
511 2653 570 2706 loco
588 2661 616 2706 ot
632 2653 770 2706 abundare
789 2655 831 2706 di·
867 2659 1045 2722 quorsumsio
1057 2658 1295 2711 tummtuaminir»
1309 2667 1392 2712 -aut

305 2731 341 2779 cit
358 2730 483 2779 Priscian.
503 2731 549 2790 il,
568 2731 624 2790 23„
651 2729 686 2780 ad
707 2731 830 2780 ornatum
866 2733 933 2798 quad]
957 2734 1029 2784 llaec
1046 2732 1125 2784 lectio
1145 2735 1390 2798 antiquissimorum

303 2802 391 2855 solum
416 2805 550 2868 pertinere
576 2805 683 2856 Servius
704 2803 739 2854 ad
763 2806 828 2855 Aen.
866 2807 950 2859 Codd.
968 2807 1007 2858 BS
1028 2809 1184 2859 auctoritate
1202 2809 1309 2860 firmata
1335 2823 1392 2861 me-

304 2880 333 2940 7,
352 2878 409 2928 363.
428 2880 543 2940 Varum,
565 2878 610 2929 ubi
628 2884 656 2929 at
672 2879 712 2930 sic
728 2879 831 2929 orditur
865 2881 916 2932 lius
939 2882 1062 2944 exprimit
1083 2881 1220 2934 turbatum
1242 2885 1319 2948 pueri
1338 2885 1394 2934 ani

304 2954 464 3014 mationem,
495 2953 619 3017 exprimit
646 2954 727 3004 animi
754 2966 830 3004 com·
868 2968 943 3014 mum
955 2967 1037 3020 quam
1048 2954 1131 3007 altera
1143 2961 1167 3008 at
1178 2959 1247 3019 quid.
1266 2959 1311 3008 Sic
1322 2971 1394 3022 pron

304 3029 369 3077 moti
395 3027 526 3092 impetum
551 3041 584 3078 ac
609 3028 828 3092 trepidationem,
868 3042 914 3080 sus
931 3029 1016 3093 Epod.
1038 3031 1066 3090 7,
1094 3031 1133 3092 l.,
1161 3030 1208 3081 ubi
1232 3032 1291 3083 sine
1314 3044 1393 3084 causa

304 3115 367 3153 cum
384 3104 429 3166 qui
449 3101 565 3166 loquitur
581 3115 611 3154 so
629 3102 718 3155 subito
737 3104 762 3153 in
779 3101 830 3154 alio
868 3103 1076 3167 Cuninghamius
1088 3103 1170 3156 voluit
1185 3110 1210 3156 ct
1224 3119 1280 3156 carr.
1296 3133 1327 3144 -
1339 3113 1394 3158 taxa-

304 3190 386 3241 quam
412 3179 491 3228 antea
516 3179 586 3227 statu
609 3176 768 3228 collocatum
789 3178 831 3227 ri·
866 3177 920 3242 car]
940 3180 1080 3242 «quatuor
1095 3191 1221 3242 sagenam
1237 3178 1326 3232 uoltus
1345 3181 1394 3232 mi·

304 3253 359 3311 dat,
378 3254 458 3314 atqua
476 3250 597 3302 dolorem
615 3253 643 3302 et
658 3253 726 3302 imm
749 3251 831 3314 signi-
868 3254 985 3303 nitantur
1009 3253 1035 3302 in
1060 3265 1105 3304 mc
1131 3255 1282 3304 conversi.»
1311 3281 1339 3292 -
1363 3253 1392 3318 te]

304 3325 374 3376 licat.
410 3325 462 3375 Cir.
487 3325 563 3375 liaud
586 3323 696 3376 Tursell.
721 3325 741 3374 l.
769 3337 828 3388 pag.
867 3329 922 3376 iam
939 3325 973 3376 ad
991 3326 1142 3388 Canidiam,
1170 3338 1297 3390 sagarum
1319 3330 1393 3394 prin-

304 3400 362 3451 449.
376 3399 471 3451 atili.
498 3401 541 3450 Sic
555 3401 635 3451 etiam
650 3400 752 3450 Graeci.
766 3401 832 3462 Tyr·
867 3403 970 3465 cipem,
989 3413 1051 3451 sese
1068 3399 1181 3452 confert.

305 3479 381 3527 meus
398 3476 422 3526 8.
442 3476 639 3526 Schneidewin:
659 3471 727 3526 Ἀλλ’
745 3469 831 3544 Ἡρα-
900 3476 988 3525 6-44).
1015 3474 1128 3538 Lunna]
1147 3473 1200 3526 Cir.
1225 3475 1315 3526 Carni.
1337 3488 1390 3526 sac.

303 3547 394 3615 κλῆος
416 3546 471 3620 γὰρ
492 3545 633 3615 ἀνικήτου
655 3551 738 3616 γένος
754 3547 829 3600 ἐστέ.
868 3551 907 3600 tt.
937 3549 1049 3612 Egregie
1069 3549 1171 3600 iocatur
1188 3550 1215 3598 in
1232 3562 1262 3600 ra
1280 3551 1392 3602 anonis-

304 3624 435 3686 Theognis
451 3624 515 3675 ait:
539 3620 635 3686 Ἀλλά,
660 3622 729 3684 Ζεῦ,
752 3621 831 3673 rata-
867 3624 935 3675 sima
951 3622 1043 3674 verbis
1060 3622 1192 3687 ambiguis
1216 3636 1297 3684 usus,
1325 3637 1391 3688 qnae

304 3695 360 3748 oda
386 3691 600 3764 μοι--εῠχηίιΙ
632 3725 660 3736 -
692 3698 830 3763 quidquid]
867 3698 894 3749 in
913 3697 984 3748 anxii
1006 3697 1084 3760 pueri
1106 3710 1153 3748 ore
1175 3697 1392 3749 innocentissima

304 3770 378 3823 Ouid.
398 3772 459 3820 liat.
479 3773 524 3833 io,
544 3774 590 3826 ta:
618 3774 739 3836 quidquid
760 3787 831 3823 mor-
866 3771 1003 3822 ridentur:
1034 3772 1071 3822 esi
1092 3785 1189 3836 reapse
1212 3772 1312 3822 Lucina
1335 3775 1392 3822 tuos

304 3846 354 3896 iola
375 3857 501 3894 aconem.
538 3846 601 3895 lior.
622 3848 677 3896 sat.
699 3849 727 3907 4,
751 3847 780 3908 6,
800 3848 828 3897 t:
867 3850 960 3912 partus
981 3847 1059 3908 iuvit,
1086 3848 1117 3896 ut
1135 3845 1230 3912 procul
1251 3845 1335 3897 dnbio
1354 3847 1393 3896 iu·

303 3921 432 3982 ladonam
454 3919 576 3980 quidquid
591 3919 711 3968 Caroeam
725 3921 840 3970 Incaluit·
868 3923 936 3980 vitm
963 3933 996 3972 ax
1020 3921 1117 3985 poene
1142 3933 1225 3972 sensu
1245 3920 1393 3972 mordacis-

302 3997 372 4061 paea.
406 3993 493 4044 Etiam
510 3993 536 4042 in
553 3993 672 4057 pedestri
682 4006 721 4043 or.
735 3993 790 4044 Lir.
803 3997 828 4054 a,
867 3996 933 4046 sima
955 3995 1032 4046 aunt:
1059 3994 1098 4045 «si
1118 4007 1238 4058 unquam
1257 4007 1324 4046 vera
1345 4007 1393 4059 pe-

304 4072 333 4120 a:
356 4068 478 4132 camald
494 4068 726 4119 deoram--aaaaa
741 4068 786 4131 23,
804 4070 828 4120 9.
868 4071 997 4135 peristi;»
1025 4081 1079 4132 qno
1105 4069 1163 4133 ipso
1187 4069 1318 4133 significat
1342 4069 1392 4120 Ca·

304 4145 417 4196 turonas
438 4157 487 4206 per
503 4142 626 4206 namquid
652 4142 756 4192 morian
784 4149 827 4194 ast.
867 4143 967 4194 nidiam
983 4141 1129 4194 falsossihi
1146 4143 1322 4208 supposuisse
1333 4155 1392 4207 per·

305 4217 448 4270 Diomedes
463 4232 491 4283 p.
510 4217 566 4268 aar.
586 4218 614 4267 et
634 4216 784 4268 Priscianus
800 4231 828 4281 p.
867 4221 918 4270 tus.
950 4217 1012 4280 (Cir.
1035 4217 1122 4282 Epod.
1142 4218 1187 4278 47,
1211 4217 1263 4281 ao.)
1282 4241 1312 4254 -
1326 4229 1391 4280 pur·

269 4303 274 4308 -
305 4291 378 4340 litii.
400 4293 427 4342 Ρ.
450 4289 550 4343 habent
576 4290 828 4356 calmum-raaia,
861 4305 946 4354 paroc
973 4290 1061 4356 deoru]
1091 4293 1180 4356 togam
1210 4294 1389 4355 praetextam,
