2986 4974
291 431 353 497 236
677 433 805 482 nouam
824 433 992 484 crnuruuu

462 589 567 658 Crede
590 611 653 656 non
676 589 765 656 illam
784 590 839 656 tibi
863 590 903 656 de
927 589 1064 656 scelesta

460 711 559 779 Plebe
582 711 746 788 dilectam,
774 733 882 800 neque
905 712 951 778 sic
974 710 1117 787 fidelem,

461 835 513 900 Sic
535 834 625 900 luero
648 854 796 900 aversam
817 833 961 920 potuisse
988 834 1075 900 nasci

588 957 688 1022 Matre
710 954 872 1042 pudenda.

458 1115 649 1185 brachiaet
673 1115 792 1182 voltum
814 1125 999 1201 teretesque
1022 1137 1115 1182 suras

466 1239 595 1325 Integer
615 1235 728 1315 laud03
752 1235 825 1324 luge
848 1237 1019 1323 suspicari,

461 1358 560 1427 Cuius
583 1368 732 1426 octavum
753 1356 926 1444 trepidavit
949 1367 1038 1424 aetas

588 1479 747 1549 Claudere
768 1478 912 1546 lustrum.

274 1685 280 1698 '
359 1683 397 1733 48.
417 1683 536 1732 delectam
552 1681 624 1740 T‚Ct.
640 1681 700 1744 (non
717 1678 830 1742 obsco.)
845 1705 872 1714 -
893 1677 932 1728 49.
946 1678 1107 1728 aduersumd
1119 1679 1200 1729 etalii
1217 1679 1337 1732 nonnulli.

324 1758 389 1808 Vide
401 1758 464 1807 lani.
480 1784 507 1792 -
519 1757 560 1806 hl.
573 1755 733 1816 orsusquen
744 1755 771 1804 et
781 1766 822 1818 pr.
837 1753 865 1803 T.
878 1779 905 1790 -
918 1752 959 1804 hl.
974 1754 1084 1804 Condere
1094 1752 1204 1804 Bentleii
1216 1755 1337 1819 suspicio.

293 1931 391 1994 χεῦεν·
422 1931 475 1998 Οἴη
503 1930 526 1983 δ’
552 1927 688 1994 ἀφνειοῖο
712 1929 816 1983 duetv-
852 1931 911 1982 lidie
934 1931 1048 1984 sormam
1070 1932 1173 1994 laudat,
1199 1934 1273 1982 extra
1296 1933 1371 2003 εἰρω-

293 2009 400 2059 σθεΐσα
416 2005 522 2074 δόμοιο
533 2004 641 2073 Αηῐάς,
659 1999 698 2074 ἢν
707 2021 739 2056 τε
749 2007 816 2058 νέον
852 2007 931 2056 velow
954 2005 1039 2070 posita
1060 2010 1138 2071 puto;
1164 2021 1228 2058 nam
1249 2009 1320 2058 omni
1334 2006 1372 2056 le·

291 2078 403 2154 πάτρης
419 2077 616 2145 ἀπενόσφισεν
629 2079 770 2133 αῖσακτλ.
787 2110 813 2118 -
852 2094 917 2146 pore
947 2095 979 2131 ac
1004 2084 1142 2133 venustate
1171 2081 1299 2146 spoliatur
1323 2083 1372 2132 hoc

290 2161 393 2209 Panum
414 2162 504 2212 autem
524 2159 605 2220 iniqui
626 2161 688 2210 sunt
706 2170 815 2223 operum
853 2149 992 2226 ᾧδάριον,
1019 2155 1065 2206 uhi
1086 2169 1140 2206 uon
1158 2155 1246 2207 solum
1263 2159 1372 2206 astutam

290 2235 405 2299 propitii,
425 2236 552 2298 quoniam
563 2235 678 2298 patrium
690 2231 816 2296 Phyllidis
854 2233 881 2282 et
897 2229 1053 2294 quaesticuli
1070 2231 1208 2295 cupidam,
1231 2231 1280 2282 sed
1298 2233 1372 2282 etiam

292 2323 406 2373 reguum
425 2311 502 2359 uitari
517 2308 684 2360 noluerunt.»
854 2305 1003 2356 deformem
1032 2305 1180 2369 Phyllidem
1208 2305 1255 2356 tibi
1283 2307 1371 2368 fingas.

325 2385 366 2433 47.
390 2384 524 2434 scelestum
544 2387 623 2434 vocat
646 2381 755 2447 plebem
774 2381 817 2432 in·
856 2407 883 2416 -
899 2385 1034 2442 teretesque
1047 2381 1258 2445 surusJLactant.
1270 2381 1304 2431 de
1316 2381 1373 2444 Opi-

292 2458 384 2508 llmam
399 2460 543 2522 propterea
554 2457 627 2521 quod
638 2456 672 2507 ab
685 2456 816 2507 eiusmodi
853 2455 913 2505 flcio
932 2454 975 2505 dei
992 2457 1021 2504 5:
1042 2469 1116 2505 surus
1132 2457 1263 2506 eminenter
1279 2461 1374 2506 auna-

292 2532 409 2582 maxime
426 2531 580 2583 hominibus
597 2530 713 2592 scelera,
732 2532 817 2581 homi·
853 2536 888 2582 tes
903 2531 1041 2590 sensimque
1058 2535 1180 2580 tenemus.

293 2606 375 2666 sidia,
401 2607 509 2670 rapinae
526 2608 664 2670 patrantur
680 2605 815 2656 sordidus·
885 2607 926 2655 Ἠ.
945 2604 1050 2669 Integer]
1071 2607 1142 2656 «sine
1161 2604 1213 2655 ulla
1224 2605 1372 2669 cupiditate·

292 2693 345 2746 que
370 2682 498 2744 quaestus
521 2683 669 2732 exercetur.
707 2682 737 2731 ln
753 2682 817 2745 Epi·
853 2681 981 2730 innocens
1016 2681 1042 2728 et
1075 2682 1176 2740 castus,
1212 2681 1305 2743 utpote
1335 2679 1374 2728 oui
1474 2697 1475 2754 i

291 2756 440 2820 grammate
465 2755 536 2819 apud
564 2754 738 2807 Scholiastam
763 2759 816 2807 he·
854 2755 962 2806 minime
980 2756 1148 2818 propositum
1165 2755 1211 2815 sit,
1231 2752 1303 2804 illam
1319 2767 1334 2804 a
1350 2756 1373 2803 tc
1474 2789 1475 2808 .

291 2829 391 2882 echinis
413 2829 522 2892 (Berteht
542 2830 604 2881 {ther
624 2833 664 2881 die
683 2832 813 2882 Verhandl.
853 2828 979 2881 divellere
992 2829 1110 2892 mihique
1123 2828 1289 2879 conciliare.»
1307 2831 1373 2880 Haec
1474 2825 1475 2896 l

234 2905 238 2910 ’
291 2907 336 2956 der
360 2904 391 2955 K.
414 2905 510 2955 Prerus.
534 2906 668 2956 Akudomte
689 2896 713 2956 αἶ
741 2908 814 2956 Wtss.
853 2906 942 2956 omnia
960 2905 1058 2954 iocose.

292 2980 365 3030 4836.
385 2994 412 3044 p.
432 2979 495 3043 ⁴3·l²
514 2975 566 3030 τὸν
582 2977 746 3052 κατάρατον
755 2979 815 3046 Ar}-
885 2979 926 3030 23.
958 2979 1099 3044 trepidavit]
1129 2979 1254 3029 «Etenim
1285 2977 1373 3042 rapido

290 3069 349 3118 μον
362 3047 527 3119 Ἀθηναίων.
853 3055 982 3119 temporis
1008 3053 1124 3104 decursu
1149 3055 1202 3103 iem
1228 3053 1374 3116 quadrage·

326 3133 365 3182 48.
385 3131 511 3196 dilectum]
531 3133 701 3191 «ameum»,
719 3133 750 3181 ut
766 3130 814 3181 Od.
853 3131 942 3180 narius
964 3129 1049 3179 lactus
1070 3141 1131 3179 sum
1148 3127 1271 3191 adeoque
1289 3129 1373 3178 minus
1474 3120 1475 3136 ¹

296 3207 330 3268 ξ,
358 3207 390 3267 5,
419 3207 469 3267 tl..
496 3220 550 3257 non
578 3204 732 3267 «selectam,
760 3204 816 3255 cle·
853 3205 905 3254 iam
928 3217 1079 3268 propensus
1103 3202 1137 3253 ad
1157 3215 1202 3253 res
1220 3215 1373 3253 venereas.»
1474 3241 1475 3246 .

292 3282 394 3340 clama,
412 3281 439 3330 in
456 3293 537 3344 quam
554 3280 717 3343 frigidiorem
733 3281 817 3331 inter·
854 3280 1038 3344 compositum
1050 3279 1128 3341 igitur
1139 3281 1181 3328 est
1192 3291 1303 3328 carmen
1315 3291 1338 3328 a.
1349 3290 1372 3326 u.
1474 3289 1475 3340 .

292 3355 469 3419 pretationem
481 3354 667 3419 propendebat
677 3355 735 3418 ipse
746 3357 816 3406 Ben-
854 3369 877 3404 c.
897 3353 954 3404 729.
974 3355 1087 3404 exeunte
1110 3352 1154 3403 vel
1177 3353 1249 3402 initio
1274 3367 1298 3403 a.
1319 3352 1373 3402 73⁰.
1474 3383 1475 3386 =

292 3427 379 3479 tleiue.
401 3454 428 3463 -
446 3430 481 3477 sr'e
499 3429 604 3493 fidelem]
627 3429 755 3481 Omnibus
776 3431 816 3482 his
886 3427 926 3479 hl.
952 3429 1073 3479 claudere
1096 3429 1171 3486 dicit,
1199 3441 1252 3478 non
1276 3429 1376 3478 condam
1474 3425 1475 3458 ³

292 3504 354 3553 κατ’
383 3503 529 3573 εἰρωνείαν
558 3504 690 3554 contraria
715 3505 816 3569 signifi·
852 3503 968 3564 lustrum,
988 3503 1108 3553 censoria
1127 3501 1240 3552 formula
1257 3499 1374 3553 consulto

292 3579 346 3628 cari
367 3581 487 3641 apparet.
855 3578 1003 3638 abstinens,
1023 3591 1092 3640 quae
1109 3579 1136 3628 in
1155 3579 1211 3629 eius
1224 3591 1272 3628 ore
1288 3577 1374 3629 nescio

324 3653 365 3702 20.
392 3652 476 3701 Matre
494 3652 620 3716 pudenda]
646 3666 735 3717 oquae
760 3655 817 3719 ipsa
854 3653 919 3715 quid
950 3653 1031 3717 inepti
1065 3652 1211 3704 habuisset.
1259 3654 1374 3716 Figurate

292 3739 400 3791 quoque
422 3724 514 3776 ancilla
539 3725 645 3787 luisset,
673 3729 743 3777 servi
769 3727 817 3778 all·
855 3729 946 3777 contra
958 3727 1056 3790 optime
1069 3731 1164 3791 poetae
1174 3727 1265 3778 dicum
1276 3729 1376 3778 condem

292 3801 369 3850 cuius
387 3798 599 3859 contubernalis,
618 3801 674 3852 aive
692 3801 816 3864 focaria»,
855 3803 920 3853 diem
936 3801 984 3852 od.
1005 3801 1033 3863 l,
1052 3804 1081 3862 5,
1100 3803 1158 3866 29.,
1176 3805 1303 3853 emrtundo
1322 3817 1374 3852 eon·

293 3877 323 3924 ut
340 3876 504 3939 posteriores
521 3873 709 3939 loquebantur.
855 3879 913 3928 dore
931 3877 993 3926 soles
1009 3878 1079 3940 virg.
1094 3877 1183 3941 Eclog.
1197 3877 1225 3938 9,
1244 3879 1297 3940 tn,
1316 3892 1371 3926 con-

325 3950 366 3999 tl.
385 3950 503 4014 Brachia]
522 3951 609 4011 llaec,
628 3949 726 4014 qulbus
737 3951 818 4014 Phyl-
855 3954 913 4002 dere
929 3953 995 4002 secto
1011 3953 1115 4003 huoret.
1135 3953 1162 4014 3,
1182 3953 1256 4003 4403.

719 4193 950 4204 ———-——--—

719 4205 950 4215 .—-..-—.-....
