3012 4978
764 427 892 478 HORATll

448 589 558 672 Augur
578 593 610 649 et
631 583 772 670 fulgente
794 583 935 650 decorus
958 601 1036 648 arcu

448 704 599 772 Phoebus
622 715 841 792 acceptusque
863 723 981 770 novem
1003 701 1169 780 Camenis,

449 825 511 906 Qui
534 825 665 892 salutari
688 825 773 892 levet
795 835 864 892 arte
887 825 990 892 lessos

534 947 687 1036 Corporis
710 958 817 1024 artus,

452 1107 484 1172 Si
506 1105 666 1172 Palatinas
688 1104 776 1172 videt
798 1123 924 1192 aequus
946 1123 1057 1182 arces,

449 1230 593 1316 llemqne
615 1229 792 1295 Romanam
813 1226 1003 1313 Latiumque
1026 1225 1101 1292 lelix

449 1349 591 1416 Alterum
613 1349 645 1412 in
666 1346 803 1414 lustrum
824 1346 1006 1434 meliusque
1028 1366 1159 1435 semper

346 1569 386 1618 64.
406 1577 477 1616 orces
501 1561 571 1625 Bbc,
599 1562 709 1614 Bentleii
734 1577 767 1613 ec
789 1564 905 1614 Potlierii
922 1562 1061 1628 plerique,
1088 1563 1120 1612 Lt
1136 1564 1164 1612 et
1180 1561 1331 1614 Bentleius:

313 1656 376 1692 uras
391 1642 451 1692 inc
468 1651 622 1702 superscr,
640 1635 681 1698 ιλ,
699 1650 756 1688 ver.
775 1635 835 1690 lect.
853 1637 914 1700 βω,
931 1639 1000 1688 Pott.
1019 1637 1049 1698 7,
1067 1636 1098 1698 9,
1118 1636 1192 1687 cru.
1213 1637 1275 1700 (Nos
1291 1650 1333 1688 se·

314 1719 393 1768 cutus
410 1717 453 1765 est
468 1713 501 1778 J.)
531 1739 559 1749 —-
589 1715 716 1763 Ceterum
732 1710 817 1762 Bentl.
837 1714 865 1762 et
880 1713 932 1762 Fen
949 1710 1131 1773 distinguunt:
1150 1709 1189 1774 (Si
1203 1711 1334 1761 Palatinus

314 1817 354 1829 -·
366 1788 524 1852 Latinisque)
543 1788 605 1852 felte
623 1788 735 1838 Ateium
746 1791 797 1838 cet.
812 1813 840 1822 —
860 1785 900 1836 66.
917 1784 980 1848 [elic
997 1783 1084 1836 edscr.
1104 1782 1162 1834 «vel
1179 1783 1287 1834 metum»
1304 1786 1332 1836 Β.

315 1985 342 2036 64
357 1985 425 2036 -444,
451 1983 531 2044 Vide,
559 1995 612 2048 quo
637 1981 725 2034 studio
753 1981 806 2032 iarn
844 1981 990 2043 Quicrmw
1012 1984 1036 2029 et
1056 1983 1146 2029 contu:
1170 1991 1282 2041 corpora
1305 1982 1366 2046 [ene

281 2059 389 2110 tertium
415 2059 442 2108 iu
458 2055 591 2121 Apolline,
623 2057 748 2120 Augusti,
778 2058 807 2105 ut
844 2055 934 2105 4444444.
956 2053 1102 2118 Utrobique
1122 2067 1149 2104 v.
1170 2053 1250 2117 fureur
1270 2055 1367 2119 signiti-

281 2135 317 2184 ite
335 2134 436 2194 dicem,
463 2131 622 2196 exemplari,
648 2131 808 2196 praedicun—
845 2131 888 2179 cut
910 2127 1064 2191 languidum
1082 2139 1115 2176 ex
1132 2127 1238 2178 morbo.

282 2209 317 2259 do
343 2209 502 2259 immoretur
521 2207 609 2270 poete.
638 2207 680 2255 «ln
704 2203 807 2271 proodc
877 2204 966 2254 65-67.
984 2201 1369 2268 SiPotutim--uroethns

282 2283 382 2334 chorus
410 2282 519 2332 cecinit:
557 2281 623 2331 Dete
652 2293 722 2343 queo
747 2291 808 2344 pre·
844 2277 931 2342 ipsus,
949 2275 996 2326 uhi
1013 2278 1092 2326 cantu
1107 2287 1368 2330 cumvenernmurn

282 2369 385 2418 cennnr,
404 2356 513 2406 Phoebe
532 2356 559 2406 et
580 2356 672 2406 Diana.
707 2356 736 2405 ln
752 2368 809 2405 me-
846 2349 919 2416 (Vide
932 2349 1148 2412 zosimilocum.)
1183 2352 1225 2400 cSi
1240 2354 1370 2417 propitius

282 2430 349 2482 sodo
372 2428 486 2481 eandem
507 2429 667 2480 sententium
689 2430 806 2480 iteravit:
844 2427 965 2491 respicit,
978 2429 1008 2475 ut
1019 2435 1049 2474 re
1060 2436 1125 2475 vere
1136 2425 1260 2489 respicit,
1274 2427 1371 2478 eedem

281 2503 378 2554 Audite
401 2505 504 2554 nostres
530 2515 639 2567 preces,
665 2501 757 2566 Apollo
781 2505 809 2553 et
845 2501 966 2552 suumin
982 2503 1074 2552 monte
1091 2500 1209 2551 Palatino
1226 2501 1262 2552 ub
1280 2504 1371 2566 Angu-

283 2579 364 2628 Lune.
383 2578 503 2640 Denique
516 2578 542 2626 in
554 2576 641 2640 epodo
653 2577 703 2626 Str.
717 2577 805 2628 46-49.
845 2578 887 2626 sto
910 2579 971 2626 unte
994 2575 1045 2626 hoc
1068 2575 1228 2627 decennium
1246 2578 1371 2640 magnifl-

282 2652 424 2702 univcrsus
442 2651 541 2701 chorus
562 2650 631 2701 hunc
648 2652 807 2702 senteutiam
845 2651 999 2701 centiesime
1017 2651 1205 2700 exstructam.»
1232 2651 1306 2716 virg.
1326 2654 1371 2702 Ge.

282 2726 317 2776 ite
343 2725 455 2790 repetit,
485 2727 515 2774 ut
539 2737 592 2775 non
620 2725 674 2776 inm
700 2725 808 2776 numine
844 2727 874 2787 2,
893 2725 955 2775 535:
974 2725 1238 2788 (Romuiscptenpue
1254 2739 1310 2776 unc
1328 2727 1373 2776 siti

282 2800 340 2864 lpse
358 2797 521 2863 alloquatur,
548 2798 597 2850 sed
614 2799 649 2849 ed
665 2799 806 2865 populum,
844 2813 918 2850 mmo
934 2799 1096 2849 murndoctt
1112 2813 1196 2860 creon
1223 2802 1252 2849 et
1268 2801 1304 2850 de
1316 2802 1373 2866 ipen

283 2875 310 2925 ni
324 2872 408 2935 lellor,
427 2885 585 2935 conversus,
604 2875 682 2924 tertia
693 2885 808 2938 persone
845 2871 944 2923 Peletio
962 2872 1035 2923 ovid.
1049 2873 1126 2924 Trist.
1141 2875 1167 2934 l,
1189 2875 1217 2933 l,
1236 2873 1284 2924 69:
1311 2877 1373 2925 For-

283 2948 365 2998 dicet:
385 2947 509 2999 Phoebus
521 2950 548 2999 et
558 2948 641 2999 Dione
655 2941 718 2998 cuin
727 2947 810 2998 XVvi—
845 2949 912 2998 utun
928 2951 1065 3010 mperes,
1091 2961 1126 2998 cn
1148 2950 1176 2998 tri
1196 2948 1252 2998 otto
1274 2949 1373 3000 Matio

282 3035 375 3073 rorum
391 3023 449 3086 pies
466 3034 571 3088 preces,
591 3035 658 3088 quas
675 3021 710 3072 illi
727 3023 753 3074 in
768 3035 810 3073 se·
844 3023 949 3079 niem
970 3021 1096 3072 &onom
1118 3025 1142 3070 to
1163 3018 1264 3070 intem
1280 3022 1373 3072 cnm·

283 3096 428 3148 criflcendo
445 3097 611 3161 proimperii
628 3095 808 3146 incolumitate
844 3108 965 3158 reumque
982 3097 1096 3156 domimi,
1124 3094 1273 3160 (lprrotcont
1288 3109 1372 3160 eupu-

283 3173 462 3236 susceperunt
480 3171 608 3233 (Zosimus
619 3172 650 3232 2,
670 3171 731 3236 re),
751 3174 809 3221 turn
845 3175 886 3222 sto
901 3171 963 3221 milii
980 3171 1037 3221 loco
1052 3171 1127 3232 nipe
1142 3169 1285 3235 neonem)
1306 3171 1373 3221 Venit

283 3247 373 3296 nostre
397 3257 466 3308 quae
489 3243 571 3294 modo
595 3245 808 3309 nuncupavimus
845 3245 873 3294 in
888 3245 934 3294 Ace
950 3244 995 3294 illu
1016 3244 1110 3308 frumen
1126 3243 1159 3294 ab
1183 3257 1263 3294 arce
1287 3247 1371 3308 ceput.

282 3321 343 3370 vote
354 3317 470 3382 benigne
483 3320 586 3368 curent.
600 3321 739 3369 Postremo
751 3331 809 3369 cer·
846 3317 980 3370 Consolet.
1007 3319 1042 3369 ed
1067 3319 1168 3370 Livlnm
1192 3319 1235 3370 64.
1258 3319 1294 3369 de
1319 3320 1373 3369 Au-

283 3397 338 3444 tem
356 3393 430 3442 chori
448 3404 526 3456 spem
544 3391 571 3442 id
588 3391 645 3443 iore
658 3392 807 3456 exprimit.»
846 3395 937 3456 gusto:
961 3393 1005 3442 lite
1021 3393 1095 3458 cipit,
1113 3403 1212 3443 tumne
1230 3405 1304 3444 secer
1323 3394 1373 3456 ipe

283 3469 398 3518 Srrrrmn.
419 3493 447 3504 -
469 3467 565 3530 Auprtr]
583 3457 642 3518 vid'.
662 3467 697 3518 ed
714 3467 763 3517 Od.
783 3468 807 3528 l,
845 3469 941 3517 locutu
964 3468 993 3516 ln
1008 3477 1107 3528 arce,
1131 3467 1178 3516 liet
1196 3467 1327 3517 ltotrtiim
1341 3479 1373 3518 et

282 3539 312 3602 2,
332 3539 372 3590 32.
401 3567 429 3579 -
455 3541 575 3606 Atlpmte]
603 3539 696 3606 Apollo
723 3541 809 3606 poetis
846 3535 1179 3606 tittomorooipnuserot.
1195 3541 1286 3592 Altera
1294 3541 1372 3592 lectio

282 3612 570 3686 ωοᾱοχρυσότοξος,
587 3617 669 3668 modo
684 3611 810 3687 ἀργυρό-
846 3629 909 3668 cro:
935 3617 1014 3669 nimis
1042 3619 1129 3669 tenuis
1156 3616 1264 3668 videtur
1289 3621 1318 3668 et
1342 3629 1372 3667 ox

282 3685 382 3752 τοξος,
409 3691 439 3739 ut
462 3689 490 3740 44.
508 3705 542 3752 α,
566 3691 606 3742 37.
634 3719 662 3728 -
684 3690 808 3756 acceptio]
845 3694 1010 3757 ignoratione
1035 3693 1234 3757 significationis
1257 3705 1285 3742 v.
1303 3703 1373 3742 mest

283 3763 373 3828 Eurip.
392 3762 536 3815 neoris:
556 3763 672 3830 Φοῖβος,
691 3761 810 3838 ἁγήτωρ
846 3769 912 3818 orte.
933 3793 961 3803 ·-
980 3767 1239 3830 Acmqueliomem
1255 3767 1373 3816 444444»-

282 3834 402 3904 pelion.
429 3839 510 3904 orph.
532 3841 629 3904 Hymn.
651 3841 696 3902 34,
719 3841 743 3890 6.
768 3844 811 3892 est
846 3843 1052 3908 qiu-irorcpst]
1065 3845 1168 3896 liemon
1177 3842 1260 3892 imese
1269 3841 1374 3892 unctu

283 3911 481 3980 Μουσαγέτης,
500 3915 530 3964 ut
545 3913 608 3966 olibi
625 3913 764 3966 Hercules.
779 3941 807 3953 —
846 3915 971 3967 versiculi
996 3915 1107 3967 Enniani
1132 3917 1199 3967 Anu.
1226 3916 1254 3966 l:
1281 3915 1373 3966 Audin

283 3989 485 4053 levat-sesent-
497 3991 583 4052 anus]
605 3989 745 4040 «medetur
761 4003 809 4041 ee-
847 3995 883 4042 cst
898 4003 991 4053 opem
1010 3992 1134 4053 pretim
1157 3991 1295 4053 procem
1308 3993 1373 4040 nee

284 4063 367 4127 gris»,
386 4065 416 4114 ut
432 4062 526 4115 Celsus
544 4062 682 4115 l.Preel.:
700 4063 810 4116 leontion
847 4066 896 4129 (tui
919 4078 975 4116 rein
990 4066 1132 4116 Annonem
1152 4065 1304 4129 muranum
1323 4077 1373 4115 crr-

283 4139 366 4203 mcpis
376 4137 588 4208 commortuis
598 4149 657 4188 erre.
679 4137 771 4190 Tiburi.
781 4137 807 4201 ’4,
846 4151 944 4204 poscere
958 4141 1040 4193 corre
1054 4167 1084 4180 -
1096 4141 1127 4192 V.
1139 4141 1203 4206 felte
1218 4141 1299 4203 iunge
1310 4151 1371 4190 cnm

284 4209 316 4274 4,
337 4213 377 4263 to.
405 4211 440 4264 ed
456 4209 616 4278 Apollinem:
647 4209 738 4264 Sancte
752 4213 810 4264 oeni
846 4227 873 4265 v.
892 4215 1009 4276 trum
1027 4227 1062 4266 ne
1074 4209 1309 4280 enutritione.
1326 4213 1373 4264 444-

284 4290 412 4350 imque
432 4287 502 4352 ferm
530 4287 671 4350 pestemque
697 4299 807 4352 sapores
846 4293 927 4341 :nvn
954 4291 1059 4352 eutem,
1090 4289 1215 4341 nomenis
1242 4285 1371 4360 xeptclcc
