3078 4978
540 453 641 506 licea.
693 457 789 508 cailM.
809 457 850 508 IX.

519 907 857 972 cmm

270 1066 407 1148 Quando
428 1075 594 1155 repostum
617 1069 803 1136 Caecubum
819 1041 866 1136 ¹ad
888 1069 984 1138 festas
1007 1071 1109 1160 dapes

312 1189 438 1256 Victore
468 1186 572 1255 laetus
594 1189 733 1258 Caesare

269 1311 388 1377 Tecum
411 1308 472 1377 sub
495 1310 558 1376 alta
584 1349 627 1360 —
648 1313 696 1379 sic
717 1314 783 1378 lovi
805 1323 931 1402 gratum
951 1353 994 1364 —
1015 1316 1131 1392 domo,

311 1433 409 1498 Beate
432 1432 620 1510 Maeemm,
644 1433 754 1502 bibam
964 1427 968 1436 ’

270 1553 413 1620 Sonante
433 1553 566 1621 mixtum
588 1553 674 1622 tibiis
696 1576 826 1622 carmen
848 1557 934 1647 lyra,
1210 1562 1230 1624 ὅ

312 1675 380 1742 Hac
400 1675 551 1753 Dorium,
575 1674 637 1743 illis
659 1676 887 1744 barbarumt‘

206 1815 249 1866 lx.
268 1817 350 1869 inser.
369 1815 438 1881 volg.
455 1818 494 1868 Ad
509 1819 692 1881 Maecenatem,
712 1822 740 1870 et
756 1821 795 1871 sic
812 1833 836 1872 c.
865 1847 894 1858 —
924 1821 992 1873 Retio
1009 1824 1197 1875 advesariu-

174 1891 270 1942 mutum
281 1897 303 1943 et
315 1892 481 1954 Cleopatram.
501 1894 695 1958 Destguotcotis
705 1895 838 1946 victoriam
846 1897 961 1947 Caesaris
969 1899 998 1948 B.
1012 1924 1039 1934 -
1054 1900 1077 1952 4,
1092 1901 1198 1962 macodo

175 1973 333 2030 orepoetmrr
349 1969 458 2019 auctore
476 1969 532 2020 Mic.
552 1969 660 2020 Heinsio
677 1969 761 2021 Bentl.
782 1998 808 2009 -
829 1971 852 2022 3.
872 1974 947 2022 doum
963 1973 990 2023 F.
1012 2001 1040 2010 -
1067 1975 1091 2024 5.
1110 1976 1198 2024 mixtis

176 2042 310 2094 eduohus
322 2041 442 2094 Lambini
454 2043 538 2094 Codd.
557 2043 640 2096 ilenti.
670 2044 711 2106 (Ut
727 2057 791 2106 nos,
810 2058 904 2096 omnes
922 2049 1005 2097 nostri
1022 2049 1049 2097 et
1060 2049 1196 2110 Pultierii.)

173 2163 215 2214 lii.
235 2163 359 2217 Ultimum
371 2165 422 2215 hoc
433 2165 544 2230 Epodon
556 2178 666 2216 carmen
703 2166 768 2214 Mum
783 2131 963 2217 Scdovotctum
979 2173 1003 2217 et
1018 2173 1158 2218 ceteram
1174 2167 1231 2218 beu·

141 2239 577 2305 statimpostaceeptumprimum
585 2240 667 2290 victo-
702 2244 787 2290 tonan
803 2241 853 2290 otto
869 2243 1040 2292 concedantar-r.
1060 2269 1088 2278 -
1102 2241 1229 2302 «Quando

140 2313 195 2362 riae
213 2315 336 2364 Actiacae
360 2314 409 2377 (lv.
428 2316 495 2365 Mon.
513 2314 664 2378 septembr.
703 2315 737 2366 M.
759 2315 871 2364 Antonio
899 2318 926 2365 et
951 2314 1104 2380 Cleopatra,
1132 2317 1229 2380 quibus

140 2400 165 2436 a.
182 2400 209 2436 u.
227 2401 251 2437 c.
268 2387 336 2452 723.)
359 2389 482 2439 nuntium
505 2388 578 2439 dorni
600 2401 665 2440 suae
704 2389 757 2438 iam
773 2401 863 2454 pugna
876 2391 983 2441 Actiaca
996 2392 1050 2440 tam
1063 2391 1229 2458 improspera

139 2463 276 2524 potantem
308 2475 338 2512 se
366 2475 530 2526 componere
563 2461 666 2526 tingens
704 2465 797 2526 cessit,
822 2477 932 2529 prorsus
950 2466 1087 2530 oppressis
1104 2479 1230 2518 reverso-

139 2537 225 2600 ole,
238 2538 269 2586 ut
279 2549 343 2586 mor
357 2535 409 2586 sibi
421 2536 584 2588 concedatur
595 2535 666 2601 apud
704 2552 756 2603 que
775 2539 890 2589 Caesare
902 2541 1014 2590 Romam
1026 2541 1053 2590 in
1065 2539 1122 2592 eius
1134 2542 1229 2592 trium-

140 2611 321 2662 Maeccnatem
349 2611 471 2661 Caesaris
495 2610 611 2662 reditum
633 2625 666 2662 ac
704 2613 750 2680 phi
766 2615 899 2665 honorem
915 2617 1010 2680 potare
1027 2616 1162 2667 internos
1179 2628 1229 2679 po-

140 2685 304 2748 triumphum
327 2683 465 2735 celebrare
488 2683 557 2736 laeto
575 2687 667 2736 convi—
704 2690 855 2740 terimus‘l»
885 2691 939 2740 Nec
960 2703 1026 2740 vero
1044 2703 1077 2739 ex
1099 2691 1152 2740 hoc
1169 2703 1230 2740 ear-

139 2759 191 2809 vio.
227 2760 361 2810 Posterius
379 2759 430 2810 hoc
447 2773 556 2810 carmen
572 2759 665 2824 Epodo
704 2763 775 2814 mine
810 2760 894 2825 colligi
927 2765 1016 2826 potest
1046 2763 1229 2814 Maecenatem

139 2834 163 2882 4.
182 2834 303 2899 proxime
321 2833 459 2897 praecedit
476 2832 524 2883 0d.
539 2835 568 2896 4,
587 2835 627 2884 37.
703 2849 766 2887 cum
782 2837 900 2898 Augusto
922 2838 949 2885 et
974 2837 1088 2901 Agrippa
1112 2835 1229 2886 adfuisse

173 2907 228 2959 l-i.
254 2910 388 2973 repertun]
407 2910 513 2960 «vinum
533 2910 665 2960 interioris
703 2911 730 2960 in
747 2911 805 2960 acie
822 2909 938 2959 Actiaca.

139 2984 217 3032 notae
224 2986 446 3048 reservatumque
453 2983 487 3034 ed
494 2983 665 3035 diesiestos.»
735 2985 760 3033 h.
774 2985 797 3034 6.
817 2983 935 3046 Souania]
954 2983 1147 3048 symphoniam
1158 2983 1230 3048 (car-

142 3085 168 3093 -
191 3057 341 3123 Comitum]
368 3058 432 3109 Plin.
458 3059 488 3110 H.
513 3059 544 3108 N.
567 3057 611 3120 lt,
630 3059 664 3108 6:
702 3057 769 3122 men)
790 3057 854 3108 dicit
875 3071 907 3108 ex
929 3058 992 3108 artis
1010 3059 1128 3108 musicae
1148 3071 1230 3122 prae-

139 3131 250 3182 Caecuto
267 3138 322 3183 erat
338 3134 491 3198 generositas
506 3133 665 3184 celeberrima
703 3133 788 3197 ceptis
814 3131 963 3182 alternatim
992 3145 1052 3182 sese
1080 3133 1228 3196 excipiente

137 3207 165 3256 ia
186 3207 342 3269 palustribus
362 3208 487 3270 populetis
514 3209 572 3257 sinu
588 3209 665 3269 Amp-
703 3209 782 3271 atque
816 3208 866 3256 rite
903 3207 1051 3270 composita
1089 3207 1228 3257 harmonia

137 3280 663 3346 ciooc.Ci.Slrab.5.p.23ld.23ta.-
702 3283 815 3347 Phrygia
842 3281 918 3346 (tibiis
944 3280 1057 3344 duabus)
1080 3284 1107 3332 el
1132 3283 1228 3334 Dorica

137 3355 183 3404 sub
204 3355 266 3420 atto]
293 3355 319 3405 in
342 3357 408 3406 turri
435 3355 665 3420 (Thormpctast
701 3357 789 3422 (ipra),
809 3355 959 3407 cuiusmodi
977 3357 1136 3420 symphonia
1154 3356 1229 3408 ferni-

136 3429 235 3492 Voss.)‚
258 3442 339 3493 quam
357 3428 495 3492 dicebant,
522 3432 663 3482 Maecena·
702 3444 751 3482 nae
780 3429 867 3493 lyram
896 3429 988 3480 dextra
1014 3428 1117 3494 plectro
1146 3431 1227 3491 loris,
1255 3483 1259 3489 ,

137 3506 223 3566 tiana,
243 3505 293 3554 situ
309 3506 336 3555 in
348 3506 431 3555 hortis
442 3503 592 3568 Esquilinis.
614 3506 661 3555 0d.
701 3506 806 3556 sinistra
832 3504 919 3567 digitis
944 3505 1016 3554 intus
1041 3505 1227 3568 percutientis,

137 3579 167 3641 3,
185 3579 233 3640 29,
252 3580 292 3630 40.
318 3581 487 3643 (Maecenatis
505 3579 601 3630 domna
619 3593 664 3631 sa·
701 3579 814 3630 tibicinis
832 3591 894 3629 eum
912 3577 982 3629 tibiis
1002 3577 1110 3642 paribus
1129 3579 1228 3630 dextris

136 3652 315 3704 inber-dmum
336 3653 455 3706 habebat
476 3656 565 3705 situm.
589 3655 661 3704 Suet.
701 3658 728 3706 et
744 3654 871 3714 sinistris,
894 3655 920 3703 et
937 3653 1061 3703 cantrieis
1079 3664 1141 3704 cum
1160 3656 1228 3706 uotis

137 3729 193 3778 Oct.
213 3728 259 3778 Ὧι
282 3731 414 3793 augustus
431 3728 570 3794 asama
592 3729 663 3778 domo
701 3729 810 3779 musicis
829 3739 954 3791 expressa
968 3727 1229 3781 estintnhulailer-

136 3803 289 3854 Menecratis
308 3803 424 3854 cubabat.
454 3804 507 3856 Cir.
528 3803 663 3854 Frandsen
701 3801 838 3854 calanensi
862 3802 945 3852 Musei
968 3801 1111 3852 Borbonici
1128 3803 1186 3854 Vol.
1206 3806 1225 3854 l.

136 3880 302 3944 Maeceoosp.
317 3879 364 3930 440
376 3880 428 3943 sq.)
440 3909 467 3916 -
486 3881 521 3930 aie
532 3880 585 3930 Iovi
600 3893 664 3943 gra-
700 3877 862 3928 nahmi.
884 3875 936 3926 Clr.
950 3876 998 3925 0d.
1010 3876 1038 3938 l,
1050 3877 1094 3938 ⁴5,
1105 3878 1145 3928 30.
1159 3878 1190 3938 l,
1203 3881 1226 3940 4,

136 3955 198 4018 tum]
219 3954 327 4004 uEidcm
345 3954 412 4014 lori,
432 3954 477 4017 qui
498 3955 606 4004 Caesari
622 3954 663 4003 vi·
700 3952 732 4002 23
744 3965 784 4014 sq.
807 3979 834 3986 —
853 3951 908 4000 Hac
919 3951 1035 4018 Dorium]
1054 3952 1129 4002 Pind.
1143 3950 1181 4001 0l.
1196 3953 1225 4011 4,

137 4029 249 4083 storiam
272 4029 420 4089 concessit,
447 4031 588 4093 acceptum
606 4031 661 4088 est,
701 4027 745 4076 li:
773 4018 846 4075 ἀλλὰ
866 4024 978 4096 Δωρίαν
996 4019 1056 4075 ἀπὸ
1079 4021 1228 4093 φόρμιγγα

137 4105 166 4152 ut
184 4115 246 4153 eam
263 4101 354 4153 debito
372 4103 453 4153 modo
465 4103 661 4155 celebremusa·
700 4093 854 4150 πασσάλου
866 4096 1002 4164 λάμβαν.
1023 4095 1092 4164 (Τὴν
1104 4099 1228 4170 Δωριστὶ

138 4207 164 4214 -
184 4177 268 4242 Beate]
287 4176 444 4242 «opulente,
463 4178 560 4243 cuique
573 4178 662 4228 omnia
700 4169 855 4249 ἁρμονίαν)
880 4177 1048 4242 πολεμικοῖς
1073 4172 1227 4245 ἀνδράσι-

136 4251 391 4314 cruciniacum»,
410 4253 439 4302 ut
455 4251 503 4302 Od.
523 4254 551 4312 4,
571 4251 601 4308 4,
620 4251 660 4304 44.
700 4281 714 4290 -
731 4247 918 4322 ἁρμόζουσαν
940 4255 1017 4302 vocal
1039 4249 1168 4301 Plutarch.
1192 4251 1226 4301 de

136 4327 190 4377 Cic.
202 4327 236 4377 de
245 4327 288 4378 Or.
299 4328 323 4377 Ξ.
335 4326 358 4389 S.
370 4326 430 4378 iti:
445 4328 556 4378 istam„
565 4327 663 4390 sapien-
701 4329 765 4378 Mus¹
778 4341 802 4378 e.
817 4330 827 4377 4
833 4329 856 4378 7.
871 4341 898 4392 p.
911 4327 982 4378 4436.
994 4341 1016 4375 c.
1035 4355 1061 4362 -
1081 4325 1226 4390 barbarian]
