<?xml version="1.0" encoding="UTF-8"?>
<!DOCTYPE html PUBLIC "-//W3C//DTD XHTML 1.0 Transitional//EN"
    "http://www.w3.org/TR/xhtml1/DTD/xhtml1-transitional.dtd">
<html xmlns="http://www.w3.org/1999/xhtml" xml:lang="en" lang="en">
 <head>
  <title>
</title>
<meta http-equiv="Content-Type" content="text/html;charset=utf-8" />
  <meta name='ocr-system' content='tesseract 3.04.00' />
  <meta name='ocr-capabilities' content='ocr_page ocr_carea ocr_par ocr_line ocrx_word'/>
</head>
<body>
  <div class='ocr_page' id='page_1' title='image "./qhoratiusflaccu02baitgoog/qhoratiusflaccu02baitgoog_0178.png"; bbox 0 0 2998 4980; ppageno 0'>
   <div class='ocr_carea' id='block_1_1' title="bbox 536 419 792 470">
    <p class='ocr_par' dir='ltr' id='par_1_1' title="bbox 536 419 792 470">
     <span class='ocr_line' id='line_1_1' title="bbox 536 419 792 470; baseline 0 0"><span class='ocrx_word' id='word_1_1' title='bbox 536 420 594 470; x_wconf 76' lang='grc' dir='ltr'>ΗΒ.</span> <span class='ocrx_word' id='word_1_2' title='bbox 614 421 632 469; x_wconf 93' lang='lat' dir='ltr'>l.</span> <span class='ocrx_word' id='word_1_3' title='bbox 670 421 697 470; x_wconf 91' lang='lat' dir='ltr'>C.</span> <span class='ocrx_word' id='word_1_4' title='bbox 717 419 792 470; x_wconf 78' lang='lat' dir='ltr'>XXV.</span> 
     </span>
    </p>
   </div>
   <div class='ocr_carea' id='block_1_2' title="bbox 321 573 1191 890">
    <p class='ocr_par' dir='ltr' id='par_1_2' title="bbox 321 573 1191 890">
     <span class='ocr_line' id='line_1_2' title="bbox 323 573 962 665; baseline 0 -25"><span class='ocrx_word' id='word_1_5' title='bbox 323 573 468 641; x_wconf 81' lang='lat' dir='ltr'>Gaudeat</span> <span class='ocrx_word' id='word_1_6' title='bbox 488 573 574 661; x_wconf 83' lang='lat' dir='ltr'>pulla</span> <span class='ocrx_word' id='word_1_7' title='bbox 598 575 699 662; x_wconf 81' lang='lat' dir='ltr'>magis</span> <span class='ocrx_word' id='word_1_8' title='bbox 722 585 818 662; x_wconf 89' lang='lat' dir='ltr'>atque</span> <span class='ocrx_word' id='word_1_9' title='bbox 841 585 962 665; x_wconf 80' lang='lat' dir='ltr'>myrto,</span> 
     </span>
     <span class='ocr_line' id='line_1_3' title="bbox 321 693 849 762; baseline 0 -2"><span class='ocrx_word' id='word_1_10' title='bbox 321 694 434 761; x_wconf 78' lang='lat' dir='ltr'>Aridas</span> <span class='ocrx_word' id='word_1_11' title='bbox 456 693 586 761; x_wconf 80' lang='lat' dir='ltr'>frondes</span> <span class='ocrx_word' id='word_1_12' title='bbox 608 694 723 762; x_wconf 89' lang='lat' dir='ltr'>hiemis</span> <span class='ocrx_word' id='word_1_13' title='bbox 746 695 849 762; x_wconf 89' lang='lat' dir='ltr'>sodali</span> 
     </span>
     <span class='ocr_line' id='line_1_4' title="bbox 404 815 1191 890; baseline 0.005 -8"><span class='ocrx_word' id='word_1_14' title='bbox 404 815 539 883; x_wconf 80' lang='lat' dir='ltr'>Dedicat</span> <span class='ocrx_word' id='word_1_15' title='bbox 561 815 680 883; x_wconf 51' lang='lat' dir='ltr'>Hebror</span> <span class='ocrx_word' id='word_1_16' title='bbox 1149 824 1191 890; x_wconf 80' lang='lat'>20</span> 
     </span>
    </p>
   </div>
   <div class='ocr_carea' id='block_1_3' title="bbox 138 1070 1156 1346">
    <p class='ocr_par' dir='ltr' id='par_1_3' title="bbox 138 1070 1156 1346">
     <span class='ocr_line' id='line_1_5' title="bbox 170 1070 1155 1132; baseline 0.004 -10"><span class='ocrx_word' id='word_1_17' title='bbox 170 1072 211 1122; x_wconf 73' lang='lat'>2⁰.</span> <span class='ocrx_word' id='word_1_18' title='bbox 247 1071 319 1120; x_wconf 80' lang='lat' dir='ltr'>Euro</span> <span class='ocrx_word' id='word_1_19' title='bbox 343 1072 451 1121; x_wconf 85' lang='lat' dir='ltr'>auctare</span> <span class='ocrx_word' id='word_1_20' title='bbox 477 1070 615 1132; x_wconf 78' lang='lat' dir='ltr'>liutgersio</span> <span class='ocrx_word' id='word_1_21' title='bbox 636 1070 770 1122; x_wconf 82' lang='lat' dir='ltr'>Bentleius</span> <span class='ocrx_word' id='word_1_22' title='bbox 793 1074 821 1122; x_wconf 87' lang='lat' dir='ltr'>et</span> <span class='ocrx_word' id='word_1_23' title='bbox 840 1073 879 1122; x_wconf 85' lang='lat' dir='ltr'>ric</span> <span class='ocrx_word' id='word_1_24' title='bbox 902 1073 956 1124; x_wconf 89' lang='lat' dir='ltr'>iam</span> <span class='ocrx_word' id='word_1_25' title='bbox 976 1073 1057 1126; x_wconf 76' lang='lat' dir='ltr'>Aldus</span> <span class='ocrx_word' id='word_1_26' title='bbox 1083 1076 1155 1126; x_wconf 82' lang='lat' dir='ltr'>ltili.</span> 
     </span>
     <span class='ocr_line' id='line_1_6' title="bbox 140 1143 1153 1215; baseline 0.005 -19"><span class='ocrx_word' id='word_1_27' title='bbox 140 1147 224 1206; x_wconf 82' lang='lat' dir='ltr'><strong>l509.‚</strong></span> <span class='ocrx_word' id='word_1_28' title='bbox 245 1159 278 1195; x_wconf 80' lang='lat' dir='ltr'>ex</span> <span class='ocrx_word' id='word_1_29' title='bbox 296 1158 409 1208; x_wconf 75' lang='lat' dir='ltr'>quanam</span> <span class='ocrx_word' id='word_1_30' title='bbox 426 1143 508 1195; x_wconf 88' lang='lat' dir='ltr'>altera</span> <span class='ocrx_word' id='word_1_31' title='bbox 526 1147 584 1194; x_wconf 87' lang='lat' dir='ltr'>utra</span> <span class='ocrx_word' id='word_1_32' title='bbox 601 1143 681 1196; x_wconf 89' lang='lat' dir='ltr'>lulius</span> <span class='ocrx_word' id='word_1_33' title='bbox 699 1147 799 1198; x_wconf 88' lang='lat' dir='ltr'>Caesar</span> <span class='ocrx_word' id='word_1_34' title='bbox 814 1146 930 1211; x_wconf 78' lang='lat' dir='ltr'>scaliger</span> <span class='ocrx_word' id='word_1_35' title='bbox 947 1150 1044 1200; x_wconf 78' lang='lat' dir='ltr'>Poetic.</span> <span class='ocrx_word' id='word_1_36' title='bbox 1056 1163 1083 1215; x_wconf 89' lang='lat' dir='ltr'>p.</span> <span class='ocrx_word' id='word_1_37' title='bbox 1097 1151 1153 1202; x_wconf 68' lang='lat'>³40.</span> 
     </span>
     <span class='ocr_line' id='line_1_7' title="bbox 138 1219 1156 1346; baseline 0.006 -76"><span class='ocrx_word' id='word_1_38' title='bbox 138 1220 323 1346; x_wconf 43' lang='grc' dir='ltr'>ξὲιιῐιιὲἐὲνοοοιιω</span> <span class='ocrx_word' id='word_1_39' title='bbox 344 1220 459 1271; x_wconf 79' lang='lat' dir='ltr'>afferens</span> <span class='ocrx_word' id='word_1_40' title='bbox 471 1221 545 1269; x_wconf 87' lang='lat' dir='ltr'>item</span> <span class='ocrx_word' id='word_1_41' title='bbox 566 1219 649 1270; x_wconf 89' lang='lat' dir='ltr'>habet</span> <span class='ocrx_word' id='word_1_42' title='bbox 670 1221 749 1270; x_wconf 80' lang='lat' dir='ltr'>Euro.</span> <span class='ocrx_word' id='word_1_43' title='bbox 789 1223 818 1271; x_wconf 89' lang='lat' dir='ltr'>In</span> <span class='ocrx_word' id='word_1_44' title='bbox 837 1220 893 1272; x_wconf 74' lang='lat' dir='ltr'>ald.</span> <span class='ocrx_word' id='word_1_45' title='bbox 914 1222 985 1273; x_wconf 73' lang='lat' dir='ltr'>lale.</span> <span class='ocrx_word' id='word_1_46' title='bbox 1005 1226 1156 1276; x_wconf 82' lang='lat' dir='ltr'>correctum</span> 
     </span>
    </p>
   </div>
   <div class='ocr_carea' id='block_1_4' title="bbox 105 1518 1268 3898">
    <p class='ocr_par' dir='ltr' id='par_1_4' title="bbox 105 1518 1268 3230">
     <span class='ocr_line' id='line_1_8' title="bbox 106 1518 1190 1584; baseline 0.007 -16"><span class='ocrx_word' id='word_1_47' title='bbox 106 1520 216 1584; x_wconf 70' lang='lat' dir='ltr'>aledriya</span> <span class='ocrx_word' id='word_1_48' title='bbox 236 1519 435 1584; x_wconf 59' lang='lat' dir='ltr'>mundeburdae</span> <span class='ocrx_word' id='word_1_49' title='bbox 458 1519 575 1580; x_wconf 66' lang='lat' dir='ltr'>Myrtea,</span> <span class='ocrx_word' id='word_1_50' title='bbox 602 1519 631 1567; x_wconf 92' lang='lat' dir='ltr'>ut</span> <span class='ocrx_word' id='word_1_51' title='bbox 668 1518 750 1569; x_wconf 83' lang='lat' dir='ltr'>iactas</span> <span class='ocrx_word' id='word_1_52' title='bbox 761 1520 934 1583; x_wconf 85' lang='lat' dir='ltr'>contemptim</span> <span class='ocrx_word' id='word_1_53' title='bbox 946 1524 1080 1584; x_wconf 80' lang='lat' dir='ltr'>spargunt.</span> <span class='ocrx_word' id='word_1_54' title='bbox 1096 1551 1123 1559; x_wconf 95' lang='lat'>-</span> <span class='ocrx_word' id='word_1_55' title='bbox 1140 1526 1190 1575; x_wconf 84' lang='lat' dir='ltr'>De·</span> 
     </span>
     <span class='ocr_line' id='line_1_9' title="bbox 106 1591 1189 1664; baseline 0.005 -20"><span class='ocrx_word' id='word_1_56' title='bbox 106 1595 206 1646; x_wconf 83' lang='lat' dir='ltr'>Goetbii</span> <span class='ocrx_word' id='word_1_57' title='bbox 222 1593 317 1644; x_wconf 87' lang='lat' dir='ltr'>verbis</span> <span class='ocrx_word' id='word_1_58' title='bbox 333 1596 393 1644; x_wconf 86' lang='lat' dir='ltr'>utar</span> <span class='ocrx_word' id='word_1_59' title='bbox 409 1595 437 1644; x_wconf 91' lang='lat' dir='ltr'>in</span> <span class='ocrx_word' id='word_1_60' title='bbox 453 1594 511 1644; x_wconf 87' lang='lat' dir='ltr'>ltin.</span> <span class='ocrx_word' id='word_1_61' title='bbox 530 1591 586 1644; x_wconf 80' lang='lat' dir='ltr'>Ital.</span> <span class='ocrx_word' id='word_1_62' title='bbox 599 1595 628 1664; x_wconf 73' lang='lat' dir='ltr'>I.</span> <span class='ocrx_word' id='word_1_63' title='bbox 667 1593 740 1657; x_wconf 76' lang='lat' dir='ltr'>dicet]</span> <span class='ocrx_word' id='word_1_64' title='bbox 769 1595 873 1644; x_wconf 85' lang='lat' dir='ltr'>locere:</span> <span class='ocrx_word' id='word_1_65' title='bbox 903 1597 1061 1658; x_wconf 65' lang='lat' dir='ltr'>numquam</span> <span class='ocrx_word' id='word_1_66' title='bbox 1088 1596 1189 1650; x_wconf 87' lang='lat' dir='ltr'>denum</span> 
     </span>
     <span class='ocr_line' id='line_1_10' title="bbox 107 1666 1189 1733; baseline 0.005 -14"><span class='ocrx_word' id='word_1_67' title='bbox 107 1669 190 1720; x_wconf 84' lang='lat' dir='ltr'><strong>IIIIIII.</strong></span> <span class='ocrx_word' id='word_1_68' title='bbox 210 1670 280 1733; x_wconf 86' lang='lat' dir='ltr'><strong>Opp.</strong></span> <span class='ocrx_word' id='word_1_69' title='bbox 298 1681 325 1732; x_wconf 88' lang='lat' dir='ltr'>p.</span> <span class='ocrx_word' id='word_1_70' title='bbox 346 1669 403 1719; x_wconf 78' lang='lat' dir='ltr'>le.»</span> <span class='ocrx_word' id='word_1_71' title='bbox 421 1669 496 1718; x_wconf 81' lang='lat' dir='ltr'>lrroa</span> <span class='ocrx_word' id='word_1_72' title='bbox 511 1669 628 1728; x_wconf 86' lang='lat' dir='ltr'>Quaestt.</span> <span class='ocrx_word' id='word_1_73' title='bbox 667 1666 768 1730; x_wconf 75' lang='lat' dir='ltr'>glaciali</span> <span class='ocrx_word' id='word_1_74' title='bbox 802 1667 911 1718; x_wconf 87' lang='lat' dir='ltr'>llumine</span> <span class='ocrx_word' id='word_1_75' title='bbox 941 1669 1050 1732; x_wconf 80' lang='lat' dir='ltr'>dignum</span> <span class='ocrx_word' id='word_1_76' title='bbox 1083 1671 1189 1726; x_wconf 87' lang='lat' dir='ltr'>irrutiles</span> 
     </span>
     <span class='ocr_line' id='line_1_11' title="bbox 107 1740 1187 1808; baseline 0 -16"><span class='ocrx_word' id='word_1_77' title='bbox 107 1756 146 1806; x_wconf 89' lang='lat' dir='ltr'>ep.</span> <span class='ocrx_word' id='word_1_78' title='bbox 164 1757 191 1808; x_wconf 92' lang='lat' dir='ltr'>p.</span> <span class='ocrx_word' id='word_1_79' title='bbox 211 1745 253 1796; x_wconf 77' lang='lat'>78.</span> <span class='ocrx_word' id='word_1_80' title='bbox 274 1742 349 1792; x_wconf 84' lang='lat' dir='ltr'>ovid.</span> <span class='ocrx_word' id='word_1_81' title='bbox 368 1744 397 1793; x_wconf 82' lang='lat' dir='ltr'>I.</span> <span class='ocrx_word' id='word_1_82' title='bbox 416 1745 446 1793; x_wconf 74' lang='lat' dir='ltr'>A.</span> <span class='ocrx_word' id='word_1_83' title='bbox 465 1743 489 1804; x_wconf 81' lang='lat'>3,</span> <span class='ocrx_word' id='word_1_84' title='bbox 503 1744 564 1793; x_wconf 84' lang='lat'>690:</span> <span class='ocrx_word' id='word_1_85' title='bbox 582 1744 631 1793; x_wconf 73' lang='lat' dir='ltr'>Iler</span> <span class='ocrx_word' id='word_1_86' title='bbox 666 1740 723 1792; x_wconf 85' lang='lat' dir='ltr'>illas</span> <span class='ocrx_word' id='word_1_87' title='bbox 745 1741 853 1793; x_wconf 81' lang='lat' dir='ltr'>frendes</span> <span class='ocrx_word' id='word_1_88' title='bbox 871 1743 895 1792; x_wconf 91' lang='lat' dir='ltr'>ei</span> <span class='ocrx_word' id='word_1_89' title='bbox 913 1742 1014 1805; x_wconf 85' lang='lat' dir='ltr'>tradat,</span> <span class='ocrx_word' id='word_1_90' title='bbox 1040 1745 1187 1799; x_wconf 72' lang='lat' dir='ltr'>immiltat.»</span> 
     </span>
     <span class='ocr_line' id='line_1_12' title="bbox 106 1818 1189 1882; baseline 0.004 -14"><span class='ocrx_word' id='word_1_91' title='bbox 106 1819 182 1868; x_wconf 73' lang='lat' dir='ltr'>mair</span> <span class='ocrx_word' id='word_1_92' title='bbox 197 1823 222 1868; x_wconf 79' lang='lat' dir='ltr'>at</span> <span class='ocrx_word' id='word_1_93' title='bbox 232 1819 305 1868; x_wconf 78' lang='lat' dir='ltr'>teari</span> <span class='ocrx_word' id='word_1_94' title='bbox 315 1819 438 1882; x_wconf 65' lang='lat' dir='ltr'>altareque</span> <span class='ocrx_word' id='word_1_95' title='bbox 448 1823 545 1880; x_wconf 71' lang='lat' dir='ltr'>murtae</span> <span class='ocrx_word' id='word_1_96' title='bbox 555 1818 627 1868; x_wconf 74' lang='lat' dir='ltr'>olent</span> <span class='ocrx_word' id='word_1_97' title='bbox 666 1818 722 1866; x_wconf 84' lang='lat' dir='ltr'>Nec</span> <span class='ocrx_word' id='word_1_98' title='bbox 738 1829 803 1867; x_wconf 92' lang='lat' dir='ltr'>vero</span> <span class='ocrx_word' id='word_1_99' title='bbox 820 1819 915 1881; x_wconf 82' lang='lat' dir='ltr'>poetae</span> <span class='ocrx_word' id='word_1_100' title='bbox 927 1818 1044 1870; x_wconf 88' lang='lat' dir='ltr'>euranda</span> <span class='ocrx_word' id='word_1_101' title='bbox 1055 1821 1189 1872; x_wconf 85' lang='lat' dir='ltr'>eratdiffi-</span> 
     </span>
     <span class='ocr_line' id='line_1_13' title="bbox 109 1889 1188 1958; baseline 0.005 -16"><span class='ocrx_word' id='word_1_102' title='bbox 109 1919 133 1929; x_wconf 86' lang='lat'>-</span> <span class='ocrx_word' id='word_1_103' title='bbox 154 1895 327 1954; x_wconf 70' lang='lat' dir='ltr'>«Iuventus»,</span> <span class='ocrx_word' id='word_1_104' title='bbox 346 1893 443 1956; x_wconf 74' lang='lat' dir='ltr'>inqiut,</span> <span class='ocrx_word' id='word_1_105' title='bbox 462 1895 506 1943; x_wconf 79' lang='lat' dir='ltr'>«ut</span> <span class='ocrx_word' id='word_1_106' title='bbox 517 1905 629 1943; x_wconf 88' lang='lat' dir='ltr'>coronas</span> <span class='ocrx_word' id='word_1_107' title='bbox 666 1889 749 1941; x_wconf 83' lang='lat' dir='ltr'>cultas</span> <span class='ocrx_word' id='word_1_108' title='bbox 771 1890 921 1941; x_wconf 88' lang='lat' dir='ltr'>alteutlei0</span> <span class='ocrx_word' id='word_1_109' title='bbox 944 1895 1028 1954; x_wconf 81' lang='lat' dir='ltr'>mota,</span> <span class='ocrx_word' id='word_1_110' title='bbox 1053 1897 1188 1958; x_wconf 87' lang='lat' dir='ltr'>quomode</span> 
     </span>
     <span class='ocr_line' id='line_1_14' title="bbox 106 1963 1187 2032; baseline 0.003 -15"><span class='ocrx_word' id='word_1_111' title='bbox 106 1971 226 2018; x_wconf 80' lang='lat' dir='ltr'>recentes</span> <span class='ocrx_word' id='word_1_112' title='bbox 237 1968 358 2018; x_wconf 78' lang='lat' dir='ltr'>hederae</span> <span class='ocrx_word' id='word_1_113' title='bbox 369 1970 450 2031; x_wconf 89' lang='lat' dir='ltr'>atque</span> <span class='ocrx_word' id='word_1_114' title='bbox 461 1968 542 2030; x_wconf 82' lang='lat' dir='ltr'>myrti</span> <span class='ocrx_word' id='word_1_115' title='bbox 553 1981 629 2032; x_wconf 82' lang='lat' dir='ltr'>prae-</span> <span class='ocrx_word' id='word_1_116' title='bbox 665 1963 723 2014; x_wconf 85' lang='lat' dir='ltr'>fieri</span> <span class='ocrx_word' id='word_1_117' title='bbox 739 1966 863 2029; x_wconf 84' lang='lat' dir='ltr'>potuerit,</span> <span class='ocrx_word' id='word_1_118' title='bbox 882 1967 911 2016; x_wconf 94' lang='lat' dir='ltr'>ut</span> <span class='ocrx_word' id='word_1_119' title='bbox 930 1966 1053 2019; x_wconf 84' lang='lat' dir='ltr'>Iuventus</span> <span class='ocrx_word' id='word_1_120' title='bbox 1070 1971 1187 2020; x_wconf 79' lang='lat' dir='ltr'>Romana</span> 
     </span>
     <span class='ocr_line' id='line_1_15' title="bbox 107 2038 1188 2104; baseline 0.005 -13"><span class='ocrx_word' id='word_1_121' title='bbox 107 2041 154 2092; x_wconf 84' lang='lat' dir='ltr'>lert</span> <span class='ocrx_word' id='word_1_122' title='bbox 179 2043 421 2104; x_wconf 82' lang='lat' dir='ltr'>tlaceeseenIIbus,</span> <span class='ocrx_word' id='word_1_123' title='bbox 456 2043 492 2093; x_wconf 88' lang='lat' dir='ltr'>ita</span> <span class='ocrx_word' id='word_1_124' title='bbox 523 2047 628 2093; x_wconf 87' lang='lat' dir='ltr'>teneras</span> <span class='ocrx_word' id='word_1_125' title='bbox 664 2038 753 2090; x_wconf 86' lang='lat' dir='ltr'>aridas</span> <span class='ocrx_word' id='word_1_126' title='bbox 761 2038 817 2090; x_wconf 87' lang='lat' dir='ltr'>illas</span> <span class='ocrx_word' id='word_1_127' title='bbox 826 2039 933 2091; x_wconf 84' lang='lat' dir='ltr'>frondes</span> <span class='ocrx_word' id='word_1_128' title='bbox 943 2040 1041 2104; x_wconf 86' lang='lat' dir='ltr'>Hebro,</span> <span class='ocrx_word' id='word_1_129' title='bbox 1052 2047 1124 2096; x_wconf 86' lang='lat' dir='ltr'>amni</span> <span class='ocrx_word' id='word_1_130' title='bbox 1132 2049 1188 2096; x_wconf 88' lang='lat' dir='ltr'>tam</span> 
     </span>
     <span class='ocr_line' id='line_1_16' title="bbox 106 2115 1188 2184; baseline 0.006 -18"><span class='ocrx_word' id='word_1_131' title='bbox 106 2116 203 2179; x_wconf 82' lang='lat' dir='ltr'>puellas</span> <span class='ocrx_word' id='word_1_132' title='bbox 220 2118 272 2168; x_wconf 91' lang='lat' dir='ltr'>tibi</span> <span class='ocrx_word' id='word_1_133' title='bbox 290 2119 344 2168; x_wconf 88' lang='lat' dir='ltr'>iam</span> <span class='ocrx_word' id='word_1_134' title='bbox 361 2117 492 2168; x_wconf 74' lang='lat' dir='ltr'>vetulae.»</span> <span class='ocrx_word' id='word_1_135' title='bbox 527 2116 628 2168; x_wconf 83' lang='lat' dir='ltr'>Eadem</span> <span class='ocrx_word' id='word_1_136' title='bbox 664 2117 777 2177; x_wconf 86' lang='lat' dir='ltr'>remote,</span> <span class='ocrx_word' id='word_1_137' title='bbox 793 2115 937 2166; x_wconf 78' lang='lat' dir='ltr'><strong>dedicaret.</strong></span> <span class='ocrx_word' id='word_1_138' title='bbox 959 2118 990 2166; x_wconf 87' lang='lat' dir='ltr'>Et</span> <span class='ocrx_word' id='word_1_139' title='bbox 1004 2118 1100 2170; x_wconf 70' lang='lat' dir='ltr'>Herna</span> <span class='ocrx_word' id='word_1_140' title='bbox 1110 2123 1188 2184; x_wconf 88' lang='lat' dir='ltr'>poni-</span> 
     </span>
     <span class='ocr_line' id='line_1_17' title="bbox 105 2189 1188 2258; baseline 0.006 -21"><span class='ocrx_word' id='word_1_141' title='bbox 105 2189 226 2254; x_wconf 76' lang='lat' dir='ltr'>rllegorIa</span> <span class='ocrx_word' id='word_1_142' title='bbox 243 2192 295 2243; x_wconf 83' lang='lat' dir='ltr'>Od.</span> <span class='ocrx_word' id='word_1_143' title='bbox 313 2192 338 2253; x_wconf 75' lang='lat' dir='ltr'>l,</span> <span class='ocrx_word' id='word_1_144' title='bbox 357 2193 398 2253; x_wconf 81' lang='grc'>43,</span> <span class='ocrx_word' id='word_1_145' title='bbox 412 2194 435 2242; x_wconf 82' lang='grc'>9,</span> <span class='ocrx_word' id='word_1_146' title='bbox 454 2193 543 2242; x_wconf 60' lang='lat' dir='ltr'>aridas</span> <span class='ocrx_word' id='word_1_147' title='bbox 553 2205 629 2254; x_wconf 74' lang='lat' dir='ltr'>qaor-</span> <span class='ocrx_word' id='word_1_148' title='bbox 664 2189 707 2237; x_wconf 91' lang='lat' dir='ltr'>tur</span> <span class='ocrx_word' id='word_1_149' title='bbox 721 2201 770 2252; x_wconf 87' lang='lat' dir='ltr'>pro</span> <span class='ocrx_word' id='word_1_150' title='bbox 785 2189 865 2239; x_wconf 86' lang='lat' dir='ltr'>lluvio</span> <span class='ocrx_word' id='word_1_151' title='bbox 882 2203 1041 2254; x_wconf 86' lang='lat' dir='ltr'>quocunque</span> <span class='ocrx_word' id='word_1_152' title='bbox 1055 2193 1147 2258; x_wconf 84' lang='lat' dir='ltr'>Irigido</span> <span class='ocrx_word' id='word_1_153' title='bbox 1161 2198 1188 2247; x_wconf 87' lang='lat' dir='ltr'>et</span> 
     </span>
     <span class='ocr_line' id='line_1_18' title="bbox 106 2263 1186 2332; baseline 0.006 -17"><span class='ocrx_word' id='word_1_154' title='bbox 106 2279 153 2315; x_wconf 75' lang='lat' dir='ltr'>aa.</span> <span class='ocrx_word' id='word_1_155' title='bbox 170 2266 323 2318; x_wconf 80' lang='lat' dir='ltr'>Archiloch.</span> <span class='ocrx_word' id='word_1_156' title='bbox 343 2269 445 2330; x_wconf 82' lang='lat' dir='ltr'>Fragm.</span> <span class='ocrx_word' id='word_1_157' title='bbox 464 2266 504 2316; x_wconf 82' lang='lat' dir='ltr'>al.</span> <span class='ocrx_word' id='word_1_158' title='bbox 518 2266 626 2329; x_wconf 65' lang='lat' dir='ltr'>Bergk:</span> <span class='ocrx_word' id='word_1_159' title='bbox 664 2277 786 2315; x_wconf 87' lang='lat' dir='ltr'>amoeno.</span> <span class='ocrx_word' id='word_1_160' title='bbox 816 2263 928 2315; x_wconf 80' lang='lat' dir='ltr'><strong>Alcaeus</strong></span> <span class='ocrx_word' id='word_1_161' title='bbox 953 2267 1045 2329; x_wconf 81' lang='lat' dir='ltr'>Bergk.</span> <span class='ocrx_word' id='word_1_162' title='bbox 1073 2281 1099 2332; x_wconf 87' lang='lat' dir='ltr'>p.</span> <span class='ocrx_word' id='word_1_163' title='bbox 1124 2271 1186 2321; x_wconf 73' lang='lat'>59⁴:</span> 
     </span>
     <span class='ocr_line' id='line_1_19' title="bbox 107 2331 1188 2410; baseline -0.007 -18"><span class='ocrx_word' id='word_1_164' title='bbox 107 2333 204 2392; x_wconf 67' lang='lat' dir='ltr'>Ov&#39;nIa’</span> <span class='ocrx_word' id='word_1_165' title='bbox 240 2335 325 2406; x_wconf 75' lang='grc' dir='ltr'><strong><em>ὁμῶς</em></strong></span> <span class='ocrx_word' id='word_1_166' title='bbox 360 2338 477 2404; x_wconf 66' lang='lat' dir='ltr'>dulberg</span> <span class='ocrx_word' id='word_1_167' title='bbox 513 2334 628 2390; x_wconf 77' lang='grc' dir='ltr'><em>ἁπαλὸν</em></span> <span class='ocrx_word' id='word_1_168' title='bbox 658 2331 762 2410; x_wconf 80' lang='grc' dir='ltr'><strong><em>Ἕβρος</em></strong></span> <span class='ocrx_word' id='word_1_169' title='bbox 781 2335 934 2402; x_wconf 69' lang='grc' dir='ltr'><strong><em>κάλλιστος</em></strong></span> <span class='ocrx_word' id='word_1_170' title='bbox 953 2337 1100 2406; x_wconf 77' lang='grc' dir='ltr'><em>ποτάμων.</em></span> <span class='ocrx_word' id='word_1_171' title='bbox 1120 2344 1188 2396; x_wconf 76' lang='lat' dir='ltr'>rae.</span> 
     </span>
     <span class='ocr_line' id='line_1_20' title="bbox 107 2409 1268 2504; baseline 0 -38"><span class='ocrx_word' id='word_1_172' title='bbox 107 2412 185 2484; x_wconf 77' lang='grc' dir='ltr'>χρόα·</span> <span class='ocrx_word' id='word_1_173' title='bbox 197 2413 344 2487; x_wconf 76' lang='grc' dir='ltr'><em>κάρφεται</em></span> <span class='ocrx_word' id='word_1_174' title='bbox 354 2410 408 2504; x_wconf 54' lang='grc' dir='ltr'>γὰρ</span> <span class='ocrx_word' id='word_1_175' title='bbox 419 2410 484 2482; x_wconf 77' lang='grc' dir='ltr'><em>ἤδη.</em></span> <span class='ocrx_word' id='word_1_176' title='bbox 501 2413 626 2477; x_wconf 80' lang='lat' dir='ltr'>Aeschyl.</span> <span class='ocrx_word' id='word_1_177' title='bbox 664 2414 810 2476; x_wconf 82' lang='lat' dir='ltr'>oer.l‚tll</span> <span class='ocrx_word' id='word_1_178' title='bbox 823 2428 828 2463; x_wconf 93' lang='lat'>:</span> <span class='ocrx_word' id='word_1_179' title='bbox 841 2409 1187 2483; x_wconf 64' lang='lat' dir='ltr'>Eiqu&#39;llduvaivptva’v</span> <span class='ocrx_word' id='word_1_180' title='bbox 1257 2441 1268 2456; x_wconf 63' lang='grc' dir='ltr'><em>ι</em></span> 
     </span>
     <span class='ocr_line' id='line_1_21' title="bbox 106 2483 1187 2565; baseline 0.004 -27"><span class='ocrx_word' id='word_1_181' title='bbox 106 2491 193 2552; x_wconf 77' lang='lat' dir='ltr'>dgam.</span> <span class='ocrx_word' id='word_1_182' title='bbox 206 2492 257 2541; x_wconf 79' lang='lat'>79:</span> <span class='ocrx_word' id='word_1_183' title='bbox 276 2485 315 2540; x_wconf 79' lang='lat' dir='ltr'>ml</span> <span class='ocrx_word' id='word_1_184' title='bbox 332 2491 359 2540; x_wconf 75' lang='grc' dir='ltr'>θ’</span> <span class='ocrx_word' id='word_1_185' title='bbox 378 2493 546 2562; x_wconf 78' lang='grc' dir='ltr'><strong><em>υπέργηρων</em></strong></span> <span class='ocrx_word' id='word_1_186' title='bbox 557 2487 628 2551; x_wconf 81' lang='grc' dir='ltr'><strong><em>φυλ-</em></strong></span> <span class='ocrx_word' id='word_1_187' title='bbox 663 2483 749 2560; x_wconf 66' lang='grc' dir='ltr'><strong><em>ὄρεσι</em></strong></span> <span class='ocrx_word' id='word_1_188' title='bbox 764 2490 880 2554; x_wconf 75' lang='grc' dir='ltr'><strong><em>χείματι</em></strong></span> <span class='ocrx_word' id='word_1_189' title='bbox 895 2491 996 2557; x_wconf 65' lang='grc' dir='ltr'>μέσσῳ</span> <span class='ocrx_word' id='word_1_190' title='bbox 1009 2483 1114 2563; x_wconf 78' lang='grc' dir='ltr'><em>Ἕβρον</em></span> <span class='ocrx_word' id='word_1_191' title='bbox 1129 2488 1187 2565; x_wconf 78' lang='grc' dir='ltr'>πὰρ</span> 
     </span>
     <span class='ocr_line' id='line_1_22' title="bbox 107 2559 1187 2641; baseline 0.006 -30"><span class='ocrx_word' id='word_1_192' title='bbox 107 2559 188 2627; x_wconf 80' lang='grc' dir='ltr'><strong><em>λάδος</em></strong></span> <span class='ocrx_word' id='word_1_193' title='bbox 204 2559 265 2631; x_wconf 73' lang='grc' dir='ltr'>ἤδη</span> <span class='ocrx_word' id='word_1_194' title='bbox 282 2565 551 2636; x_wconf 71' lang='grc' dir='ltr'><strong><em>Κατακαρφομένης</em></strong></span> <span class='ocrx_word' id='word_1_195' title='bbox 566 2565 627 2634; x_wconf 71' lang='grc' dir='ltr'>τρι·</span> <span class='ocrx_word' id='word_1_196' title='bbox 663 2561 795 2629; x_wconf 80' lang='grc' dir='ltr'><em>ποταμὸν</em></span> <span class='ocrx_word' id='word_1_197' title='bbox 803 2566 997 2635; x_wconf 71' lang='grc' dir='ltr'><em>τετραμμένος</em></span> <span class='ocrx_word' id='word_1_198' title='bbox 1007 2563 1125 2633; x_wconf 70' lang='grc' dir='ltr'>ἐγγύθεν</span> <span class='ocrx_word' id='word_1_199' title='bbox 1133 2561 1187 2641; x_wconf 76' lang='grc' dir='ltr'>ἅρ-</span> 
     </span>
     <span class='ocr_line' id='line_1_23' title="bbox 108 2634 1184 2707; baseline 0.008 -21"><span class='ocrx_word' id='word_1_200' title='bbox 108 2637 193 2702; x_wconf 75' lang='grc' dir='ltr'><strong><em>,τοδας</em></strong></span> <span class='ocrx_word' id='word_1_201' title='bbox 208 2641 267 2706; x_wconf 74' lang='grc' dir='ltr'>μὲν</span> <span class='ocrx_word' id='word_1_202' title='bbox 285 2634 371 2702; x_wconf 75' lang='grc' dir='ltr'><strong><em>ὁδοὺς</em></strong></span> <span class='ocrx_word' id='word_1_203' title='bbox 382 2640 500 2700; x_wconf 81' lang='grc' dir='ltr'><strong><em>Στείχει.</em></strong></span> <span class='ocrx_word' id='word_1_204' title='bbox 521 2638 624 2691; x_wconf 88' lang='lat' dir='ltr'>llnlhol.</span> <span class='ocrx_word' id='word_1_205' title='bbox 662 2653 742 2690; x_wconf 79' lang='grc' dir='ltr'><strong><em>κτου.</em></strong></span> <span class='ocrx_word' id='word_1_206' title='bbox 754 2640 793 2690; x_wconf 88' lang='lat' dir='ltr'>De</span> <span class='ocrx_word' id='word_1_207' title='bbox 803 2640 899 2692; x_wconf 87' lang='lat' dir='ltr'>eadem</span> <span class='ocrx_word' id='word_1_208' title='bbox 908 2639 1059 2691; x_wconf 83' lang='lat' dir='ltr'>difficultate</span> <span class='ocrx_word' id='word_1_209' title='bbox 1069 2642 1104 2692; x_wconf 90' lang='lat' dir='ltr'>ad</span> <span class='ocrx_word' id='word_1_210' title='bbox 1113 2643 1184 2707; x_wconf 81' lang='lat' dir='ltr'>virg.</span> 
     </span>
     <span class='ocr_line' id='line_1_24' title="bbox 109 2712 1187 2787; baseline 0.006 -25"><span class='ocrx_word' id='word_1_211' title='bbox 109 2712 156 2762; x_wconf 86' lang='lat' dir='ltr'>Pal.</span> <span class='ocrx_word' id='word_1_212' title='bbox 174 2717 204 2766; x_wconf 95' lang='lat' dir='ltr'>lI.</span> <span class='ocrx_word' id='word_1_213' title='bbox 217 2729 247 2780; x_wconf 90' lang='lat' dir='ltr'>p.</span> <span class='ocrx_word' id='word_1_214' title='bbox 260 2715 322 2766; x_wconf 70' lang='lat' dir='ltr'>lea:</span> <span class='ocrx_word' id='word_1_215' title='bbox 340 2712 392 2766; x_wconf 77' lang='grc' dir='ltr'>νῦν</span> <span class='ocrx_word' id='word_1_216' title='bbox 409 2713 432 2764; x_wconf 79' lang='grc' dir='ltr'>δ’</span> <span class='ocrx_word' id='word_1_217' title='bbox 450 2713 625 2787; x_wconf 74' lang='grc' dir='ltr'><em>ἐμαράνθης,</em></span> <span class='ocrx_word' id='word_1_218' title='bbox 661 2716 727 2765; x_wconf 80' lang='lat' dir='ltr'>Aen.</span> <span class='ocrx_word' id='word_1_219' title='bbox 747 2715 776 2775; x_wconf 85' lang='lat' dir='ltr'>l,</span> <span class='ocrx_word' id='word_1_220' title='bbox 803 2713 864 2764; x_wconf 72' lang='lat'>³47:</span> <span class='ocrx_word' id='word_1_221' title='bbox 887 2717 1057 2776; x_wconf 73' lang='lat' dir='ltr'>praevertitur</span> <span class='ocrx_word' id='word_1_222' title='bbox 1076 2717 1187 2768; x_wconf 72' lang='lat' dir='ltr'>aarum</span> 
     </span>
     <span class='ocr_line' id='line_1_25' title="bbox 108 2785 1187 2862; baseline 0.003 -22"><span class='ocrx_word' id='word_1_223' title='bbox 108 2785 216 2859; x_wconf 75' lang='grc' dir='ltr'><strong><em>Γήραος</em></strong></span> <span class='ocrx_word' id='word_1_224' title='bbox 232 2785 375 2860; x_wconf 74' lang='grc' dir='ltr'><strong><em>αὐχμηρῷ</em></strong></span> <span class='ocrx_word' id='word_1_225' title='bbox 393 2793 563 2862; x_wconf 64' lang='grc' dir='ltr'><strong><em>κσρφομένη</em></strong></span> <span class='ocrx_word' id='word_1_226' title='bbox 581 2789 628 2840; x_wconf 74' lang='grc' dir='ltr'>θέ-</span> <span class='ocrx_word' id='word_1_227' title='bbox 664 2788 705 2853; x_wconf 89' lang='lat' dir='ltr'>(al.</span> <span class='ocrx_word' id='word_1_228' title='bbox 731 2788 838 2853; x_wconf 66' lang='lat' dir='ltr'>uam)</span> <span class='ocrx_word' id='word_1_229' title='bbox 868 2792 992 2840; x_wconf 77' lang='lat' dir='ltr'>accurata</span> <span class='ocrx_word' id='word_1_230' title='bbox 1019 2789 1187 2854; x_wconf 77' lang='lat' dir='ltr'>disputammt</span> 
     </span>
     <span class='ocr_line' id='line_1_26' title="bbox 108 2863 1183 2930; baseline 0.006 -18"><span class='ocrx_word' id='word_1_231' title='bbox 108 2863 155 2930; x_wconf 73' lang='lat' dir='ltr'>pai.</span> <span class='ocrx_word' id='word_1_232' title='bbox 183 2865 625 2930; x_wconf 77' lang='lat' dir='ltr'>Necduertauthol.l³al.11.p.</span> <span class='ocrx_word' id='word_1_233' title='bbox 663 2865 782 2928; x_wconf 77' lang='lat' dir='ltr'>Heynius</span> <span class='ocrx_word' id='word_1_234' title='bbox 804 2865 831 2913; x_wconf 86' lang='lat' dir='ltr'>et</span> <span class='ocrx_word' id='word_1_235' title='bbox 853 2864 1011 2926; x_wconf 80' lang='lat' dir='ltr'>Wagnerus.</span> <span class='ocrx_word' id='word_1_236' title='bbox 1048 2867 1183 2928; x_wconf 86' lang='lat' dir='ltr'>Ceterum,</span> 
     </span>
     <span class='ocr_line' id='line_1_27' title="bbox 109 2935 1186 3005; baseline 0.004 -19"><span class='ocrx_word' id='word_1_237' title='bbox 109 2935 160 2988; x_wconf 78' lang='lat' dir='ltr'>lea.</span> <span class='ocrx_word' id='word_1_238' title='bbox 181 2935 218 2990; x_wconf 78' lang='grc' dir='ltr'>τὰ</span> <span class='ocrx_word' id='word_1_239' title='bbox 240 2937 359 2990; x_wconf 60' lang='lat' dir='ltr'>notatae</span> <span class='ocrx_word' id='word_1_240' title='bbox 381 2941 403 2991; x_wconf 84' lang='lat' dir='ltr'>si</span> <span class='ocrx_word' id='word_1_241' title='bbox 422 2941 502 2990; x_wconf 84' lang='lat' dir='ltr'>infida</span> <span class='ocrx_word' id='word_1_242' title='bbox 520 2941 625 3001; x_wconf 87' lang='lat' dir='ltr'>tuerint,</span> <span class='ocrx_word' id='word_1_243' title='bbox 663 2938 816 3001; x_wconf 86' lang='lat' dir='ltr'>ubicunque</span> <span class='ocrx_word' id='word_1_244' title='bbox 844 2937 899 2988; x_wconf 85' lang='lat' dir='ltr'>lere</span> <span class='ocrx_word' id='word_1_245' title='bbox 931 2939 1026 2990; x_wconf 71' lang='lat' dir='ltr'>ileum</span> <span class='ocrx_word' id='word_1_246' title='bbox 1052 2953 1067 2989; x_wconf 85' lang='lat' dir='ltr'>a</span> <span class='ocrx_word' id='word_1_247' title='bbox 1100 2943 1186 3005; x_wconf 82' lang='lat' dir='ltr'>poetis</span> 
     </span>
     <span class='ocr_line' id='line_1_28' title="bbox 109 3007 1184 3086; baseline 0.002 -25"><span class='ocrx_word' id='word_1_248' title='bbox 109 3009 212 3084; x_wconf 76' lang='grc' dir='ltr'><em>μύρτον</em></span> <span class='ocrx_word' id='word_1_249' title='bbox 237 3007 329 3064; x_wconf 76' lang='grc' dir='ltr'><strong><em>ἕωλον</em></strong></span> <span class='ocrx_word' id='word_1_250' title='bbox 353 3008 500 3086; x_wconf 54' lang='lat' dir='ltr'>&#39;Biblada</span> <span class='ocrx_word' id='word_1_251' title='bbox 528 3012 627 3086; x_wconf 81' lang='grc' dir='ltr'><strong><em>ξηροῖς</em></strong></span> <span class='ocrx_word' id='word_1_252' title='bbox 663 3015 837 3072; x_wconf 78' lang='lat' dir='ltr'>memoratur,</span> <span class='ocrx_word' id='word_1_253' title='bbox 856 3013 944 3062; x_wconf 87' lang='lat' dir='ltr'>Critiei</span> <span class='ocrx_word' id='word_1_254' title='bbox 960 3013 1080 3063; x_wconf 88' lang='lat' dir='ltr'>mutandi</span> <span class='ocrx_word' id='word_1_255' title='bbox 1096 3013 1184 3078; x_wconf 86' lang='lat' dir='ltr'>capIdi</span> 
     </span>
     <span class='ocr_line' id='line_1_29' title="bbox 110 3084 1183 3160; baseline 0 -22"><span class='ocrx_word' id='word_1_256' title='bbox 110 3087 272 3160; x_wconf 69' lang='grc' dir='ltr'><strong><em>φυρόμενον</em></strong></span> <span class='ocrx_word' id='word_1_257' title='bbox 288 3087 455 3153; x_wconf 82' lang='grc' dir='ltr'><strong><em>σκυβάλοις.</em></strong></span> <span class='ocrx_word' id='word_1_258' title='bbox 486 3093 557 3142; x_wconf 87' lang='lat' dir='ltr'>Pers.</span> <span class='ocrx_word' id='word_1_259' title='bbox 572 3093 624 3142; x_wconf 87' lang='lat' dir='ltr'>Sat.</span> <span class='ocrx_word' id='word_1_260' title='bbox 664 3089 801 3147; x_wconf 78' lang='lat' dir='ltr'>exstitere,</span> <span class='ocrx_word' id='word_1_261' title='bbox 830 3084 903 3135; x_wconf 85' lang='lat' dir='ltr'>velut</span> <span class='ocrx_word' id='word_1_262' title='bbox 929 3085 972 3135; x_wconf 88' lang='lat' dir='ltr'>Sil.</span> <span class='ocrx_word' id='word_1_263' title='bbox 1002 3085 1058 3136; x_wconf 87' lang='lat' dir='ltr'>Ital.</span> <span class='ocrx_word' id='word_1_264' title='bbox 1085 3089 1110 3150; x_wconf 71' lang='grc' dir='ltr'>Ξ,</span> <span class='ocrx_word' id='word_1_265' title='bbox 1137 3087 1183 3139; x_wconf 77' lang='lat' dir='ltr'>rt:</span> 
     </span>
     <span class='ocr_line' id='line_1_30' title="bbox 109 3161 1186 3230; baseline 0.004 -22"><span class='ocrx_word' id='word_1_266' title='bbox 109 3161 131 3220; x_wconf 78' lang='lat' dir='ltr'>t,</span> <span class='ocrx_word' id='word_1_267' title='bbox 148 3163 191 3214; x_wconf 81' lang='lat'>59:</span> <span class='ocrx_word' id='word_1_268' title='bbox 208 3166 301 3215; x_wconf 75' lang='lat' dir='ltr'>veteris</span> <span class='ocrx_word' id='word_1_269' title='bbox 315 3165 429 3215; x_wconf 81' lang='lat' dir='ltr'>ramalia</span> <span class='ocrx_word' id='word_1_270' title='bbox 442 3166 505 3230; x_wconf 64' lang='lat' dir='ltr'>fagi.</span> <span class='ocrx_word' id='word_1_271' title='bbox 662 3174 786 3223; x_wconf 70' lang='lat' dir='ltr'>caraeque</span> <span class='ocrx_word' id='word_1_272' title='bbox 810 3161 922 3225; x_wconf 61' lang='lat' dir='ltr'>[atinent</span> <span class='ocrx_word' id='word_1_273' title='bbox 945 3161 1055 3211; x_wconf 77' lang='lat' dir='ltr'>Hebrum</span> <span class='ocrx_word' id='word_1_274' title='bbox 1078 3164 1186 3226; x_wconf 58' lang='lat' dir='ltr'>inarata</span> 
     </span>
    </p>

    <p class='ocr_par' dir='ltr' id='par_1_5' title="bbox 109 3234 1207 3898">
     <span class='ocr_line' id='line_1_31' title="bbox 138 3234 1207 3300; baseline 0.001 -14"><span class='ocrx_word' id='word_1_275' title='bbox 138 3237 177 3287; x_wconf 80' lang='lat' dir='ltr'>aa.</span> <span class='ocrx_word' id='word_1_276' title='bbox 193 3239 300 3299; x_wconf 68' lang='lat' dir='ltr'>aalma,</span> <span class='ocrx_word' id='word_1_277' title='bbox 318 3239 414 3290; x_wconf 86' lang='lat' dir='ltr'>fluvius</span> <span class='ocrx_word' id='word_1_278' title='bbox 426 3240 561 3300; x_wconf 87' lang='lat' dir='ltr'>Thraciae,</span> <span class='ocrx_word' id='word_1_279' title='bbox 575 3241 627 3289; x_wconf 90' lang='lat' dir='ltr'>ter·</span> <span class='ocrx_word' id='word_1_280' title='bbox 662 3249 762 3294; x_wconf 72' lang='lat' dir='ltr'>menta.</span> <span class='ocrx_word' id='word_1_281' title='bbox 784 3236 952 3285; x_wconf 78' lang='lat' dir='ltr'><strong>Burmannus</strong></span> <span class='ocrx_word' id='word_1_282' title='bbox 985 3234 1092 3286; x_wconf 84' lang='lat' dir='ltr'>volebat</span> <span class='ocrx_word' id='word_1_283' title='bbox 1116 3238 1207 3297; x_wconf 26' lang='lat' dir='ltr'>Hae-s</span> 
     </span>
     <span class='ocr_line' id='line_1_32' title="bbox 109 3309 1185 3377; baseline 0 -18"><span class='ocrx_word' id='word_1_284' title='bbox 109 3321 151 3359; x_wconf 84' lang='lat' dir='ltr'>rae</span> <span class='ocrx_word' id='word_1_285' title='bbox 172 3313 370 3377; x_wconf 65' lang='lat' dir='ltr'>frigidissimam</span> <span class='ocrx_word' id='word_1_286' title='bbox 398 3315 451 3363; x_wconf 89' lang='lat' dir='ltr'>iam</span> <span class='ocrx_word' id='word_1_287' title='bbox 473 3327 534 3364; x_wconf 89' lang='lat' dir='ltr'>eum</span> <span class='ocrx_word' id='word_1_288' title='bbox 556 3316 626 3364; x_wconf 84' lang='lat' dir='ltr'>cirea</span> <span class='ocrx_word' id='word_1_289' title='bbox 661 3325 739 3361; x_wconf 72' lang='lat' dir='ltr'>maen.</span> <span class='ocrx_word' id='word_1_290' title='bbox 759 3309 1185 3373; x_wconf 73' lang='lat' dir='ltr'>(uliemotissimelbraeiaeamni</span> 
     </span>
     <span class='ocr_line' id='line_1_33' title="bbox 111 3383 1186 3451; baseline 0.004 -19"><span class='ocrx_word' id='word_1_291' title='bbox 111 3383 223 3438; x_wconf 83' lang='lat' dir='ltr'>Hebrum</span> <span class='ocrx_word' id='word_1_292' title='bbox 249 3387 356 3438; x_wconf 82' lang='lat' dir='ltr'>assidua</span> <span class='ocrx_word' id='word_1_293' title='bbox 381 3392 500 3438; x_wconf 87' lang='lat' dir='ltr'>meretur</span> <span class='ocrx_word' id='word_1_294' title='bbox 525 3389 623 3451; x_wconf 84' lang='lat' dir='ltr'>Hiems,</span> <span class='ocrx_word' id='word_1_295' title='bbox 663 3398 742 3436; x_wconf 87' lang='lat' dir='ltr'>nemo</span> <span class='ocrx_word' id='word_1_296' title='bbox 769 3385 868 3434; x_wconf 77' lang='lat' dir='ltr'>nomae</span> <span class='ocrx_word' id='word_1_297' title='bbox 896 3384 996 3447; x_wconf 78' lang='lat' dir='ltr'>degens</span> <span class='ocrx_word' id='word_1_298' title='bbox 1022 3385 1186 3436; x_wconf 75' lang='lat' dir='ltr'>dedicaverit</span> 
     </span>
     <span class='ocr_line' id='line_1_34' title="bbox 111 3457 1185 3528; baseline 0.004 -21"><span class='ocrx_word' id='word_1_299' title='bbox 111 3457 148 3508; x_wconf 89' lang='lat' dir='ltr'>ille</span> <span class='ocrx_word' id='word_1_300' title='bbox 173 3461 253 3513; x_wconf 78' lang='lat' dir='ltr'>buius</span> <span class='ocrx_word' id='word_1_301' title='bbox 279 3463 371 3512; x_wconf 71' lang='lat' dir='ltr'>amatu</span> <span class='ocrx_word' id='word_1_302' title='bbox 403 3462 561 3528; x_wconf 84' lang='lat' dir='ltr'>appellatur,</span> <span class='ocrx_word' id='word_1_303' title='bbox 597 3466 626 3513; x_wconf 90' lang='lat' dir='ltr'>ut</span> <span class='ocrx_word' id='word_1_304' title='bbox 662 3460 749 3512; x_wconf 87' lang='lat' dir='ltr'>aridas</span> <span class='ocrx_word' id='word_1_305' title='bbox 762 3457 878 3510; x_wconf 85' lang='lat' dir='ltr'>lroudes.</span> <span class='ocrx_word' id='word_1_306' title='bbox 897 3461 989 3524; x_wconf 85' lang='lat' dir='ltr'>Neque</span> <span class='ocrx_word' id='word_1_307' title='bbox 1006 3462 1185 3511; x_wconf 87' lang='lat' dir='ltr'>tamenreee·</span> 
     </span>
     <span class='ocr_line' id='line_1_35' title="bbox 111 3530 1185 3601; baseline 0.005 -20"><span class='ocrx_word' id='word_1_308' title='bbox 111 3530 264 3587; x_wconf 79' lang='lat' dir='ltr'>Claudianus</span> <span class='ocrx_word' id='word_1_309' title='bbox 285 3536 348 3587; x_wconf 86' lang='lat' dir='ltr'>Bell.</span> <span class='ocrx_word' id='word_1_310' title='bbox 372 3537 504 3588; x_wconf 77' lang='lat' dir='ltr'>aeteae.</span> <span class='ocrx_word' id='word_1_311' title='bbox 538 3539 627 3588; x_wconf 85' lang='lat' dir='ltr'>Danu-</span> <span class='ocrx_word' id='word_1_312' title='bbox 661 3537 748 3601; x_wconf 79' lang='lat' dir='ltr'>per-Im</span> <span class='ocrx_word' id='word_1_313' title='bbox 765 3535 945 3585; x_wconf 87' lang='lat' dir='ltr'>coniecturam</span> <span class='ocrx_word' id='word_1_314' title='bbox 961 3536 1043 3596; x_wconf 77' lang='lat' dir='ltr'>Eure,</span> <span class='ocrx_word' id='word_1_315' title='bbox 1066 3535 1115 3586; x_wconf 89' lang='lat' dir='ltr'>sed</span> <span class='ocrx_word' id='word_1_316' title='bbox 1133 3535 1185 3586; x_wconf 92' lang='lat' dir='ltr'>bo-</span> 
     </span>
     <span class='ocr_line' id='line_1_36' title="bbox 111 3603 1185 3674; baseline 0.004 -19"><span class='ocrx_word' id='word_1_317' title='bbox 111 3603 179 3658; x_wconf 87' lang='lat' dir='ltr'>bium</span> <span class='ocrx_word' id='word_1_318' title='bbox 199 3613 227 3660; x_wconf 90' lang='lat' dir='ltr'>et</span> <span class='ocrx_word' id='word_1_319' title='bbox 242 3611 364 3662; x_wconf 83' lang='lat' dir='ltr'>Rhenum</span> <span class='ocrx_word' id='word_1_320' title='bbox 384 3613 480 3662; x_wconf 80' lang='lat' dir='ltr'>Boreae</span> <span class='ocrx_word' id='word_1_321' title='bbox 500 3613 627 3674; x_wconf 69' lang='lat' dir='ltr'>Martique</span> <span class='ocrx_word' id='word_1_322' title='bbox 663 3625 727 3662; x_wconf 88' lang='lat' dir='ltr'>num</span> <span class='ocrx_word' id='word_1_323' title='bbox 750 3609 908 3662; x_wconf 79' lang='lat' dir='ltr'>dormitasse</span> <span class='ocrx_word' id='word_1_324' title='bbox 931 3609 1076 3660; x_wconf 86' lang='lat' dir='ltr'>Homerum</span> <span class='ocrx_word' id='word_1_325' title='bbox 1096 3610 1185 3660; x_wconf 84' lang='lat' dir='ltr'>eredi-</span> 
     </span>
     <span class='ocr_line' id='line_1_37' title="bbox 111 3683 1184 3750; baseline 0.003 -17"><span class='ocrx_word' id='word_1_326' title='bbox 111 3683 198 3734; x_wconf 66' lang='lat' dir='ltr'>sorae</span> <span class='ocrx_word' id='word_1_327' title='bbox 212 3690 299 3747; x_wconf 87' lang='lat' dir='ltr'>vocat,</span> <span class='ocrx_word' id='word_1_328' title='bbox 319 3688 346 3737; x_wconf 89' lang='lat' dir='ltr'>et</span> <span class='ocrx_word' id='word_1_329' title='bbox 362 3687 409 3736; x_wconf 91' lang='lat' dir='ltr'>Od.</span> <span class='ocrx_word' id='word_1_330' title='bbox 429 3687 459 3750; x_wconf 82' lang='lat'>3,</span> <span class='ocrx_word' id='word_1_331' title='bbox 474 3687 519 3749; x_wconf 80' lang='grc'>48,</span> <span class='ocrx_word' id='word_1_332' title='bbox 537 3689 561 3738; x_wconf 86' lang='grc'>6.</span> <span class='ocrx_word' id='word_1_333' title='bbox 584 3689 627 3738; x_wconf 78' lang='lat' dir='ltr'>Va·</span> <span class='ocrx_word' id='word_1_334' title='bbox 662 3685 763 3744; x_wconf 82' lang='lat' dir='ltr'>dertm,</span> <span class='ocrx_word' id='word_1_335' title='bbox 790 3683 927 3736; x_wconf 84' lang='lat' dir='ltr'>Inductum</span> <span class='ocrx_word' id='word_1_336' title='bbox 950 3685 1060 3736; x_wconf 80' lang='lat' dir='ltr'>sortasse</span> <span class='ocrx_word' id='word_1_337' title='bbox 1083 3687 1184 3736; x_wconf 76' lang='lat' dir='ltr'>Graeco</span> 
     </span>
     <span class='ocr_line' id='line_1_38' title="bbox 112 3757 1184 3826; baseline 0.003 -19"><span class='ocrx_word' id='word_1_338' title='bbox 112 3757 173 3806; x_wconf 72' lang='lat' dir='ltr'>noris</span> <span class='ocrx_word' id='word_1_339' title='bbox 187 3760 279 3810; x_wconf 68' lang='lat' dir='ltr'>reddis</span> <span class='ocrx_word' id='word_1_340' title='bbox 295 3763 336 3812; x_wconf 85' lang='lat' dir='ltr'>est</span> <span class='ocrx_word' id='word_1_341' title='bbox 352 3763 465 3812; x_wconf 84' lang='lat' dir='ltr'>cratera.</span> <span class='ocrx_word' id='word_1_342' title='bbox 484 3763 513 3812; x_wconf 89' lang='lat' dir='ltr'>ln</span> <span class='ocrx_word' id='word_1_343' title='bbox 523 3763 624 3814; x_wconf 86' lang='lat' dir='ltr'>Ilumeu</span> <span class='ocrx_word' id='word_1_344' title='bbox 662 3759 734 3826; x_wconf 82' lang='lat' dir='ltr'>quod</span> <span class='ocrx_word' id='word_1_345' title='bbox 747 3758 900 3810; x_wconf 78' lang='lat' dir='ltr'>imitabatur</span> <span class='ocrx_word' id='word_1_346' title='bbox 910 3759 1058 3824; x_wconf 84' lang='lat' dir='ltr'>exemplo.»</span> <span class='ocrx_word' id='word_1_347' title='bbox 1077 3760 1184 3809; x_wconf 78' lang='lat' dir='ltr'>srrrrrr</span> 
     </span>
     <span class='ocr_line' id='line_1_39' title="bbox 113 3827 1087 3898; baseline -0.001 -14"><span class='ocrx_word' id='word_1_348' title='bbox 113 3827 182 3892; x_wconf 63' lang='lat' dir='ltr'>tatur</span> <span class='ocrx_word' id='word_1_349' title='bbox 206 3845 318 3887; x_wconf 85' lang='lat' dir='ltr'>coronas</span> <span class='ocrx_word' id='word_1_350' title='bbox 339 3837 392 3887; x_wconf 86' lang='lat' dir='ltr'>iam</span> <span class='ocrx_word' id='word_1_351' title='bbox 415 3836 499 3888; x_wconf 77' lang='lat' dir='ltr'>vietae</span> <span class='ocrx_word' id='word_1_352' title='bbox 520 3839 548 3887; x_wconf 86' lang='lat' dir='ltr'>et</span> <span class='ocrx_word' id='word_1_353' title='bbox 564 3849 625 3887; x_wconf 85' lang='lat' dir='ltr'>are-</span> <span class='ocrx_word' id='word_1_354' title='bbox 662 3837 754 3888; x_wconf 75' lang='lat' dir='ltr'>oman.</span> <span class='ocrx_word' id='word_1_355' title='bbox 772 3835 834 3886; x_wconf 81' lang='lat' dir='ltr'>Her.</span> <span class='ocrx_word' id='word_1_356' title='bbox 852 3835 922 3898; x_wconf 78' lang='lat' dir='ltr'>spec.</span> <span class='ocrx_word' id='word_1_357' title='bbox 940 3835 973 3886; x_wconf 90' lang='lat' dir='ltr'>II.</span> <span class='ocrx_word' id='word_1_358' title='bbox 991 3847 1018 3898; x_wconf 89' lang='lat' dir='ltr'>p.</span> <span class='ocrx_word' id='word_1_359' title='bbox 1036 3833 1087 3897; x_wconf 77' lang='lat' dir='ltr'>m.)</span> 
     </span>
    </p>
   </div>
   <div class='ocr_carea' id='block_1_5' title="bbox 0 0 1506 4980">
    <p class='ocr_par' dir='ltr' id='par_1_6' title="bbox 0 0 1506 4980">
     <span class='ocr_line' id='line_1_40' title="bbox 0 0 1506 4980; baseline 0 0"><span class='ocrx_word' id='word_1_360' title='bbox 0 0 1506 4980; x_wconf 95' lang='lat' dir='ltr'> </span> 
     </span>
    </p>
   </div>
  </div>
 </body>
</html>
