3002 4974
706 421 832 472 llOllATll
852 421 1020 472 CARMINUM

445 580 578 644 Laetum
601 577 733 643 theatris
756 585 805 642 ter
826 576 951 663 crepuit
972 595 1102 641 sonum:

488 700 537 765 itte
561 709 693 764 truncus
717 697 850 786 illapsus
872 696 1010 764 cerebro

529 818 725 897 sustulerat,
749 819 811 885 nisi
833 821 963 886 Faunus
985 820 1082 885 icturu

444 945 563 1009 Dextra
585 940 740 1016 levasset,
765 939 1002 1007 Mercurialium

444 1065 559 1130 Custos
580 1063 732 1129 virorum.
778 1061 926 1129 Reddere
955 1063 1099 1128 victimas
1352 1063 1385 1126 30

385 1273 425 1322 26.
453 1271 552 1320 Festum
571 1269 655 1320 Codd.
678 1268 739 1332 aliq.
763 1271 831 1318 teste
858 1270 1003 1332 Cuuingh.,
1030 1270 1074 1332 qui
1101 1271 1169 1320 coui.
1189 1272 1311 1322 Facetam
1336 1299 1358 1307 -

353 1348 393 1396 27.
412 1347 524 1409 inlapsus
540 1346 569 1395 T.

320 1532 387 1584 laius
413 1535 508 1598 iungit:
540 1534 698 1594 ealeataque
721 1533 777 1582 atus
804 1531 845 1594 (et
880 1537 969 1593 cacque
984 1533 1074 1594 sorau.
1097 1559 1124 1568 -
1143 1534 1257 1597 Faunus]
1274 1534 1319 1584 cd.
1331 1534 1353 1593 3,
1369 1535 1389 1584 8.

319 1607 421 1659 habeut
444 1608 528 1659 Codd.
548 1607 649 1672 aliquot
663 1605 842 1669 columesque).
881 1607 916 1668 7.,
936 1607 966 1656 ut
981 1610 1077 1670 poetae
1089 1605 1195 1668 licebat,
1214 1609 1316 1658 Baccho
1327 1620 1391 1658 sura

318 1685 375 1734 lam
393 1684 441 1734 etsi
464 1683 571 1734 Ovidius
591 1686 621 1734 Α.
641 1685 670 1734 Α.
689 1686 719 1742 2,
742 1681 784 1733 tt.
803 1681 845 1730 di-
882 1683 1112 1732 conseruatiouem
1126 1681 1225 1732 tribuit.
1240 1684 1390 1735 HicFounur.

319 1757 369 1806 xit:
395 1759 667 1821 amnemamnem
689 1757 795 1819 dimouit
818 1755 845 1804 ln
881 1755 1007 1807 silvarum
1031 1759 1059 1808 et
1080 1770 1206 1820 agrorum
1231 1759 1311 1818 deus,
1336 1763 1391 1822 potL

321 1832 409 1880 ordine
421 1845 532 1904 pennus,
556 1833 598 1882 vix
616 1835 681 1896 puto
698 1831 843 1890 Horatium,
882 1835 937 1882 tam
958 1832 1013 1895 agri
1034 1833 1169 1882 amantem
1189 1834 1269 1896 atque
1287 1832 1392 1884 solitudi-

319 1907 428 1969 poetam
440 1906 465 1956 iu
476 1907 598 1970 epithetis
608 1907 754 1970 deligendis
763 1904 846 1956 multo
883 1919 931 1958 nes
951 1905 1066 1958 libenter
1089 1905 1322 1972 perambulantem
1343 1919 1393 1972 pro

322 1982 482 2042 cautiorem,
496 1981 847 2034 dicturumtuissenotucres
883 1983 955 2046 tegit.
980 1983 1098 2046 (lucian.
1122 1982 1165 2034 bis
1189 1989 1284 2034 accus.
1308 1984 1349 2031 io:
1373 1971 1392 2028 ὦ

322 2053 379 2102 olus
401 2067 450 2118 pro
473 2056 605 2118 conduc,
631 2059 661 2107 ut
684 2057 732 2107 Od.
751 2057 779 2116 3,
799 2056 844 2115 29,
883 2054 961 2118 Πάν,
983 2055 1229 2122 μουσικώτατε
1250 2059 1298 2108 καὶ
1315 2053 1393 2122 κηδο-

326 2126 372 2176 ὔ3ῑ
400 2129 622 2182 cemes-Patous.
642 2133 712 2194 Virg.
731 2133 797 2182 Aen.
815 2133 844 2190 ὅ,
884 2129 1021 2183 τικώτατε
1037 2129 1172 2204 Σατύρων
1190 2130 1314 2184 πάντων.
1338 2132 1392 2191 Qtua

322 2201 385 2251 tit:
413 2205 502 2256 celera
523 2219 602 2269 neque
623 2212 759 2258 conmsooet
780 2205 845 2255 das.
883 2203 1103 2273 μουσικώτατος
1131 2211 1186 2270 est,
1216 2207 1328 2272 protegit
1341 2209 1393 2270 po‘e'·

326 2303 353 2311 -
369 2277 532 2332 Lachmauui
545 2282 613 2341 titire,¹
626 2281 667 2332 eci
673 2283 783 2344 populus
793 2282 845 2330 cet.
885 2283 944 2344 tas.)

323 2350 436 2402 otiosam
453 2354 532 2406 infert
553 2359 744 2417 narrationem,
769 2356 848 2406 nimis

323 2423 484 2478 disiunctum
505 2443 521 2479 a
538 2430 737 2496 saluta-quam
754 2434 847 2482 nactus

324 2502 383 2548 erat
400 2502 549 2555 Maecenas.
583 2507 638 2556 lioc
661 2507 737 2557 dicit:
766 2509 848 2556 etune

325 2585 387 2623 cum
404 2574 485 2639 impio
503 2579 615 2630 Saturno
632 2583 741 2643 ereptus
758 2593 847 2642 esses,

323 2647 447 2711 populus
460 2665 553 2702 rursus
561 2655 689 2718 sospitem
701 2657 727 2704 te
740 2657 766 2705 iu
776 2655 849 2704 tlraa-

325 2723 365 2770 tro
387 2727 565 2790 conspiciens,
594 2733 635 2780 ter
656 2729 703 2780 tibi
724 2729 847 2794 plausit.»

917 2393 958 2442 29.
985 2393 1094 2456 leucam]
1119 2393 1301 2454 «deflexisset,
1327 2403 1391 2440 aver-

885 2467 991 2518 tissct.n
1036 2468 1144 2532 Proprie
1175 2471 1216 2518 est
1248 2469 1294 2518 «in
1325 2465 1392 2517 aliurn

885 2541 976 2592 tollere
1000 2543 1096 2606 ictum,
1122 2543 1187 2594 dum
1210 2543 1294 2602 cadit,
1318 2543 1392 2604 itaque

886 2631 948 2668 eum
968 2617 1105 2668 debilitare
1127 2621 1154 2668 ct
1177 2619 1306 2683 repellere
1327 2619 1393 2679 atque

885 2691 1028 2756 impedire,
1054 2694 1197 2756 quominus
1220 2692 1296 2743 teriat
1315 2691 1393 2742 elidat-

886 2779 938 2831 que
967 2767 1118 2825 hominem,
1148 2780 1229 2830 quem
1259 2769 1330 2832 prius
1354 2777 1394 2829 pe·
1482 2763 1483 2782 l

357 2835 398 2884 26.
418 2839 456 2886 ter
471 2841 575 2905 crepuit]
595 2843 662 2892 «Ter
672 2842 742 2892 laeto
752 2841 848 2907 plausu
885 2843 985 2894 tebet.»
1011 2870 1037 2878 —
1061 2843 1261 2906 Mercurialium]
1287 2844 1339 2892 Mne
1360 2851 1395 2888 nc
1482 2829 1483 2896 i

323 2911 350 2958 te
367 2910 481 2975 populus
503 2917 620 2980 excepit,
648 2930 711 2968 cum
732 2917 848 2968 levatum
886 2919 957 2969 mine
975 2921 1154 2968 mercatorum
1179 2917 1334 2968 sodalicium
1349 2917 1395 2965 crat

324 2996 340 3033 a
367 2985 464 3037 morbo
496 2991 521 3040 in
554 2992 657 3041 theatro
685 2995 848 3057 conspexit.»
887 2995 985 3043 Romae
1003 3005 1018 3041 a
1036 2993 1166 3042 Cicerone
1183 2993 1218 3042 ad
1236 2993 1266 3053 Q.
1281 2993 1359 3048 rra,
1375 2991 1394 3038 5.

325 3061 433 3124 Propria
450 3063 501 3115 boc
513 3071 563 3128 ter,
583 3066 793 3131 haudquaquam
805 3083 851 3118 ne·
887 3071 915 3118 et
932 3069 957 3118 in
970 3067 1101 3132 inscripti.
1115 3067 1183 3118 meis
1195 3069 1250 3118 Lat.
1266 3067 1320 3119 tat.
1333 3065 1394 3116 rasi.

325 3135 849 3206 scioquametaphoricasiguiticatioue,
888 3145 1074 3194 memoratum.
1119 3142 1166 3192 Mic
1198 3145 1291 3193 autem
1318 3143 1396 3192 tostire

325 3211 355 3258 ut
382 3211 474 3262 volunt
501 3215 633 3278 nonnulli,
663 3219 849 3281 accipiendum
888 3219 922 3268 ita
948 3219 1026 3267 vocat
1049 3219 1156 3280 poetas,
1186 3229 1254 3280 quos
1280 3219 1306 3267 in
1331 3212 1397 3266 tutela

326 3285 375 3334 est.
390 3285 443 3336 Cir.
458 3291 586 3352 Propertii
598 3290 686 3342 locum
698 3292 765 3343 intra
777 3295 851 3358 posi·
888 3285 1083 3361 hubet‘lippiig
1092 3287 1197 3357 λόγιος.
1217 3291 1336 3343 Philostr.
1346 3291 1396 3340 lier.

326 3359 394 3420 tum,
405 3359 438 3409 de
448 3375 477 3411 re
486 3363 534 3413 ed.
546 3365 570 3425 t,
580 3365 621 3426 20,
632 3366 656 3416 3.
670 3367 779 3429 crepare
788 3381 850 3420 cum
888 3381 947 3432 pag.
960 3367 1017 3416 286.
1031 3365 1074 3416 ed.
1089 3367 1204 3430 liayser:
1227 3367 1270 3430 τὶς
1281 3365 1336 3417 τῶν
1347 3361 1398 3432 παρ’

327 3435 479 3486 accusativo
496 3441 637 3502 poetarum
650 3444 698 3491 est.
730 3445 849 3508 Propert.
885 3437 990 3513 Ἑρμοῦ
1017 3437 1128 3502 σοφῶν.
1164 3442 1207 3491 Sic
1232 3437 1399 3506 Neoplatonici

327 3507 357 3568 3,
377 3509 422 3570 40,
441 3510 468 3561 l:
492 3513 608 3576 (Musae)
626 3516 743 3567 masma
756 3519 852 3581 suentes
889 3515 981 3580 (Procl.
1001 3515 1034 3565 ad
1053 3514 1136 3566 nicio.
1157 3517 1176 3565 1.
1188 3530 1215 3580 p.
1230 3515 1287 3567 lli.
1307 3512 1399 3571 Creon.)

327 3587 366 3632 tor
381 3595 500 3647 crepuere
515 3601 595 3638 sonos.
887 3592 959 3642 viros
994 3589 1131 3655 praeclaro
1165 3591 1271 3653 iugenio
1305 3587 1400 3655 praedi-

888 3669 929 3717 tos
947 3665 1044 3728 Acloog
1069 3659 1191 3734 ἄνδρας,
1216 3666 1334 3726 loololes,
1361 3677 1400 3710 uu-

724 3781 729 3792 .
816 3782 821 3793 .
921 3756 958 3792 u.
1033 3743 1043 3791 t
1088 3743 1093 3754 ’
1125 3741 1193 3791 iliter
1223 3742 1250 3791 in
1278 3733 1310 3791 ‘b'
1379 3739 1401 3786 ε’-

328 3767 747 3914 gifflggpssg‘ffsstylquqffflp
758 3784 852 3919 ,qap
887 3745 956 3880 lii}
974 3743 1167 3868 ilitillln
1183 3815 1295 3867 Platoni
1308 3753 1401 3876 llil-n

326 3918 415 3982 lissei),
443 3925 519 3985 quasi
544 3939 574 3975 re
600 3940 664 3978 vera
689 3926 778 3980 locum
803 3931 852 3981 ba·
889 3892 945 3943 ⁴⁰8¹
959 3892 998 3952 θ’)

327 3994 442 4058 buisset,
466 4001 623 4064 exprimitur
639 4005 759 4068 tempore
777 4004 852 4070 plus·
921 4003 961 4055 30.
989 4002 1105 4068 Reddere]
1131 4001 1252 4053 Verbum
1276 4001 1400 4066 proprium

327 4073 530 4136 quampertecto
548 4077 620 4128 modi
638 4079 778 4130 indicativi.
805 4082 853 4131 tn·
889 4079 923 4130 de
941 4080 1022 4140 votis,
1042 4081 1071 4128 ut
1086 4077 1189 4128 ιοὶοινο.
1220 4079 1297 4141 Prop.
1317 4079 1345 4134 t.
1363 4073 1398 4123 l⁸=

328 4147 371 4196 cit.
397 4149 465 4199 Anu.
493 4151 520 4212 3,
552 4153 597 4204 tt:
633 4154 734 4218 Efficias
760 4156 853 4204 Pisonis
888 4155 933 4205 ὅθι
956 4153 1401 4215 Ταοαοαᾶααιτεηαοοὶααωοφν)

360 3694 401 3745 er.
420 3697 460 3748 aa.
483 3699 524 3748 ιιι
544 3704 654 3768 temous]
676 3703 730 3755 ce.
751 3705 799 3756 ou.
818 3709 849 3768 e,

327 4228 500 4278 trescentis
513 4229 645 4280 Geneatae
655 4241 685 4278 oc
696 4229 851 4288 diceltsbant,
888 4228 991 4278 Mmbsc
1004 4227 1114 4290 pedem,
1135 4228 1245 4278 Manem
1261 4227 1356 4278 Dionae
1368 4222 1401 4268 de

327 4304 354 4352 nt
377 4303 445 4354 irum
464 4305 587 4368 praecipis
605 4309 732 4366 μιοιιοιοι
756 4304 852 4366 repost-
869 4332 871 4348 ι
888 4303 940 4354 bito
957 4303 1031 4354 redde
1047 4303 1141 4352 eteros.
