3014 4978
487 489 545 538 Llli.
566 489 606 538 lll.
642 491 670 538 C.
691 489 777 539 xxiii.

446 999 870 1064 (imum-

330 1169 428 1237 Caelo
449 1172 582 1258 supinas
605 1173 631 1238 si
654 1172 766 1238 tuleris
788 1193 901 1238 manus

329 1294 486 1359 Nascente
508 1293 615 1371 Luna,
639 1294 758 1361 rustica
783 1293 933 1383 Phidyle,

371 1414 403 1480 Si
427 1412 519 1480 thure
541 1413 679 1502 placaris
704 1414 859 1482 ethome

181 1593 268 1644 ltlltll.
287 1595 370 1644 lusor.
389 1592 458 1656 vulg.
476 1593 514 1644 Ad
530 1595 654 1655 Phiiipten.
677 1623 703 1630 -
730 1596 767 1644 Ad
783 1596 899 1658 mian
914 1598 1036 1646 melicum
1051 1597 1118 1648 EST.
1140 1627 1166 1636 -

148 1669 267 1718 Philttdce
284 1668 338 1730 (sie)
356 1667 399 1717 bc.
421 1695 448 1704 -
467 1670 492 1718 2.
509 1669 605 1730 Piiupit
621 1668 739 1720 malebat
755 1669 898 1722 Bentleius.
913 1697 941 1706 —
959 1671 982 1721 3.
1003 1676 1057 1722 tura
1074 1673 1101 1722 T.

149 1827 237 1877 xxm.
257 1827 340 1889 Fingit
355 1826 486 1889 virginem
504 1828 640 1887 rusticam,
678 1829 782 1891 supinis.
811 1827 965 1880 Pseudotib.
984 1830 1012 1891 ³,
1038 1829 1067 1890 i,
1093 1829 1137 1880 ot:
1170 1831 1204 1880 Ta

116 1901 254 1963 Sabinam,
280 1903 358 1966 puto,
384 1903 479 1952 miram
498 1903 585 1953 οοοοοο
598 1904 642 1966 pio
678 1905 752 1953 modo
768 1903 1201 1966 cummuttobrachtutmdaprece.

117 1977 191 2041 (Stat
209 1975 291 2026 Theb.
312 1977 340 2036 t,
358 1976 426 2039 572.)
455 1979 536 2040 etque
556 1989 589 2027 ex
605 1978 643 2028 in·
679 1978 962 2044 Sicetiamsupplices.
978 1978 1201 2042 Aeschylt’com.

116 2052 179 2102 tima
195 2051 277 2101 animi
294 2053 423 2102 sententia
442 2053 522 2102 Lares
533 2065 644 2103 venara-
680 2053 755 2103 loos:
784 2053 1014 2118 Γοναικομίμοις
1039 2048 1203 2118 ὑπτιάσμα-

115 2129 204 2176 tucam
233 2123 447 2189 fertilitatemque
475 2139 540 2189 agro
568 2141 583 2176 a
612 2139 642 2178 se
680 2142 727 2177 σιν
743 2125 844 2198 χερῶν.
874 2130 979 2178 Patron.
994 2128 1039 2177 tt:
1057 2130 1205 2178 Ρνοίοοοο-

115 2197 186 2250 culto
203 2201 374 2264 precatorum
392 2198 560 2252 nihilominus
579 2214 644 2264 que-
679 2203 714 2251 cui
745 2215 828 2266 petua
859 2207 944 2252 vestm
973 2203 1077 2264 sepinas
1103 2213 1202 2252 munus.

114 2275 149 2336 ri,
169 2274 242 2338 quod
255 2275 348 2337 exigua
360 2273 496 2325 dumtaxat
512 2276 581 2326 dona
594 2274 643 2325 illis
679 2276 813 2327 Adomndi
830 2279 920 2326 autem
938 2288 1042 2326 morem
1054 2277 1093 2327 sic
1105 2277 1205 2326 descri—

115 2349 214 2400 otieme
238 2349 288 2400 sihi
309 2361 469 2400 concessum
491 2352 533 2400 sit.
568 2351 642 2400 Hanc
679 2350 719 2401 hit
736 2351 864 2402 Minucius
885 2349 955 2400 Felix
972 2351 1000 2400 2:
1028 2351 1149 2401 Caecilius
1167 2352 1205 2400 si-

114 2423 422 2484 consolaturotiirmans,
436 2426 525 2474 omnia
537 2425 563 2474 in
574 2437 642 2488 puro
678 2424 793 2474 midccro
809 2423 939 2486 Serapidis
955 2424 1081 2486 ἀοοοιοεο,
1107 2430 1136 2474 ut
1148 2425 1204 2475 ool-

115 2498 292 2550 sacrificantis
309 2500 398 2548 animo
419 2499 468 2549 sita
488 2511 562 2560 esse,
593 2512 642 2549 ne·
678 2513 725 2563 pus
740 2499 936 2561 seperstitiouan
952 2499 1024 2561 solat,
1045 2511 1150 2550 monim
1166 2501 1206 2550 ori

115 2585 253 2639 quoquam
273 2573 299 2622 lu
321 2574 489 2623 victimarum
506 2574 593 2638 pretio
610 2587 642 2623 ac
679 2573 824 2635 οάοιοοοοο,
860 2573 971 2624 osculum
1004 2575 1076 2624 tabiis
1102 2576 1202 2637 pressit.

114 2661 239 2698 numem.
275 2647 383 2710 (siccam
404 2650 494 2698 autem
517 2661 578 2698 esse
600 2650 642 2696 to-
679 2646 802 2699 Mulieres
822 2647 861 2697 sic
878 2648 1002 2700 manibus
1020 2650 1120 2714 supinis
1138 2649 1204 2701 daos

114 2727 170 2774 tam
196 2713 311 2774 scenam'
332 2736 364 2772 ac
387 2721 516 2785 Phidylen
538 2724 640 2786 ipsam,
679 2721 822 2772 adorantes
850 2734 875 2771 v.
904 2725 999 2773 Pittura
1025 2725 1049 2772 α’
1077 2723 1203 2774 Ereptum

113 2797 256 2862 agnovisse
282 2797 388 2847 videtur
412 2797 492 2846 etiam
518 2796 640 2856 Lttbker3
679 2795 720 2845 lV.
748 2797 775 2846 T.
804 2795 844 2845 ⁴3.
869 2797 987 2847 visconti
1014 2799 1083 2848 Μοο.
1111 2799 1201 2862 Borpi.

113 2875 233 2922 attamen
250 2873 361 2935 propter
377 2869 488 2919 aliomm
509 2871 642 2933 interpre-
680 2870 754 2919 Fuso.
773 2870 791 2918 l.
811 2871 840 2918 T.
859 2871 883 2919 ti.
1255 2914 1259 2926 ,

114 2951 173 2997 tum
199 2946 312 3010 ineptius
336 2955 430 2994 rursus
455 2941 642 2993 inculcandum
711 2945 735 2994 Ξ.
762 2945 884 2994 Nescania
903 2945 985 3008 Luna]
1007 2944 1113 2996 «Solent
1133 2947 1204 2997 anim

112 3021 192 3083 erat.)
211 3020 249 3070 lie
267 3019 365 3070 Horatii
382 3016 467 3067 villica
484 3018 641 3080 quominus
678 3019 794 3068 rusticae
816 3017 942 3068 mulieres
963 3019 989 3069 in
1010 3019 1083 3069 iuttio
1100 3021 1203 3084 primae

112 3094 293 3159 explicemus,
312 3092 401 3142 obstat
410 3092 549 3157 imprimis,
569 3092 643 3156 quod
679 3091 1202 3158 Lunueudcaelumeitunderepreces.»

112 3166 226 3232 Phidyle
249 3166 358 3219 arbitrtu
378 3179 442 3226 suo,
469 3179 523 3216 non
541 3167 641 3217 domini
679 3169 771 3216 Senon.
798 3166 851 3217 Cir.
871 3167 905 3216 ad
930 3167 977 3217 Od.
998 3168 1027 3230 3,
1053 3169 1098 3229 49,
1123 3167 1146 3217 9.
1174 3195 1201 3205 -

112 3247 203 3304 iussu,
238 3255 297 3293 rem
324 3240 442 3291 divinum
465 3240 565 3291 facture
589 3243 639 3292 est.
677 3241 786 3306 Phidyle]
804 3243 878 3292 Hanc
896 3241 1009 3292 turmam
1027 3256 1043 3292 a
1058 3237 1201 3305 Φειδύλος,

112 3321 214 3370 Contra
231 3315 461 3368 calunnius:
484 3315 642 3366 Vilticarem
678 3333 713 3382 η,
740 3314 926 3381 (patticam)
951 3330 1046 3381 parem
1072 3318 1203 3368 adiectivo

112 3393 228 3443 dicim
243 3403 275 3441 na
290 3390 370 3452 saciat
385 3393 576 3452 mamendal,
598 3392 641 3454 qui
678 3387 796 3458 ἡδύλος,
815 3409 843 3458 η,
857 3391 976 3442 defendit
991 3392 1202 3442 coutruBentteii
1304 3387 1306 3392 ’

109 3483 160 3531 pro
182 3479 214 3517 οο
232 3467 324 3529 sociat,
358 3466 454 3516 inimus
478 3467 572 3516 donini
596 3472 642 3516 aut
678 3469 857 3532 suspicionem
879 3468 974 3528 Piiupii
996 3468 1098 3518 Basilus
1118 3468 1200 3531 Epist.

111 3543 239 3594 ἀοοιίοοο.
275 3541 342 3589 Scito
367 3541 495 3590 dominum
516 3555 566 3604 pro
588 3545 641 3593 totu
677 3544 735 3593 erit.
756 3557 783 3608 p.
804 3542 862 3593 tlh.
886 3539 1023 3592 Φοίδολλοι
1040 3529 1139 3593 nomen
1162 3544 1204 3593 est

109 3617 214 3682 samiis
234 3627 289 3664 rein
304 3613 417 3664 divinam
431 3615 523 3678 [αοονο.
554 3615 640 3679 (liete-
678 3618 791 3670 laminae
825 3617 993 3668 Atheniensis
1024 3617 1050 3667 tn
1078 3617 1203 3667 Boeckhii

111 3694 178 3743 runt
201 3689 319 3740 nonnulli
344 3690 378 3740 ad
404 3703 428 3740 ο.
447 3690 521 3752 too,
546 3689 589 3741 ulii
606 3689 639 3740 ad
676 3696 758 3744 lusor.
773 3691 828 3742 453.
848 3694 979 3742 Graecum
996 3695 1087 3742 autem
1103 3705 1202 3743 nomen

110 3781 136 3818 a.
156 3765 230 3826 732,
249 3764 298 3815 sed
316 3765 421 3829 tempus
439 3765 639 3830 compositionis
676 3769 812 3832 poeticum
833 3769 913 3832 atque
936 3769 1103 3832 aptissimum
1120 3769 1202 3818 rusti-

110 3853 225 3908 prorsus
243 3841 375 3890 incertum
393 3841 452 3904 est).
677 3855 724 3893 cue
742 3853 790 3892 suo
808 3842 864 3892 iure
877 3841 969 3892 tn'huit
979 3843 1071 3905 virgini
1084 3841 1198 3892 italicae.

154 3917 178 3965 t.
209 3913 325 3979 winus]
354 3912 450 3964 Sollius
472 3914 639 3965 adorantium
709 3917 733 3967 ³.
759 3915 783 3968 t.
808 3916 889 3982 thura]
910 3916 956 3980 (Da
974 3918 1105 3980 scriptum
1122 3917 1200 3965 huius

110 3993 206 4057 gestus
223 3991 277 4040 iam
294 3987 365 4053 apud
381 3989 535 4040 Humerum.
565 3989 637 4040 iliad.
677 3993 792 4042 nominis
816 3991 877 4041 vide
903 3990 938 4040 ad
959 3991 1007 4041 od,
1036 3991 1063 4051 t,
1083 3989 1127 4049 iti,
1148 3989 1198 4049 ti.)

110 4083 141 4133 η,
162 4065 223 4115 tii:
246 4063 322 4114 Auci
338 4061 362 4113 δ’
380 4059 545 4134 ἠρήσαντο,
563 4065 640 4115 θεοῖ·
677 4067 743 4117 Ceto
758 4067 786 4116 ti.
804 4067 834 4116 li.
857 4065 917 4116 tsst:
936 4065 1086 4126 Priusquam
1102 4063 1200 4112 nusum

111 4155 143 4192 σι
160 4137 193 4189 tlt
213 4142 313 4210 χεῖρας
333 4132 468 4198 ἀνέσχον.
492 4140 588 4190 hesch.
611 4139 637 4188 S.
674 4141 767 4203 facias,
778 4138 1202 4203 porcauprcaidcmamiocmo-

112 4217 175 4268 adv.
193 4217 241 4266 Th.
262 4217 322 4266 tii:
346 4211 531 4287 χειροτόνους
548 4210 637 4276 λιτάς.
676 4215 707 4265 ‹io
717 4216 774 4280 fleri
785 4221 893 4279 oportet:
914 4215 998 4265 Cereri
1005 4227 1088 4276 porco
1094 4211 1200 4274 praeci-

113 4292 220 4342 Lucret.
233 4291 262 4352 5,
281 4290 354 4341 iios.
373 4291 443 4354 Virg.
457 4293 523 4341 Aen.
535 4289 560 4352 l,
579 4290 636 4340 2⁰5:
676 4291 771 4352 danea,
780 4303 859 4353 porco
868 4289 972 4353 santae,
984 4289 1136 4351 pittupuum
1146 4285 1201 4349 iiu-

112 4366 197 4416 ltuitu
213 4367 295 4416 Iouem
309 4365 426 4416 manium
441 4365 546 4428 supplex
557 4377 641 4415 ονοοοο
676 4366 882 4426 pecunctantur,
894 4389 909 4401 ·
920 4389 935 4400 ·
950 4364 1032 4424 thiae,
1050 4361 1109 4410 uiso
1126 4361 1197 4422 luno,
