2992 4978
524 411 582 458 iia.
602 410 643 458 iii.
680 413 708 460 (i.
728 412 792 460 iiiii.

278 1089 306 1154 0
329 1087 399 1153 sons
420 1086 618 1162 Bandusiae,
645 1086 844 1174 splendidior
865 1089 962 1164 vitro,

174 1275 236 1325 iiiii.
255 1277 337 1326 inscr.
357 1274 425 1338 voig.
444 1275 482 1324 Ad
497 1276 589 1338 [onum
604 1276 759 1338 Raudusioe,
778 1279 806 1326 et
821 1277 859 1326 sic
870 1277 919 1337 BT,
939 1279 1002 1328 item
1013 1279 1040 1340 8,
1058 1279 1161 1332 addens

140 1352 245 1410 psautice
263 1351 297 1414 (id
316 1352 370 1409 est,
394 1346 607 1419 προσευκτική).
628 1376 656 1386 -
681 1351 710 1400 ia
725 1352 819 1413 fontan
833 1349 861 1401 b.
883 1379 910 1388 -
928 1353 967 1401 Ad
982 1352 1074 1414 [caten
1089 1355 1160 1404 Boa-

143 1427 254 1475 dotimem
271 1427 315 1488 qui
331 1431 367 1475 est
382 1426 410 1474 to
421 1425 520 1476 Sabinis
531 1439 554 1474 c.
569 1452 598 1461 -
612 1426 635 1475 i.
649 1425 801 1475 Blandusiae
811 1424 869 1486 b,i..
890 1427 928 1488 (iil
941 1439 998 1488 nos,
1016 1427 1159 1490 asroasss

143 1513 218 1550 «oum
235 1501 321 1552 tribus
338 1499 431 1562 allisa)

140 1667 202 1717 iiiii.
232 1666 407 1718 Praeiusurus
432 1667 562 1718 sacrificio
587 1679 632 1718 se·
669 1667 780 1730 imponit
804 1667 882 1718 tontis
906 1668 968 1718 inde
994 1681 1009 1718 a
1034 1682 1119 1733 puero
1142 1671 1192 1724 sibi

112 1745 204 1804 querite
222 1742 266 1792 die
284 1741 424 1792 oilercndo
441 1740 532 1792 iaudat
543 1755 633 1791 amoe-
669 1743 723 1790 uoti
740 1755 773 1792 ac
790 1743 874 1805 grati:
898 1746 956 1804 aut,
975 1745 998 1794 si
1014 1743 1049 1793 de
1065 1758 1131 1795 vero
1148 1759 1193 1796 se-

112 1817 245 1866 nissimum
272 1817 374 1868 iontem
390 1817 580 1867 Bandusinum.
601 1841 629 1854 -
669 1815 768 1866 orificio
786 1815 948 1868 celebrando
965 1816 1096 1882 loquitur,
1118 1823 1193 1882 grata

112 1892 245 1952 (Fontium,
259 1891 305 1955 qui
315 1891 348 1940 ab
358 1891 455 1942 accolis
465 1889 630 1951 colebantur,
668 1888 809 1953 aliquando
825 1905 917 1942 rermn
933 1894 1080 1956 patriarum
1101 1907 1194 1945 recor-

112 1962 256 2029 compiures
282 1966 345 2016 sunt
370 1967 559 2030 inscriptiones
582 1967 632 2015 La·
668 1964 901 2027 datione.tectus,
925 1980 974 2018 suo
992 1967 1049 2016 iure
1067 1967 1131 2018 ionti
1147 1970 1194 2019 Di·

111 2041 190 2098 time;
225 2038 376 2104 permultae
402 2042 492 2090 tamen
518 2039 632 2090 subditi-
668 2040 772 2101 gantiae
791 2041 840 2089 rivi
865 2041 926 2104 (non
948 2041 1005 2090 rivo
1023 2041 1080 2106 ipsi)
1099 2043 1126 2094 in
1146 2044 1191 2093 Sa·

111 2114 180 2176 cine.)
207 2140 235 2152 -
267 2114 430 2164 Bandusiam
454 2116 533 2166 sitem
550 2115 631 2165 luisse
667 2113 730 2163 bino
748 2127 797 2164 suo
814 2114 962 2166 Bandusiae
979 2117 1130 2178 precarium
1148 2131 1194 2167 no-

110 2189 147 2237 vi.
165 2189 235 2240 milia
252 2201 382 2252 passuum
400 2189 542 2240 alienusia
559 2201 632 2239 com·
667 2200 729 2238 men
742 2188 844 2237 indidit.
881 2190 1018 2252 Digentiae
1030 2193 1121 2240 autem
1133 2191 1192 2241 ion-

110 2265 210 2325 pertum
232 2263 367 2314 habemus
385 2276 417 2312 ex
436 2263 540 2313 mediae
557 2265 631 2313 aeta-
667 2262 826 2323 lembulis,
844 2262 1073 2325 quemadmodum
1085 2269 1194 2316 nonant

109 2337 137 2386 iis
162 2337 332 2388 documentis
359 2337 427 2400 (anni
451 2337 533 2400 ⁴⁴03.)
559 2337 630 2400 apud
667 2334 792 2385 itinerum
803 2337 962 2400 Scriptores,
976 2337 1097 2399 accolae,
1111 2340 1139 2387 ut
1151 2341 1193 2390 est

108 2412 197 2474 leam,
225 2415 252 2463 in
278 2411 376 2476 quibus
397 2413 514 2474 iungitur
533 2413 630 2475 partim
666 2421 811 2473 amoenus,
836 2413 933 2462 vocant
949 2413 1025 2462 Forte
1042 2412 1110 2462 bello
1146 2415 1192 2464 iu-

108 2499 165 2538 onm
181 2490 276 2538 Bantia
294 2489 322 2536 et
338 2487 499 2537 Acheruntia
525 2485 581 2549 (Od.
603 2485 628 2547 3,
666 2487 709 2534 ter
724 2484 789 2536 aiios
812 2499 875 2536 eum
901 2485 1043 2551 descripsit
1066 2488 1192 2538 Eicbboiz

107 2559 133 2620 i,
151 2563 211 2627 lb),
234 2563 335 2628 partim
352 2563 391 2612 sic
409 2561 576 2624 designatur:
601 2561 631 2612 ia
666 2559 712 2624 (im
741 2560 925 2624 mumditiam
950 2561 1023 2612 ⁴8⁰6.
1051 2562 1078 2612 S.
1105 2563 1188 2625 tibi:

107 2648 334 2688 aarorsraoronra
344 2649 408 2685 arro
421 2649 550 2688 rarrsrarr.
563 2636 630 2685 Ban-
665 2635 701 2684 iis
724 2636 827 2684 cloades
844 2649 879 2685 oa
899 2637 944 2686 dor
959 2637 1102 2700 Berplidbe,
1128 2639 1191 2688 oocb

107 2710 192 2762 dusmc
214 2712 276 2763 ioris
298 2713 408 2761 auctore
424 2709 585 2760 Lombardio
602 2709 628 2758 in
665 2714 743 2760 etwas
757 2709 819 2760 iiber
835 2711 880 2760 der
899 2710 971 2771 Vitio,
990 2712 1040 2774 auf
1051 2711 1120 2761 etna
1131 2713 1190 2761 wll-

107 2785 174 2835 ilem.
194 2787 276 2836 laatit.
299 2785 407 2834 ombeoi.
427 2784 499 2834 ⁴83⁴.
524 2797 550 2848 p.
569 2785 626 2833 til.
665 2785 712 2832 den
731 2785 810 2834 Wtese
825 2784 978 2834 romoatisob
993 2785 1043 2834 still
1063 2785 1103 2834 ein
1119 2787 1189 2835 Puer

108 2861 156 2919 est,
179 2861 224 2923 qni
240 2872 315 2910 nunc
331 2856 478 2923 appellatur
495 2859 627 2908 Sorabuco.
665 2859 817 2919 dumosae,
854 2872 903 2907 ooo
928 2859 1007 2908 denes
1030 2860 1070 2908 eia
1094 2859 1214 2910 biom·

106 2933 156 2982 iem
172 2947 234 2985 cum
252 2946 349 2998 panim
366 2931 505 2997 probabile
526 2934 561 2983 sit
576 2933 628 2982 boo
666 2933 736 2994 oceli
756 2933 896 2982 rouscbead
915 2931 977 2982 iiber
996 2935 1077 2985 Ktesel
1099 2934 1191 2984 biaoa-

107 3008 169 3058 tertii
186 3009 246 3060 iibri
266 3021 375 3058 emman
393 3005 479 3058 solum
497 3007 586 3057 iama.
600 3018 626 3055 u.
665 3007 758 3056 matta
773 3008 800 3056 ia
817 3008 864 3056 dea
882 3007 1033 3071 ibolprund.
1070 3009 1191 3060 Priorem

5 3105 6 3110 κ
107 3094 127 3129 o.
139 3083 205 3144 iii„
219 3096 276 3147 quo
288 3082 538 3132 fortassevenusiae
550 3073 629 3131 luerit
664 3081 810 3141 ratiomm,
834 3094 903 3144 quae
921 3083 1131 3154 ποιητικωτέρα
1147 3085 1189 3133 vi-

106 3157 236 3220 Horatius,
265 3157 444 3220 compositum
461 3169 534 3217 esse,
564 3168 628 3206 cum
665 3154 756 3216 detur,
780 3155 906 3218 equidem
928 3157 1061 3220 praeiere.
1097 3159 1191 3207 Fateor

105 3235 190 3282 cetera
210 3232 354 3283 videantur
374 3232 508 3296 pertinere
527 3229 560 3279 ad
578 3229 628 3279 de·
665 3230 737 3280 enim
769 3227 881 3281 alteram
910 3233 985 3280 certo
1018 3230 1191 3282 fundamento

106 3309 226 3358 connium
253 3307 323 3356 iuter
347 3318 432 3356 annos
459 3303 625 3365 ras-7³6„
665 3317 751 3368 aeque
769 3317 862 3354 carere
878 3307 958 3368 atque
976 3303 1092 3356 iabuiam
1109 3305 1189 3366 iiiam,

105 3391 155 3442 quo
171 3383 295 3445 tempore
311 3380 354 3429 vix
374 3380 401 3431 in
417 3380 533 3443 patrium
550 3380 628 3443 oppi·
665 3392 746 3442 quarn
767 3379 859 3429 narrat
882 3379 984 3429 Weber
1014 3379 1101 3428 Horas
1127 3392 1188 3444 pag.

105 3453 165 3504 dum
182 3467 309 3506 reversus
327 3455 380 3514 est,
407 3467 457 3504 nec
475 3451 550 3504 iaciie
568 3467 627 3504 rem
663 3455 721 3504 277.
744 3453 778 3503 de
806 3454 901 3503 itinere
924 3453 1058 3504 Venusino
1085 3467 1109 3503 a.
1131 3453 1188 3503 iii.

106 3529 217 3582 divinam
244 3530 333 3580 iacere
358 3531 464 3593 poterat
488 3529 553 3580 fonti
578 3528 626 3578 aii-
663 3529 806 3592 suscepto,
821 3527 1189 3578 «Bandusiamautemsitam

105 3607 230 3667 quantuni
242 3619 258 3653 a
270 3605 384 3656 Venusia
396 3604 505 3664 dissito,
524 3605 626 3654 circum
663 3602 743 3654 luisse
768 3604 879 3666 propter
903 3601 1000 3652 Oleliae
1029 3602 1188 3666 praedium,

106 3690 182 3740 quem
199 3693 249 3744 pro
265 3679 627 3742 oertoiundumnonpossi-
662 3675 735 3740 apud
759 3689 841 3738 quem
867 3679 929 3726 tunc
955 3676 1101 3727 deverseris
1127 3677 1190 3726 huic

106 3753 194 3814 debat,
213 3755 283 3804 inter
299 3753 433 3817 duplicem
449 3753 483 3804 de
501 3753 625 3804 carminis
662 3752 736 3802 Fouti
753 3764 812 3800 rem
830 3751 947 3802 divimm
967 3751 1086 3802 iecerit.»
1121 3750 1188 3801 iilud

105 3831 170 3878 stetu
187 3831 348 3879 sententiam
365 3829 459 3879 incerti
471 3829 623 3879 haeremus.
662 3839 727 3876 vero
754 3838 851 3889 pamm
878 3824 1017 3890 probabile
1046 3827 1100 3886 est,
1135 3827 1188 3877 iam

106 3901 205 3953 Etenim
225 3905 271 3952 aut
286 3905 372 3954 totum
387 3903 484 3968 prodiit
500 3917 533 3954 ex
549 3917 626 3964 φαν-
663 3901 806 3964 antiquitus
829 3900 896 3950 duas
921 3900 1002 3951 inisse
1030 3899 1186 3960 Bandusiae,

106 3978 187 4043 τασίᾳ
199 3975 348 4049 ποιητικῇ,
367 3979 393 4028 in
406 3991 458 4041 qaa
470 3991 535 4028 sane
545 3978 624 4026 etiam
662 3987 742 4024 unum
760 3987 845 4039 prope
861 3975 1021 4036 Venusiam,
1040 3973 1150 4024 alteram
1162 3974 1188 4022 in

106 4047 164 4100 iilud
181 4053 280 4104 audere
297 4055 415 4116 poterat:
443 4052 627 4102 cmsdoaaoe-
663 4049 783 4110 Sabinis,
802 4052 832 4099 ut
846 4049 901 4100 volt
917 4051 1021 4100 Acron:
1042 4047 1187 4098 uBandusia

106 4124 139 4172 η’*
153 4125 244 4186 beedo;
271 4130 301 4177 ut
325 4128 359 4178 sit
376 4127 453 4190 igitur
470 4123 624 4186 siddlitov,
663 4123 815 4174 sabinensis
827 4125 900 4187 regio
913 4127 966 4186 est,
985 4125 1011 4174 in
1024 4135 1077 4187 qua
1089 4122 1188 4172 iioratii

106 4210 156 4259 quo
167 4201 241 4264 fingit
251 4215 281 4254 se
293 4203 319 4253 in
331 4217 364 4252 eo
376 4215 450 4262 esse,
469 4204 499 4251 ut
510 4200 575 4250 ionti
585 4213 627 4250 sa-
664 4211 727 4262 ager
739 4199 811 4249 luit.»
827 4198 963 4260 (Ceterum
975 4199 1042 4248 baec
1054 4197 1142 4246 omnia
1155 4209 1186 4245 ex

107 4273 231 4328 cnboium
242 4278 366 4342 apparet,
380 4277 422 4326 oui
433 4287 515 4326 suave
528 4287 625 4326 nornen
664 4274 695 4325 iis
703 4275 779 4334 sunt,
800 4285 869 4336 quae
878 4275 987 4337 propter
995 4270 1186 4336 ignorationem
