3012 4978
648 479 651 486 .
686 429 814 480 ttontttt
833 429 1002 481 conminuet

468 590 604 654 Exercet
627 589 762 664 Auster,
786 584 953 652 Pleiadum
976 585 1076 652 clroro

467 708 640 776 scindente
668 708 788 782 nubes,
814 708 951 796 impiger
972 707 1111 774 bostium

511 833 634 897 Venere
658 839 781 896 turmas
804 838 837 894 et
858 830 1048 897 frementem

553 954 676 1019 Mittere
699 973 819 1039 equum
844 951 968 1017 medios
990 971 1051 1036 per
1072 951 1171 1038 ignes.

468 1116 521 1180 Sic
543 1111 738 1180 tauriformis
761 1109 899 1176 volvitur
921 1108 1072 1186 AufiduS,

473 1236 535 1316 Qui
558 1255 659 1324 regna
680 1233 784 1299 Dauni
806 1230 958 1319 praefluit
981 1231 1092 1318 Apuli,

513 1359 594 1425 Cum
616 1357 718 1424 saevit
740 1352 1001 1441 horrendamque
1024 1351 1118 1419 cultis

365 1539 406 1590 44.
425 1551 471 1600 per
487 1550 555 1588 444444
571 1535 690 1587 malebat
706 1532 849 1585 Bentleius.
879 1560 907 1570 -
937 1533 978 1582 46.
998 1535 1055 1595 (tau
1077 1531 1213 1583 Bentlaius
1236 1535 1304 1584 coni.
1325 1561 1354 1570 -

332 1616 434 1680 perfluit
449 1616 477 1665 L.
499 1615 538 1676 (Ut
555 1625 615 1675 noa,
634 1609 745 1673 bSTcd.)

303 1787 356 1823 non
374 1776 496 1824 amantes
519 1771 696 1837 hyperbolae,
724 1772 762 1823 sic
788 1769 827 1821 lo·
864 1769 909 1820 44444
933 1768 1012 1818 imber
1037 1770 1162 1831 Ruperat,
1192 1768 1233 1819 bis
1261 1768 1388 1822 discissis.

302 1851 427 1910 quuntur.
452 1849 507 1896 biv.
525 1848 554 1908 2,
573 1846 618 1896 23:
648 1845 730 1896 Tarba
746 1858 828 1907 prope
864 1843 912 1896 Alii
929 1841 1074 1907 explicant:
1102 1842 1231 1906 «quando
1254 1842 1342 1894 clarae
1359 1859 1391 1896 ac

262 1961 264 1967 .
302 1923 462 1971 444444ιί4444
472 1921 573 1970 mortem
584 1920 745 1982 circumsitae.
763 1920 828 1969 Hor·
864 1919 1022 1970 manifestae
1053 1919 1080 1967 in
1108 1917 1176 1968 sudo
1204 1917 1280 1969 eaelo
1308 1933 1391 1985 appa-

303 2011 355 2046 4444
377 1999 533 2047 pennantur.
564 1997 635 2046 inest
655 1997 712 2046 veri
729 1994 828 2058 aliquid
866 1997 960 2052 renim
978 1995 1165 2043 verumtamen
1182 1996 1295 2058 propter
1306 1996 1391 2060 ipsam

256 2100 260 2108 ι
304 2074 331 2121 in
348 2073 399 2122 hac
417 2071 635 2136 reprehensione.
666 2071 718 2122 Cir.
738 2073 828 2120 tamen
865 2070 1071 2138 comparationis
1087 2071 1142 2120 vim
1159 2071 1249 2134 potius
1267 2071 1390 2121 horridae

304 2147 358 2197 Sat.
377 2147 406 2206 2,
434 2145 463 2207 3,
489 2145 551 2196 268:
578 2146 728 2208 tempestatis
750 2157 829 2206 prope
865 2146 1041 2209 tempestates
1074 2143 1215 2207 significari
1249 2145 1390 2204 videntur,

301 2221 361 2270 ritu.
379 2219 509 2270 Videlicet
523 2235 602 2284 propa
619 2223 649 2269 ut
665 2221 828 2270 Graecorum
866 2231 947 2282 quam
972 2231 1085 2268 serenus
1112 2217 1289 2281 Vergiliarum
1313 2231 1392 2284 aspe-

303 2291 409 2354 σχεδόν
426 2297 452 2345 in
469 2294 566 2346 talibus
583 2295 713 2358 significat
732 2292 828 2344 erebro
867 2295 934 2344 ctus.
955 2321 983 2329 —-
1002 2295 1134 2358 impiger·
1148 2293 1253 2359 Venere]
1274 2307 1355 2345 «acer
1367 2297 1393 2343 et

303 2369 331 2418 id
348 2370 419 2430 iteri,
447 2382 500 2433 quo
518 2371 552 2420 de
574 2371 672 2433 agitur;
700 2371 727 2419 in
749 2381 829 2433 prosa
866 2370 991 2419 strenuus
1016 2369 1043 2418 in
1069 2368 1190 2419 hostibus
1213 2369 1344 2432 urgendis
1363 2383 1392 2419 ac
1497 2381 1498 2416 t

303 2444 434 2493 oratioue:
455 2443 555 2506 aqualis
572 2444 658 2494 undas
676 2443 744 2495 solet
761 2445 831 2494 erei—
866 2443 1087 2508 persequendis.»
1110 2443 1157 2493 Od.
1176 2443 1204 2504 ³,
1223 2445 1252 2504 t,
1272 2444 1304 2494 3:
1330 2445 1394 2494 Par·

303 2519 359 2566 tare
377 2518 499 2567 Auster.»
867 2519 920 2568 titos
942 2519 1036 2581 feroces
1061 2519 1136 2568 Veaet
1158 2531 1230 2580 epam
1249 2521 1394 2570 4444444444

336 2592 364 2640 at
380 2591 447 2641 -ἳ4,
476 2591 619 2656 Pleiadum]
645 2585 830 2658 Ἀτλαγενέων
867 2595 947 2642 basta.
963 2594 1097 2643 -mcdios
1108 2607 1157 2655 per
1166 2591 1244 2657 ipaes]
1264 2608 1331 2659 aper
1342 2607 1395 2645 me·

304 2665 412 2716 Hesiod.
429 2658 474 2714 Ἒ.
488 2681 514 2714 κ.
525 2659 566 2714 Ἡ.
580 2665 636 2716 384.
650 2665 828 2730 attetetades)
867 2669 941 2718 dium
959 2667 1106 2728 terrorem,
1131 2668 1271 2729 ardorem,
1295 2667 1394 2719 tumul-

304 2736 340 2804 δή
358 2753 404 2788 τοι
420 2739 522 2810 θέρεος
538 2739 588 2789 καὶ
599 2741 738 2806 χείματος
749 2735 832 2808 clype-
868 2745 924 2792 tum
941 2741 1069 2805 proeliim
1091 2755 1157 2806 «qua
1171 2755 1261 2807 pugna
1279 2745 1323 2793 est
1342 2743 1394 2793 ier-

304 2813 350 2864 λοι
364 2815 445 2874 44444,
475 2805 565 2866 Mo'ero
581 2816 652 2880 apud
671 2817 764 2867 Athen.
788 2818 827 2867 tt.
868 2817 1037 2877 ventissima‚
1069 2817 1197 2868 audacter
1220 2830 1326 2881 equum
1349 2831 1395 2882 per

303 2903 363 2954 pag.
383 2889 456 2948 tet.;
492 2891 582 2940 Latine
606 2891 728 2955 Verpitice
757 2889 828 2952 (Gall.
867 2892 984 2942 hostium
1002 2893 1123 2941 catervas
1140 2892 1277 2942 immisit.»
1294 2894 1395 2943 Deuo-

306 2963 346 3025 ta,
360 2965 409 3026 9.);
430 2966 674 3028 commemoret,
693 2980 737 3015 444
748 2971 831 3015 tamea
868 2966 967 3016 eturnis
985 2964 1159 3016 excubiarum
1177 2965 1284 3028 ignibus
1308 2969 1394 3018 minus

305 3053 355 3089 esse
371 3041 462 3100 solent,
482 3040 556 3089 ovid.
575 3040 687 3099 Fasti,
708 3042 763 3090 tro.
789 3041 828 3091 ld.
868 3041 989 3105 apposite
1007 3039 1049 3089 alii
1067 3041 1286 3105 interpretantur.
1314 3043 1392 3091 Recte

222 3107 224 3116 ’
304 3115 424 3174 tristi,
445 3116 488 3177 44,
509 3115 553 3164 tt:
572 3115 652 3176 Saepe
667 3117 759 3165 minam
774 3115 831 3166 Ste-
869 3114 1009 3178 explicavit
1021 3113 1097 3165 Silius
1108 3114 1152 3175 tt,
1167 3115 1228 3164 tto:
1244 3115 1395 3177 permedia:

304 3202 376 3251 repes
399 3188 526 3252 (Pleiadis)
552 3191 632 3239 sidere
652 3195 744 3252 poetas
764 3196 829 3242 erat.
868 3191 937 3253 ignes
947 3189 1087 3251 mediosque
1094 3202 1143 3251 per
1153 3202 1234 3252 aues,
1254 3193 1282 3240 et
1294 3190 1336 3250 ta,
1348 3188 1392 3241 tt:

306 3265 424 3327 Propert.
444 3263 472 3323 3,
491 3265 520 3322 44,
540 3263 585 3313 36:
610 3265 738 3314 Pleiadum
754 3266 831 3328 spiam
867 3266 914 3314 Per
935 3263 1152 3314 reciprocatam
1168 3265 1235 3316 acies
1254 3265 1395 3326 mediusque

304 3337 828 3402 carcoitimbrecbmms.Hygintstron.
866 3353 913 3402 per
937 3340 1014 3402 ipaea.
1044 3337 1119 3388 Ouid.
1145 3340 1205 3390 liet.
1225 3339 1254 3399 8,
1282 3339 1331 3388 76:
1360 3340 1395 3388 ira

304 3414 333 3473 2,
353 3415 399 3461 et:
420 3413 761 3464 Chorumduceral'teiades
778 3417 831 3464 eei-
865 3428 914 3478 per
938 3415 1020 3477 44444,
1049 3415 1096 3464 Per
1122 3413 1220 3477 ptaatm
1245 3413 1338 3462 44444444.
1367 3440 1392 3448 -

306 3487 440 3535 4444444444
457 3487 539 3536 stellis
560 3487 687 3547 «Quando
700 3487 830 3552 Vergiliae
869 3489 1008 3540 artissima
1025 3489 1116 3537 autem
1134 3489 1175 3538 est
1191 3488 1345 3538 coniunctio
1356 3489 1395 3538 in-

307 3559 349 3609 441
373 3563 525 3610 evertamur
546 3573 578 3611 rr.
596 3563 633 3611 m.
654 3562 766 3624 octaba,
785 3562 831 3613 ubi
870 3567 911 3613 ter
928 3561 1065 3626 rapidam,
1084 3564 1114 3612 ut
1131 3563 1164 3612 ita
1184 3560 1287 3622 dicam,
1309 3561 1395 3613 Austri

306 3635 431 3683 Favonius
455 3641 478 3684 et
503 3636 628 3686 interdum
652 3637 751 3700 Atticm
775 3651 832 3688 cam
870 3639 1013 3701 imaginem
1031 3639 1122 3698 4444,
1144 3649 1213 3700 quae
1231 3637 1395 3700 praecedunt
1427 3667 1435 3686 t

303 3707 394 3768 pluvia
413 3707 524 3770 (Colum.
538 3711 585 3771 44,
603 3712 632 3772 2,
651 3711 713 3774 74),
731 3711 773 3763 vel
791 3725 833 3762 ee-
871 3725 994 3778 quaeque
1009 3715 1171 3775 sequuntur:
1192 3710 1295 3774 equalis
1312 3711 1395 3762 undas

307 3782 394 3830 tantur
412 3795 465 3831 rnr.
490 3785 526 3832 44.
547 3783 645 3846 April,
672 3787 832 3850 insequens
870 3789 1037 3838 incessanter
1053 3787 1134 3850 agitat
1150 3789 1259 3847 Auster,
1286 3787 1396 3852 impiger

307 3854 425 3905 triduum
436 3855 521 3905 Arctet
538 3863 561 3906 et
571 3857 649 3920 Africi
666 3864 833 3921 tempestatem
872 3865 964 3914 hostes
981 3863 1088 3913 vexavit
1105 3864 1189 3922 Nero,
1208 3875 1263 3925 quo
1280 3863 1340 3926 ipso
1351 3863 1396 3912 im

307 3930 482 3994 tldtlfifflttltt·
508 3931 553 3991 (td.
573 3931 637 3980 ibid.
657 3931 680 3994 ἕ.
700 3933 766 3995 3444
788 3937 834 3988 Est
871 3939 935 4002 petu
952 3937 1035 3988 ruinis
1052 3949 1100 3986 eos
1118 3935 1258 3999 fatigavit·

307 4005 401 4068 igitur:
434 4003 593 4056 uPleiadunr
623 4007 705 4056 ebora
733 4008 833 4062 imbres
904 4012 993 4063 att-28.
1013 4011 1178 4076 meritonam]
1198 4012 1317 4071 taurino,
1337 4023 1396 4060 cor·

308 4079 461 4131 effundente
480 4093 495 4130 e
513 4078 629 4131 nubibus
640 4093 655 4130 a
667 4086 747 4134 vento
765 4087 834 4136 seis·
872 4087 936 4137 nuto
954 4086 1055 4150 capite¹
1081 4087 1111 4136 ut
1127 4085 1251 4136 solebant
1268 4085 1331 4148 flagi
1347 4083 1395 4134 ttu-

308 4155 358 4216 444,
376 4156 493 4220 ruptim»
512 4155 567 4206 sive
588 4158 617 4205 ut
634 4156 721 4208 Sobel.
745 4174 834 4211 «4444-
871 4162 923 4221 444,
954 4161 1069 4224 imagine
1096 4161 1178 4224 petita
1204 4159 1239 4210 ab
1264 4157 1396 4210 undarum

309 4232 336 4279 to
357 4231 540 4295 tempestuoso
558 4230 669 4282 iaciente
689 4231 833 4297 pluviam.»
873 4235 974 4299 mugitu
1000 4235 1081 4298 atque
1107 4235 1218 4299 impetu.
1259 4232 1335 4284 iliad.
1358 4247 1394 4294 a.

310 4304 381 4367 virg.
400 4307 465 4356 tren.
486 4305 530 4366 tt,
550 4305 611 4358 eta:
632 4309 835 4360 tantmseaubi-
872 4311 930 4362 att.
956 4309 990 4362 de
1007 4309 1126 4361 Xantho:
1156 4305 1310 4376 μεμυκώς,
1329 4300 1396 4372 ἤδη
