2998 4980
543 447 602 496 LlB.
628 449 644 496 l.
681 447 709 498 C.
729 447 770 496 lx.

486 805 827 873 cmm

323 973 435 1050 l'ides,
460 983 495 1038 ut
517 972 580 1040 elta
603 983 665 1042 stet
686 975 759 1042 nive
781 975 954 1042 candidum

328 1097 477 1172 Soracte,
501 1116 562 1163 nec
584 1095 647 1162 iant
669 1096 847 1164 sustineant
868 1116 951 1162 onus

177 1295 217 1344 lll.
251 1295 334 1344 luscr.
353 1291 421 1356 volg.
456 1294 494 1343 Ad
512 1293 693 1345 lbotiorcltum.
728 1296 786 1345 Om.
806 1295 851 1344 ST.
873 1322 900 1331 -
921 1297 943 1344 l.
961 1297 1082 1346 cattdidus
1101 1298 1163 1350 blal-

141 1367 193 1418 lius
210 1368 366 1419 theodorus
383 1381 409 1432 p.
428 1368 485 1419 539.
505 1368 583 1419 Gaisl.

139 1545 183 1596 lX.
207 1545 246 1595 De
264 1545 343 1594 buius
354 1545 479 1594 carminis
490 1556 635 1606 argumen—
672 1545 733 1606 Lyr.
752 1557 779 1607 p.
798 1545 860 1595 578:
882 1537 940 1595 “Per
956 1545 1011 1610 μὲν
1029 1543 1046 1596 ὁ
1063 1548 1142 1612 Ζεύς,
1161 1548 1194 1601 ἐκ

108 1621 133 1669 to
152 1621 187 1668 ita
201 1617 527 1682 disputatDillenburger:
548 1618 635 1668 aAla-
670 1614 694 1667 δ’
721 1612 816 1688 ὀρανῶ
837 1619 928 1684 μέγας
949 1619 1080 1686 Χείμων,
1104 1621 1195 1674 πεπά-

108 1693 200 1744 cobsio
220 1694 295 1757 (Opp.
314 1693 342 1742 T.
360 1692 391 1742 V.
411 1706 436 1756 p.
450 1692 517 1754 378.)
536 1693 572 1742 ita
583 1705 633 1755 ego
670 1707 755 1759 γασιν
772 1691 795 1743 δ’
814 1687 925 1744 ὑδάτων
941 1687 1017 1764 ῥοαί.
1041 1693 1195 1758 Κάββαλλσ

108 1768 250 1826 dissentio,
269 1768 368 1816 utnon
385 1766 495 1816 credam
511 1767 600 1830 parari
617 1779 633 1814 a
670 1763 721 1818 τὸν
737 1769 864 1832 sciptor,
882 1767 929 1820 ἐπὶ
944 1769 999 1834 μὲν
1015 1772 1105 1835 πίθοις
1119 1771 1193 1846 Πῦρ,

106 1843 185 1906 pocta
204 1853 327 1900 coenam,
347 1839 457 1890 sediam
469 1839 633 1890 accumben-
670 1841 701 1894 ἐν
717 1841 748 1893 δὲ
765 1845 876 1914 κέρναις
887 1838 969 1894 οἶνον
979 1838 1120 1910 ἀφειδέως
1135 1849 1194 1900 Μέ-

107 1921 145 1966 tes
163 1915 273 1965 videam
291 1913 396 1966 sodales
415 1915 471 1965 sivo
490 1913 561 1979 apud
578 1915 633 1965 llo-
669 1917 779 1988 λιχρον,
797 1912 889 1988 αὐτὰρ
906 1913 985 1983 ἀμφὶ
1001 1917 1096 1991 κόρσᾳ
1113 1922 1194 1974 Μαλ-

108 1991 205 2040 retium
224 1990 280 2039 sive
298 1987 369 2052 apud
387 1987 467 2038 alium
485 1989 630 2038 examinis.
669 1987 763 2042 daxdv
807 1987 971 2058 ἀμφιῐτιθη]
1017 1992 1192 2061 γνόφαλλον.

107 2067 262 2130 Magistrum
278 2063 356 2126 igitur
373 2064 485 2114 convivii
504 2063 632 2134 (θαλίαρ-
669 2068 726 2126 Qua
752 2080 785 2118 ex
810 2067 955 2117 imitatione
983 2069 1040 2133 ipsa
1067 2072 1194 2134 equidem

106 2155 169 2201 χον,
182 2139 415 2209 συμποσίαρχον)
429 2137 633 2202 allocutuspoe-
669 2139 762 2203 colligo
792 2142 878 2190 totum
912 2145 1098 2204 argumentum
1133 2160 1193 2198 esse

106 2219 130 2264 ta
156 2215 305 2272 admonet,
332 2215 362 2263 ut
386 2213 484 2276 quibus
505 2213 588 2263 rebus
605 2213 632 2262 in
669 2214 795 2264 ficticium
828 2225 861 2263 ac
894 2213 994 2265 liberae
1029 2221 1194 2283 φαντασίας

106 2292 177 2340 tanto
208 2288 319 2349 frigore,
350 2300 403 2350 quo
428 2289 515 2339 omnis
541 2300 632 2337 rerum
668 2287 770 2339 ludum.

106 2367 200 2414 natura
227 2363 362 2412 contracta
388 2363 488 2426 rigeat,
516 2363 631 2412 maxime
702 2364 725 2411 t.
752 2362 806 2426 stet]
833 2365 885 2412 Per
910 2363 1039 2412 aestatem
1066 2365 1092 2415 in
1118 2365 1193 2417 caelo

106 2451 171 2502 opus
199 2451 261 2488 esse
286 2436 420 2498 videatur,
443 2438 475 2487 iis
501 2437 631 2487 maiorem
668 2435 757 2486 ltalico
774 2439 880 2486 montes
902 2434 1099 2500 longinquiores
1116 2443 1193 2504 quasi

106 2525 198 2562 curam
216 2509 354 2570 adhibeat,
374 2509 473 2562 scilicet
485 2513 558 2575 igne,
578 2523 631 2574 quo
667 2523 717 2575 per
734 2508 859 2560 nebulam
872 2523 1039 2574 acraporem
1052 2519 1191 2578 apparent,

106 2588 284 2647 extrinsecus,
303 2589 331 2636 ct
347 2588 416 2645 rino,
436 2599 489 2650 quo
507 2587 631 2636 intrinse·
668 2585 759 2634 lormis
781 2584 930 2636 obscuratis
956 2599 988 2636 ac
1009 2600 1092 2653 prope
1116 2592 1193 2640 exte-

106 2675 150 2712 cus
168 2661 244 2711 calor
259 2662 344 2724 possit
359 2662 464 2724 augeri,
487 2660 584 2710 deinde
601 2661 631 2708 ut
667 2659 767 2717 nuatis;
795 2659 884 2708 hieme
902 2672 966 2709 vero
983 2665 1065 2721 stant,
1093 2662 1121 2712 td
1141 2665 1191 2724 est,

107 2727 303 2786 cetera'divis
345 2736 514 2798 permittat.»
568 2733 630 2783 Aliis
667 2734 727 2783 nive
745 2746 808 2782 curn
825 2733 943 2795 rigeant,
970 2735 1017 2785 toti
1040 2737 1109 2786 nivei
1129 2739 1190 2800 sint,

107 2810 269 2860 nauarchus
293 2822 391 2859 nomen
412 2808 519 2858 uidetur
538 2807 629 2858 fictum
667 2806 738 2857 clare
765 2807 970 2870 conspiciuntur.
1006 2809 1080 2859 Stare
1101 2813 1192 2861 autem

105 2883 284 2936 adolescentis
310 2883 418 2934 lormosi
448 2883 484 2945 (ut
508 2883 631 2932 Xantltins
667 2893 748 2944 saepe
774 2881 809 2931 de
835 2894 864 2930 rc
890 2881 997 2932 horrida
1027 2886 1073 2932 aut
1098 2885 1189 2947 rigida.

106 2958 144 3010 ille
160 2956 293 3020 Ρὴοσσω),
316 2969 398 3020 quem
420 2956 453 3006 nd
474 2956 573 3006 laetum
589 2957 631 3005 vi·
666 2953 792 3018 Exempla
818 2954 957 3017 virgiliana
981 2955 1085 3020 collegit
1109 2959 1192 3022 Wag-

106 3036 144 3084 tae
162 3043 246 3083 usum
263 3031 426 3080 exhortetur.
456 3031 532 3091 Quod
543 3028 630 3080 Ober-
667 3043 716 3079 ner
732 3028 766 3078 ad
784 3028 871 3090 Eclog.
891 3030 915 3088 7,
935 3029 975 3078 53.
993 3030 1068 3080 Stant
1083 3037 1106 3080 ct
1122 3025 1205 3081 iuni-'

106 3106 146 3158 lini
164 3105 252 3158 Codd.
271 3117 385 3169 puerum
398 3105 468 3154 hunc
477 3105 629 3169 speciosum
664 3105 720 3166 peri
736 3103 1030 3152 ctccstcneuebtrsutae.
1049 3105 1088 3153 De
1100 3107 1191 3156 monte

106 3181 229 3233 libertum
256 3180 337 3230 tuisse
360 3177 479 3239 tradunt,
503 3179 530 3229 id
551 3181 628 3229 unice
666 3182 696 3228 ut
719 3179 764 3227 hic
788 3179 904 3241 positum
930 3179 972 3228 est
992 3180 1057 3228 Aen.
1081 3181 1105 3239 6,
1127 3179 1188 3231 tlt:

104 3259 213 3321 propter
239 3256 368 3304 Graecam
394 3253 451 3304 eius
474 3253 630 3318 appellatio-
668 3254 750 3314 ονσσι
766 3253 787 3300 rt
804 3252 870 3300 duro
886 3251 949 3300 silae
965 3255 1011 3300 out
1026 3257 1072 3302 stet
1086 3255 1191 3316 Marpe-

105 3344 165 3381 nem
191 3341 254 3380 esse
281 3329 381 3378 tactum
405 3327 518 3378 videtur.
562 3327 629 3378 Nihil
666 3328 807 3376 necantes.
828 3326 868 3385 lt,
881 3324 942 3376 407:
961 3330 1012 3375 stat
1017 3327 1122 3388 prelum
1132 3341 1192 3378 cns-

105 3407 193 3455 autcm
211 3404 238 3452 in
255 3402 313 3467 ipso
331 3403 448 3452 carmine
460 3403 538 3462 inest,
557 3401 629 3465 quod
666 3401 731 3461 tum,
759 3399 842 3462 «riget
864 3397 975 3463 pulvere
1001 3401 1056 3451 sive
1080 3400 1190 3465 plenum

106 3491 150 3528 nos
186 3489 250 3527 cum
279 3475 468 3540 interpretibus
496 3475 628 3527 nonnullis
667 3477 708 3526 est
736 3473 846 3538 pulvere
875 3475 951 3536 quasi
980 3475 1107 3526 immobili
1139 3489 1191 3528 nec

106 3555 221 3602 statuere
247 3552 338 3614 cogat,
362 3550 628 3613 eiusquasiscenam
666 3561 759 3600 rursus
777 3547 948 3598 desidente.»
981 3549 1073 3600 Wnerr.
1097 3551 1123 3599 in
1141 3551 1189 3600 nd.

106 3627 130 3676 in
146 3626 325 3676 adolescentis
342 3622 416 3684 villa,
443 3637 496 3674 non
517 3625 543 3674 in
560 3625 628 3674 urbe
666 3624 730 3673 min.
777 3622 910 3673 Audacius
936 3623 1029 3683 etiam,
1059 3625 1089 3673 ut
1113 3623 1189 3684 solet,

107 3701 184 3751 ltoma
219 3714 236 3750 a
264 3701 344 3762 poeta
373 3697 528 3749 collocatam
557 3711 626 3750 esse.
665 3699 787 3748 Lucanus
814 3697 840 3754 2,
871 3695 930 3746 ⁴03:
966 3697 1024 3746 Stat
1055 3710 1132 3748 ανον
1163 3699 1191 3746 tn

106 3774 219 3839 Tempus
241 3785 295 3837 quo
319 3772 370 3823 hoe
390 3785 499 3822 carmen
517 3785 629 3837 compo-
665 3771 769 3833 templis.

107 3851 168 3909 suit,
195 3849 327 3898 incertum
355 3849 403 3896 est.
439 3846 581 3897 Grotetend
602 3850 629 3897 et
698 3845 723 3894 2.
754 3844 859 3894 Soracte
876 3857 953 3894 mons
971 3845 1029 3896 llll.
1048 3843 1134 3909 pedes
1151 3843 1191 3894 al-

108 3922 280 3973 walckeneer
304 3920 424 3970 referunt
448 3919 483 3969 ad
508 3933 532 3970 a.
555 3933 582 3970 u.
602 3935 626 3970 c.
665 3921 708 3970 tus
726 3920 753 3968 in
771 3918 868 3970 tinibus
891 3917 1064 3980 Faliscorum,
1088 3921 1114 3970 in
1136 3931 1191 3982 quo

108 3996 152 4046 rat
167 3995 209 4046 rel
227 3997 291 4055 tan,
319 3995 448 4045 Kirobner
469 3995 505 4044 ad
525 4009 550 4045 a.
569 3996 625 4056 ⁸127,
665 3991 756 4056 Apollo
788 3991 927 4042 colebatur
952 3993 1025 4056 (Aen.
1055 3994 1101 4054 tt,
1126 3993 1188 4042 785:

108 4068 288 4133 Dillenburger
312 4069 384 4120 haud
407 4070 440 4118 ita
464 4067 546 4119 multo
567 4071 628 4133 post
665 4067 765 4117 Sscncre
789 4069 875 4128 dnm,
902 4069 982 4116 sancti
1006 4072 1088 4117 cretos
1108 4067 1190 4116 Soro-

108 4143 299 4208 Philippcnsem
331 4155 457 4207 pugnam.
502 4144 627 4193 Ceterum
665 4143 710 4192 ctis
730 4141 827 4205 Apollo)
845 4141 913 4192 ultra
936 4141 1022 4192 lllllV.
1041 4139 1096 4191 mil.
1115 4153 1187 4204 pass.

109 4216 220 4268 imitatus
237 4220 280 4268 est
296 4216 422 4267 Alcaeum
440 4217 510 4280 apud
531 4217 625 4266 Athen.
666 4216 699 4266 ab
719 4215 801 4276 Urbe,
825 4214 875 4266 sed
892 4229 924 4265 ex
942 4227 975 4264 ea
998 4215 1116 4278 (inqua,
1136 4226 1188 4263 non

112 4291 146 4337 ¹⁰.
164 4305 189 4356 p.
203 4291 259 4342 l30.
281 4293 314 4356 (p.
328 4293 384 4342 ent.
399 4291 486 4354 Dind.)
505 4293 533 4341 et
543 4291 627 4352 Bergk
666 4291 729 4348 ruri,
748 4302 828 4338 scena
847 4289 971 4338 carminis
984 4287 1095 4350 tingitur)
1113 4285 1188 4335 facile
