3002 4974
500 461 558 510 tiit.
579 462 608 510 ll.
646 463 673 510 C.
694 461 757 511 lllll.

375 615 493 682 Aeoliis
516 614 636 682 fidibus
660 626 852 704 querentem

292 755 422 844 Sappho
445 755 561 844 puellis
583 755 625 822 de
647 755 878 844 popularibus,

291 879 328 944 Et
350 889 380 944 te
403 889 572 945 sonantem
594 877 721 964 plenius
744 899 865 954 aureo,

333 999 466 1078 Aloaee,
490 999 614 1088 plectro
636 999 719 1066 dura
740 1001 847 1078 navis,

373 1123 462 1189 Dura
484 1122 578 1210 bigae
601 1121 701 1199 mala,
728 1121 810 1189 dura
831 1122 926 1190 belli!

290 1263 466 1351 Utrumque
489 1283 583 1330 sacro
606 1262 703 1350 digna
725 1262 852 1330 silentio

289 1385 442 1450 Mirantur
463 1383 598 1451 umbrae
620 1384 752 1465 dicere;
776 1385 835 1452 sed
858 1387 961 1473 magis
997 1467 1001 1481 .
1166 1391 1207 1454 30

120 1570 258 1624 Ἀπόλλων
292 1571 497 1640 ἑπτάγλωσσον
530 1573 643 1642 χρυσέῳ
681 1572 829 1637 alloquitur.
876 1573 930 1624 Alc.
961 1576 1002 1625 Fr.
1032 1575 1071 1627 ti.
1102 1578 1203 1640 Bergk:

121 1647 251 1719 ,πλάκτρῳ
263 1645 382 1698 ύιούκων.
402 1651 490 1713 Eurip.
505 1649 581 1699 Herc.
593 1649 641 1698 tur.
678 1643 798 1707 ’ldnloz'
817 1641 891 1714 ἅγνα
907 1646 1107 1714 μελλιχόμειδι
1125 1648 1205 1702 Σάπ-

120 1726 183 1775 tat:
209 1723 371 1787 Φοῖβος--
388 1719 440 1774 τάν
464 1722 643 1789 καλλίφύογ-
680 1737 747 1783 φοι,
775 1721 855 1773 Θέλω
880 1737 907 1772 τι
924 1721 1042 1789 Feraria,
1069 1719 1143 1775 ἀλλά
1168 1741 1207 1791 με

117 1815 168 1865 γον
192 1796 319 1870 κιθάραν
350 1796 477 1850 ἐλαύνων
510 1795 643 1870 πλήκτρῳ
679 1796 782 1848 κωλύει
815 1795 911 1859 αἴδως.
952 1801 1051 1863 Sappb.
1088 1802 1126 1850 Fr.
1163 1802 1203 1851 32.

116 1877 241 1944 χρυσέῳ.
679 1873 764 1935 Bergk
782 1886 808 1936 p.
828 1873 885 1922 sot.
914 1873 953 1922 Fr.
977 1875 1018 1922 ao.
1040 1874 1203 1927 Schneidew.

148 1950 189 1998 27,
209 1949 251 1999 28.
278 1949 344 1999 Nota
368 1947 530 1999 versiculum
555 1950 643 2000 minus
681 1949 756 1996 -ln
783 1946 994 1998 celebratissimo
1019 1961 1083 1999 vase
1110 1952 1206 1999 ranet-

114 2021 229 2088 polilum
240 2037 246 2071 z
259 2024 356 2084 Aleuae,
362 2024 458 2085 plectro
473 2021 549 2079 idaral
561 2025 640 2072 nauis.
679 2021 781 2070 tierano
798 2020 871 2084 (solt.
891 2023 945 2071 dell
963 2022 1022 2072 lust.
1042 2025 1111 2074 orclt.
1131 2023 1203 2074 ⁴838.

115 2099 160 2147 ·in
178 2110 212 2147 eo
230 2109 358 2147 versimm
380 2099 541 2158 systemate,
569 2098 642 2160 quod
679 2107 704 2156 p.
734 2095 784 2156 ii.)
819 2097 926 2159 Sappho
952 2099 979 2145 at
1004 2096 1117 2148 Alcaeus
1143 2111 1207 2148 cum

114 2172 225 2221 lloratio
235 2185 301 2234 prae
313 2173 409 2222 ceteris
424 2171 555 2236 placuisse
567 2171 643 2221 vide·
678 2169 782 2218 Baccho
801 2172 882 2232 atque
900 2170 983 2240 Μέθῃ
1002 2174 1203 2231 consociantem

112 2259 188 2307 mus,
213 2245 291 2296 colon
311 2247 419 2296 tertium
439 2248 501 2310 post
520 2247 641 2308 quintam
678 2243 735 2292 sine
761 2242 818 2293 aliis
843 2244 933 2305 liguris
956 2248 1035 2308 poeta
1059 2249 1086 2295 et
1103 2246 1206 2310 poetria

112 2319 247 2384 syllabam
267 2335 299 2370 ea
324 2321 480 2371 condicione
509 2321 640 2378 inciditur,
678 2331 693 2366 e
719 2318 826 2380 regione
852 2319 903 2368 sibi
929 2321 1029 2368 stantes
1055 2318 1127 2382 lyras
1144 2319 1204 2383 pul·

112 2397 141 2444 ut
158 2397 235 2446 sexta
253 2397 344 2444 teneat
359 2393 520 2445 vocabulum
545 2409 642 2446 mono-
678 2391 1202 2456 santapudllillingeniilon.l.Tab.33.

111 2468 262 2531 syllabam,
282 2470 333 2519 boo
345 2469 443 2520 modo:
463 2471 568 2531 Eacepit
580 2471 642 2520 ictio
678 2470 705 2516 et
717 2466 773 2527 at..
793 2481 826 2518 ex
838 2469 955 2531 quadam
968 2471 1043 2532 quasi
1064 2471 1202 2535 utriusque

114 2542 180 2606 lproi
205 2545 313 2606 pudice
356 2544 411 2594 iloc
436 2545 462 2594 in
491 2543 641 2595 cultissimis
677 2537 850 2593 ἀποθεώσει.
871 2571 898 2580 -
917 2546 1133 2610 sacro-silentio]
1152 2549 1205 2595 itc-

110 2617 279 2670 carminibus
305 2620 413 2668 secutus
440 2621 495 2679 est,
527 2619 642 2681 neglexit
668 2616 745 2668 ¹cedo
758 2631 828 2668 nunc
842 2617 944 2668 Halmio
957 2620 991 2668 ita
1004 2621 1203 2685 interpretanti:

110 2695 137 2742 in
168 2692 346 2752 quibusdam,
384 2705 453 2757 quaa
479 2706 528 2742 cur
552 2696 641 2743 omnia
678 2692 764 2742 «Talia
790 2707 836 2744 eos
863 2694 992 2743 cecinisse
1017 2695 1107 2758 tingit,
1135 2707 1204 2758 qaae

109 2768 201 2832 primo
220 2769 247 2816 et
264 2766 384 2816 seeundo
401 2766 469 2817 libro
489 2769 638 2827 inseruerit,
677 2767 755 2830 digna
768 2771 871 2828 essent,
891 2773 928 2826 ut,
948 2769 1100 2833 ubicunque
1114 2769 1205 2818 audie-

111 2844 223 2892 miron«
244 2841 389 2891 uicerim.
414 2845 481 2905 App.
505 2841 539 2892 ad
558 2843 641 2892 Fran·
676 2842 787 2902 bantur,
817 2855 890 2892 sacro
915 2843 1012 2892 abacto
1047 2845 1205 2908 exciperen-

110 2919 186 2967 kium
203 2929 264 2980 pag.
283 2915 340 2966 238.
362 2943 389 2952 -
406 2916 495 2980 sagae]
515 2917 639 2968 «exsilii»
677 2919 733 2976 tur,
769 2917 845 2980 quasi
877 2930 921 2967 res
947 2915 1035 2968 divina
1069 2922 1202 2981 ageretur.

117 3019 139 3028 -
160 2990 231 3054 belli]
250 2989 302 3040 Cir.
322 2990 355 3040 ad
373 2989 420 3040 0d.
439 2992 469 3050 2,
488 2992 517 3051 7,
537 2992 576 3041 ⁴0.
604 2991 642 3042 lo-
678 2991 739 3040 Erat
756 2991 827 3040 enim
845 2993 940 3040 cantus
959 2995 1013 3040 tam
1030 2992 1150 3052 divinoe,
1175 2994 1206 3042 ut

109 3079 176 3118 cum
190 3066 316 3116 Herodoti
327 3068 352 3125 5,
366 3067 406 3115 95.
426 3065 540 3117 Alcaeus
551 3067 641 3118 floruit
677 3065 711 3115 ab
737 3068 795 3130 ipso
827 3067 962 3116 Musarum
994 3079 1040 3116 ora
1069 3065 1204 3130 proiectus

109 3143 182 3192 circa
202 3139 306 3204 Olymp.
325 3141 399 3190 XLll.
426 3155 451 3190 a.
479 3141 542 3190 Chr.
566 3143 637 3204 6ii.,
676 3140 841 3190 rideretur.»

109 3214 233 3278 aequalis
259 3217 389 3278 Sapphus.
419 3217 564 3280 Praecipue
582 3218 639 3267 eius
708 3213 749 3264 30.
768 3214 808 3263 3⁴.
827 3215 909 3278 nangis
918 3214 1026 3278 Ριιραοι]
1045 3213 1205 3266 «Multitudi-

107 3291 196 3340 virtus
223 3289 316 3338 enituit
338 3291 364 3338 in
390 3291 576 3354 impugnandis
598 3293 640 3354 ty·
676 3301 737 3338 nem
764 3289 848 3350 magis
874 3287 979 3338 allicere
1006 3290 1032 3337 et
1066 3287 1203 3338 delectare

109 3365 217 3423 rannis,
261 3365 305 3426 qui
343 3362 470 3428 deinceps
498 3365 638 3427 Mytilenes
675 3362 761 3412 solent
782 3357 817 3411 τὰ
843 3358 1020 3413 οιασιωιικύ
1036 3360 1203 3428 καλούμενα

108 3438 187 3503 potiti
205 3440 294 3499 erant,
313 3436 434 3500 Myrsilo,
460 3438 637 3502 Megalagyro,
674 3435 727 3488 τού
759 3431 888 3488 Ἀλκαίου
924 3435 1074 3503 ποιήματα
1103 3438 1201 3500 (Strab.

108 3513 178 3562 aliis.
215 3513 279 3562 Nam
298 3525 361 3562 cum
378 3513 458 3563 tratre
469 3515 638 3564 Antimenida
676 3513 715 3572 43,
728 3513 794 3574 647.)
808 3526 889 3576 quam
901 3515 1010 3564 tenerae
1022 3515 1121 3563 amoris
1133 3527 1204 3578 que-

108 3586 248 3638 exsnlibus
277 3586 442 3650 Mytilenaeis
469 3589 585 3652 praefuit
612 3593 639 3639 et
674 3587 803 3636 rimoniae
831 3601 862 3636 ac
888 3590 984 3638 tenues
1002 3587 1060 3638 illae
1079 3588 1202 3652 Sapphus

107 3665 143 3712 ita
173 3663 246 3712 cives
273 3663 391 3722 vexavit,
418 3667 448 3712 ut
464 3663 490 3712 hi
507 3665 638 3714 Pittacum
674 3659 789 3732 χάριτες
810 3658 884 3726 μετὰ
906 3659 1110 3732 σωφροσύνης.
1146 3663 1201 3712 De-

108 3739 211 3788 ducem
236 3741 328 3787 contra
353 3736 410 3788 illos
434 3741 565 3788 crearent.
601 3741 638 3790 lta
676 3739 753 3786 nretr.
781 3735 852 3786 Phal.
880 3737 914 3786 de
939 3737 1011 3788 Eloc.
1039 3737 1062 3801 5.
1084 3739 1147 3789 ⁴67:
1170 3731 1207 3786 Ἡ

108 3815 243 3863 Pittacum
260 3824 366 3876 quoque
386 3815 413 3861 et
430 3813 511 3863 armis
529 3815 556 3862 et
573 3827 639 3864 con·
675 3807 786 3872 Σαπφώ
805 3812 868 3882 περὶ
884 3811 939 3877 μὲν
963 3810 1087 3876 κάλλους
1112 3806 1204 3880 ᾅδον-

106 3887 185 3937 riciis
211 3899 353 3949 aggressus
379 3889 436 3945 est;
467 3899 482 3936 a
505 3901 638 3950 quocum
674 3900 715 3936 σα
725 3884 953 3952 καλλιισήςέστι
970 3889 1019 3937 καὶ
1034 3882 1133 3952 ἡδεῖα·
1152 3887 1204 3937 καλ

107 3960 254 4024 aliquando
272 3963 396 4024 captum,
421 3962 468 4012 sed
488 3961 637 4013 incolumen
675 3961 739 4031 περὶ
750 3957 864 4030 ἐρώτων
874 3959 905 4012 ot
920 3963 970 4012 troi
981 3957 1068 4032 ἔαρος
1079 3962 1128 4012 καὶ
1140 3962 1204 4031 περὶ

107 4035 268 4094 dimissum,
296 4039 451 4086 narraverat
481 4037 636 4088 Heraclitus.
674 4030 832 4099 ἁλκυόνος·
849 4037 899 4086 καὶ
914 4030 992 4086 ἅπαν
1005 4033 1096 4087 καλὸν
1107 4029 1203 4102 ὄνομα

108 4111 163 4162 Cir.
183 4109 231 4160 Od.
252 4110 280 4172 l,
300 4111 345 4171 32,
364 4113 388 4161 5.
676 4106 833 4171 ἐνύφανται
850 4105 943 4176 αὐτῆς
960 4109 994 4183 τῇ
1013 4108 1145 4176 ποιήσει·
1167 4107 1203 4161 τὰ

159 4185 201 4234 λθ.
239 4186 388 4249 Utramque]
415 4179 524 4236 Exstant
540 4187 636 4236 etiam·
675 4182 705 4235 dl
729 4187 778 4235 καὶ
795 4180 869 4252 αύτὴ
887 4182 1051 4256 εἰργάσατο.
1082 4185 1156 4235 ovid.
1176 4187 1203 4236 in

108 4261 341 4310 nuncoarminum
352 4261 489 4324 reliquiae,
503 4259 636 4324 inquibus
676 4261 797 4324 Sapphus
814 4263 895 4325 Epist.
916 4263 977 4312 Har.
992 4263 1036 4323 ⁴5,
1056 4262 1102 4311 27:
1126 4263 1203 4324 Papo-

107 4333 223 4384 Alcaena
248 4335 436 4398 Sapphonem,
467 4335 535 4386 haec
563 4333 636 4384 illum
675 4337 738 4384 rides
752 4336 1203 4396 oioodmimcemminodiotantf-
