<?xml version="1.0" encoding="UTF-8"?>
<!DOCTYPE html PUBLIC "-//W3C//DTD XHTML 1.0 Transitional//EN"
    "http://www.w3.org/TR/xhtml1/DTD/xhtml1-transitional.dtd">
<html xmlns="http://www.w3.org/1999/xhtml" xml:lang="en" lang="en">
 <head>
  <title>
</title>
<meta http-equiv="Content-Type" content="text/html;charset=utf-8" />
  <meta name='ocr-system' content='tesseract 3.04.00' />
  <meta name='ocr-capabilities' content='ocr_page ocr_carea ocr_par ocr_line ocrx_word'/>
</head>
<body>
  <div class='ocr_page' id='page_1' title='image "./qhoratiusflaccu02baitgoog/qhoratiusflaccu02baitgoog_0781.png"; bbox 0 0 3078 4978; ppageno 0'>
   <div class='ocr_carea' id='block_1_1' title="bbox 293 343 1162 410">
    <p class='ocr_par' dir='ltr' id='par_1_1' title="bbox 293 343 1162 410">
     <span class='ocr_line' id='line_1_1' title="bbox 293 343 1162 410; baseline -0.007 -10"><span class='ocrx_word' id='word_1_1' title='bbox 293 344 356 410; x_wconf 70' lang='grc'><strong>746</strong></span> <span class='ocrx_word' id='word_1_2' title='bbox 532 343 661 395; x_wconf 75' lang='lat' dir='ltr'><strong>HOllA&#39;l&#39;ll</strong></span> <span class='ocrx_word' id='word_1_3' title='bbox 681 343 810 396; x_wconf 86' lang='lat' dir='ltr'>EPODON</span> <span class='ocrx_word' id='word_1_4' title='bbox 835 343 938 394; x_wconf 80' lang='lat' dir='ltr'>LIBER.</span> <span class='ocrx_word' id='word_1_5' title='bbox 970 343 1069 395; x_wconf 75' lang='lat' dir='ltr'><strong>cauli,</strong></span> <span class='ocrx_word' id='word_1_6' title='bbox 1087 343 1162 394; x_wconf 79' lang='lat' dir='ltr'><strong>XVll.</strong></span> 
     </span>
    </p>
   </div>
   <div class='ocr_carea' id='block_1_2' title="bbox 417 499 1131 1194">
    <p class='ocr_par' dir='ltr' id='par_1_2' title="bbox 418 499 1059 590">
     <span class='ocr_line' id='line_1_2' title="bbox 418 499 1059 590; baseline -0.002 -22"><span class='ocrx_word' id='word_1_7' title='bbox 418 503 466 568; x_wconf 77' lang='lat' dir='ltr'><strong>An</strong></span> <span class='ocrx_word' id='word_1_8' title='bbox 490 521 576 590; x_wconf 82' lang='lat' dir='ltr'><strong>quae</strong></span> <span class='ocrx_word' id='word_1_9' title='bbox 597 519 730 568; x_wconf 89' lang='lat' dir='ltr'><strong>movere</strong></span> <span class='ocrx_word' id='word_1_10' title='bbox 752 519 866 567; x_wconf 81' lang='lat' dir='ltr'><strong>cereas</strong></span> <span class='ocrx_word' id='word_1_11' title='bbox 889 499 1059 586; x_wconf 83' lang='lat' dir='ltr'>imagines,</span> 
     </span>
    </p>

    <p class='ocr_par' dir='ltr' id='par_1_3' title="bbox 417 619 1131 1194">
     <span class='ocr_line' id='line_1_3' title="bbox 418 619 1007 710; baseline -0.007 -20"><span class='ocrx_word' id='word_1_12' title='bbox 418 621 457 690; x_wconf 89' lang='lat' dir='ltr'><strong>Ut</strong></span> <span class='ocrx_word' id='word_1_13' title='bbox 480 623 551 710; x_wconf 92' lang='lat' dir='ltr'><strong>ipse</strong></span> <span class='ocrx_word' id='word_1_14' title='bbox 576 621 660 687; x_wconf 91' lang='lat' dir='ltr'><strong>nosti</strong></span> <span class='ocrx_word' id='word_1_15' title='bbox 685 621 849 699; x_wconf 77' lang='lat' dir='ltr'><strong>curiosuS,</strong></span> <span class='ocrx_word' id='word_1_16' title='bbox 874 629 906 688; x_wconf 83' lang='lat' dir='ltr'><strong>et</strong></span> <span class='ocrx_word' id='word_1_17' title='bbox 931 619 1007 708; x_wconf 92' lang='lat' dir='ltr'><strong>polo</strong></span> 
     </span>
     <span class='ocr_line' id='line_1_4' title="bbox 417 740 1131 831; baseline -0.003 -22"><span class='ocrx_word' id='word_1_18' title='bbox 417 743 574 831; x_wconf 86' lang='lat' dir='ltr'><strong>Deriperc</strong></span> <span class='ocrx_word' id='word_1_19' title='bbox 598 740 709 810; x_wconf 85' lang='lat' dir='ltr'><strong>lunam</strong></span> <span class='ocrx_word' id='word_1_20' title='bbox 727 741 864 809; x_wconf 88' lang='lat' dir='ltr'><strong>vocibus</strong></span> <span class='ocrx_word' id='word_1_21' title='bbox 886 741 1010 829; x_wconf 88' lang='lat' dir='ltr'><strong>possim</strong></span> <span class='ocrx_word' id='word_1_22' title='bbox 1034 742 1131 818; x_wconf 89' lang='lat' dir='ltr'><strong>meis,</strong></span> 
     </span>
     <span class='ocr_line' id='line_1_5' title="bbox 418 863 1057 936; baseline -0.008 -4"><span class='ocrx_word' id='word_1_23' title='bbox 418 863 545 936; x_wconf 90' lang='lat' dir='ltr'><strong>Possim</strong></span> <span class='ocrx_word' id='word_1_24' title='bbox 566 873 727 932; x_wconf 87' lang='lat' dir='ltr'><strong>crematos</strong></span> <span class='ocrx_word' id='word_1_25' title='bbox 749 863 890 930; x_wconf 78' lang='lat' dir='ltr'><strong>excitare</strong></span> <span class='ocrx_word' id='word_1_26' title='bbox 912 872 1057 930; x_wconf 86' lang='lat' dir='ltr'><strong>mortuos</strong></span> 
     </span>
     <span class='ocr_line' id='line_1_6' title="bbox 417 983 996 1073; baseline -0.002 -22"><span class='ocrx_word' id='word_1_27' title='bbox 417 984 633 1072; x_wconf 88' lang='lat' dir='ltr'><strong>Desideriquc</strong></span> <span class='ocrx_word' id='word_1_28' title='bbox 656 994 838 1072; x_wconf 84' lang='lat' dir='ltr'><strong>temperare</strong></span> <span class='ocrx_word' id='word_1_29' title='bbox 860 983 996 1073; x_wconf 85' lang='lat' dir='ltr'><strong>pocula,</strong></span> 
     </span>
     <span class='ocr_line' id='line_1_7' title="bbox 417 1104 1117 1194; baseline -0.007 -19"><span class='ocrx_word' id='word_1_30' title='bbox 417 1105 544 1175; x_wconf 88' lang='lat' dir='ltr'><strong>Plorcm</strong></span> <span class='ocrx_word' id='word_1_31' title='bbox 567 1106 644 1173; x_wconf 83' lang='lat' dir='ltr'><strong>artis</strong></span> <span class='ocrx_word' id='word_1_32' title='bbox 666 1105 698 1171; x_wconf 93' lang='lat' dir='ltr'><strong>in</strong></span> <span class='ocrx_word' id='word_1_33' title='bbox 722 1115 752 1174; x_wconf 88' lang='lat' dir='ltr'><strong>te</strong></span> <span class='ocrx_word' id='word_1_34' title='bbox 774 1104 818 1171; x_wconf 91' lang='lat' dir='ltr'><strong>nil</strong></span> <span class='ocrx_word' id='word_1_35' title='bbox 840 1105 964 1194; x_wconf 83' lang='lat' dir='ltr'><strong>agentis</strong></span> <span class='ocrx_word' id='word_1_36' title='bbox 987 1105 1117 1173; x_wconf 77' lang='lat' dir='ltr'><strong>exitus?</strong></span> 
     </span>
    </p>
   </div>
   <div class='ocr_carea' id='block_1_3' title="bbox 323 1276 1350 1788">
    <p class='ocr_par' dir='ltr' id='par_1_4' title="bbox 323 1276 1350 1788">
     <span class='ocr_line' id='line_1_8' title="bbox 357 1276 1349 1341; baseline -0.004 -11"><span class='ocrx_word' id='word_1_37' title='bbox 357 1279 398 1330; x_wconf 79' lang='lat'><strong>77.</strong></span> <span class='ocrx_word' id='word_1_38' title='bbox 420 1277 450 1328; x_wconf 78' lang='lat' dir='ltr'><strong>Ut</strong></span> <span class='ocrx_word' id='word_1_39' title='bbox 465 1283 489 1328; x_wconf 81' lang='lat' dir='ltr'><strong>et</strong></span> <span class='ocrx_word' id='word_1_40' title='bbox 504 1277 557 1341; x_wconf 82' lang='lat' dir='ltr'><strong>ipse</strong></span> <span class='ocrx_word' id='word_1_41' title='bbox 574 1277 603 1328; x_wconf 93' lang='lat' dir='ltr'><strong>C.</strong></span> <span class='ocrx_word' id='word_1_42' title='bbox 624 1303 652 1313; x_wconf 92' lang='lat'><em>-</em></span> <span class='ocrx_word' id='word_1_43' title='bbox 670 1278 784 1327; x_wconf 69' lang='lat' dir='ltr'><strong>mortono</strong></span> <span class='ocrx_word' id='word_1_44' title='bbox 799 1277 864 1326; x_wconf 77' lang='lat' dir='ltr'><strong>nosti</strong></span> <span class='ocrx_word' id='word_1_45' title='bbox 879 1277 909 1327; x_wconf 83' lang='lat' dir='ltr'><strong>li.</strong></span> <span class='ocrx_word' id='word_1_46' title='bbox 939 1305 966 1314; x_wconf 89' lang='lat'><em>-</em></span> <span class='ocrx_word' id='word_1_47' title='bbox 996 1276 1037 1327; x_wconf 77' lang='lat'><strong>78.</strong></span> <span class='ocrx_word' id='word_1_48' title='bbox 1058 1276 1177 1339; x_wconf 64' lang='lat' dir='ltr'><strong>pompm</strong></span> <span class='ocrx_word' id='word_1_49' title='bbox 1193 1277 1222 1326; x_wconf 83' lang='lat' dir='ltr'><strong>T.</strong></span> <span class='ocrx_word' id='word_1_50' title='bbox 1245 1303 1273 1312; x_wconf 93' lang='lat'>—</span> <span class='ocrx_word' id='word_1_51' title='bbox 1289 1289 1349 1339; x_wconf 78' lang='lat' dir='ltr'><strong>pos-</strong></span> 
     </span>
     <span class='ocr_line' id='line_1_9' title="bbox 323 1349 1350 1416; baseline -0.002 -12"><span class='ocrx_word' id='word_1_52' title='bbox 323 1367 381 1404; x_wconf 79' lang='lat' dir='ltr'><strong>sum</strong></span> <span class='ocrx_word' id='word_1_53' title='bbox 397 1366 466 1404; x_wconf 88' lang='lat' dir='ltr'><strong>unus</strong></span> <span class='ocrx_word' id='word_1_54' title='bbox 484 1352 543 1416; x_wconf 81' lang='lat' dir='ltr'><strong>(td.)</strong></span> <span class='ocrx_word' id='word_1_55' title='bbox 561 1352 677 1402; x_wconf 86' lang='lat' dir='ltr'><strong>Pottierii</strong></span> <span class='ocrx_word' id='word_1_56' title='bbox 701 1354 729 1401; x_wconf 82' lang='lat' dir='ltr'><strong>et</strong></span> <span class='ocrx_word' id='word_1_57' title='bbox 745 1353 898 1404; x_wconf 83' lang='lat' dir='ltr'><strong>Torrentius</strong></span> <span class='ocrx_word' id='word_1_58' title='bbox 923 1351 974 1404; x_wconf 91' lang='lat' dir='ltr'><strong>bis.</strong></span> <span class='ocrx_word' id='word_1_59' title='bbox 1005 1351 1064 1416; x_wconf 84' lang='lat' dir='ltr'><strong>(llel</strong></span> <span class='ocrx_word' id='word_1_60' title='bbox 1082 1365 1114 1402; x_wconf 87' lang='lat' dir='ltr'><strong>ac</strong></span> <span class='ocrx_word' id='word_1_61' title='bbox 1131 1349 1243 1402; x_wconf 73' lang='lat' dir='ltr'><strong>Bentleii</strong></span> <span class='ocrx_word' id='word_1_62' title='bbox 1257 1354 1350 1415; x_wconf 59' lang='lat' dir='ltr'><strong>possen</strong></span> 
     </span>
     <span class='ocr_line' id='line_1_10' title="bbox 324 1423 1346 1493; baseline -0.003 -14"><span class='ocrx_word' id='word_1_63' title='bbox 324 1427 488 1491; x_wconf 76' lang='lat' dir='ltr'><strong>utrobique.)</strong></span> <span class='ocrx_word' id='word_1_64' title='bbox 508 1453 536 1463; x_wconf 89' lang='lat'><em>-</em></span> <span class='ocrx_word' id='word_1_65' title='bbox 565 1425 606 1477; x_wconf 89' lang='lat'><strong>80.</strong></span> <span class='ocrx_word' id='word_1_66' title='bbox 621 1425 741 1488; x_wconf 71' lang='lat' dir='ltr'><strong>posadum</strong></span> <span class='ocrx_word' id='word_1_67' title='bbox 757 1426 826 1488; x_wconf 85' lang='lat' dir='ltr'><strong>ch,</strong></span> <span class='ocrx_word' id='word_1_68' title='bbox 845 1427 939 1478; x_wconf 85' lang='lat' dir='ltr'><strong>LCtFJ.</strong></span> <span class='ocrx_word' id='word_1_69' title='bbox 960 1427 999 1490; x_wconf 83' lang='lat' dir='ltr'><strong>(Ut</strong></span> <span class='ocrx_word' id='word_1_70' title='bbox 1016 1438 1079 1488; x_wconf 87' lang='lat' dir='ltr'><strong>nos,</strong></span> <span class='ocrx_word' id='word_1_71' title='bbox 1098 1427 1131 1488; x_wconf 84' lang='lat' dir='ltr'><strong>B,</strong></span> <span class='ocrx_word' id='word_1_72' title='bbox 1150 1423 1273 1493; x_wconf 75' lang='grc' dir='ltr'><strong>γδκλνχ,</strong></span> <span class='ocrx_word' id='word_1_73' title='bbox 1289 1439 1346 1476; x_wconf 80' lang='lat' dir='ltr'><strong>var.</strong></span> 
     </span>
     <span class='ocr_line' id='line_1_11' title="bbox 324 1499 1350 1567; baseline -0.004 -13"><span class='ocrx_word' id='word_1_74' title='bbox 324 1502 386 1554; x_wconf 89' lang='lat' dir='ltr'><strong>lect.</strong></span> <span class='ocrx_word' id='word_1_75' title='bbox 404 1519 439 1567; x_wconf 82' lang='grc' dir='ltr'><strong>μ,</strong></span> <span class='ocrx_word' id='word_1_76' title='bbox 456 1499 604 1560; x_wconf 82' lang='lat' dir='ltr'><strong>Bentleius,</strong></span> <span class='ocrx_word' id='word_1_77' title='bbox 623 1500 668 1562; x_wconf 84' lang='lat' dir='ltr'><strong>ll.)</strong></span> <span class='ocrx_word' id='word_1_78' title='bbox 687 1527 715 1538; x_wconf 89' lang='lat'>-</span> <span class='ocrx_word' id='word_1_79' title='bbox 742 1501 783 1552; x_wconf 80' lang='grc'><strong>84.</strong></span> <span class='ocrx_word' id='word_1_80' title='bbox 801 1501 899 1552; x_wconf 77' lang='lat' dir='ltr'><strong>nullm</strong></span> <span class='ocrx_word' id='word_1_81' title='bbox 915 1500 1026 1552; x_wconf 71' lang='lat' dir='ltr'><strong>haimos</strong></span> <span class='ocrx_word' id='word_1_82' title='bbox 1041 1501 1138 1552; x_wconf 61' lang='lat' dir='ltr'><strong>witon</strong></span> <span class='ocrx_word' id='word_1_83' title='bbox 1154 1502 1188 1562; x_wconf 90' lang='lat' dir='ltr'><strong>L,</strong></span> <span class='ocrx_word' id='word_1_84' title='bbox 1206 1500 1244 1550; x_wconf 79' lang='lat' dir='ltr'><strong>nil</strong></span> <span class='ocrx_word' id='word_1_85' title='bbox 1259 1500 1350 1551; x_wconf 70' lang='lat' dir='ltr'><strong>boba»-</strong></span> 
     </span>
     <span class='ocr_line' id='line_1_12' title="bbox 324 1574 1349 1640; baseline -0.001 -13"><span class='ocrx_word' id='word_1_86' title='bbox 324 1578 356 1627; x_wconf 81' lang='lat' dir='ltr'><strong>tis</strong></span> <span class='ocrx_word' id='word_1_87' title='bbox 372 1577 454 1627; x_wconf 67' lang='lat' dir='ltr'><strong>emim</strong></span> <span class='ocrx_word' id='word_1_88' title='bbox 469 1587 540 1626; x_wconf 89' lang='lat' dir='ltr'><strong>unus</strong></span> <span class='ocrx_word' id='word_1_89' title='bbox 556 1574 672 1624; x_wconf 85' lang='lat' dir='ltr'><strong>Pottierii</strong></span> <span class='ocrx_word' id='word_1_90' title='bbox 690 1577 718 1625; x_wconf 90' lang='lat' dir='ltr'><strong>et</strong></span> <span class='ocrx_word' id='word_1_91' title='bbox 733 1576 825 1636; x_wconf 73' lang='lat' dir='ltr'><strong>Torn,</strong></span> <span class='ocrx_word' id='word_1_92' title='bbox 844 1576 881 1625; x_wconf 78' lang='lat' dir='ltr'><strong>nil</strong></span> <span class='ocrx_word' id='word_1_93' title='bbox 896 1575 1003 1626; x_wconf 65' lang='lat' dir='ltr'><strong>calceis</strong></span> <span class='ocrx_word' id='word_1_94' title='bbox 1018 1576 1116 1625; x_wconf 72' lang='lat' dir='ltr'><strong>emitum</strong></span> <span class='ocrx_word' id='word_1_95' title='bbox 1132 1575 1267 1640; x_wconf 59' lang='lat' dir='ltr'><strong>muretum</strong></span> <span class='ocrx_word' id='word_1_96' title='bbox 1295 1587 1349 1626; x_wconf 87' lang='lat' dir='ltr'><strong>non</strong></span> 
     </span>
     <span class='ocr_line' id='line_1_13' title="bbox 324 1647 1347 1715; baseline -0.002 -13"><span class='ocrx_word' id='word_1_97' title='bbox 324 1653 355 1702; x_wconf 86' lang='lat' dir='ltr'><strong>ut</strong></span> <span class='ocrx_word' id='word_1_98' title='bbox 378 1649 482 1710; x_wconf 85' lang='lat' dir='ltr'><strong>volunt,</strong></span> <span class='ocrx_word' id='word_1_99' title='bbox 508 1649 574 1700; x_wconf 89' lang='lat' dir='ltr'><strong>Cod.</strong></span> <span class='ocrx_word' id='word_1_100' title='bbox 602 1647 747 1700; x_wconf 87' lang='lat' dir='ltr'><strong>Pulmanni.</strong></span> <span class='ocrx_word' id='word_1_101' title='bbox 775 1648 880 1700; x_wconf 77' lang='lat' dir='ltr'><strong>Habent</strong></span> <span class='ocrx_word' id='word_1_102' title='bbox 903 1651 941 1700; x_wconf 81' lang='lat' dir='ltr'><strong>ott</strong></span> <span class='ocrx_word' id='word_1_103' title='bbox 956 1649 1029 1714; x_wconf 78' lang='lat' dir='ltr'><strong>(nibil</strong></span> <span class='ocrx_word' id='word_1_104' title='bbox 1043 1651 1082 1714; x_wconf 83' lang='grc' dir='ltr'><strong>Τ.)</strong></span> <span class='ocrx_word' id='word_1_105' title='bbox 1100 1649 1197 1715; x_wconf 69' lang='lat' dir='ltr'><strong>operitis</strong></span> <span class='ocrx_word' id='word_1_106' title='bbox 1213 1649 1298 1700; x_wconf 82' lang='lat' dir='ltr'><strong>bb‘lc.</strong></span> <span class='ocrx_word' id='word_1_107' title='bbox 1318 1677 1347 1687; x_wconf 97' lang='lat'>—</span> 
     </span>
     <span class='ocr_line' id='line_1_14' title="bbox 325 1723 1167 1788; baseline -0.001 -12"><span class='ocrx_word' id='word_1_108' title='bbox 325 1726 408 1776; x_wconf 64' lang='lat' dir='ltr'><strong>mdis</strong></span> <span class='ocrx_word' id='word_1_109' title='bbox 424 1723 517 1784; x_wconf 86' lang='lat' dir='ltr'><strong>Bbc,l:</strong></span> <span class='ocrx_word' id='word_1_110' title='bbox 536 1725 633 1774; x_wconf 76' lang='lat' dir='ltr'><strong>entium</strong></span> <span class='ocrx_word' id='word_1_111' title='bbox 650 1724 736 1786; x_wconf 84' lang='lat' dir='ltr'><strong>T,LC,</strong></span> <span class='ocrx_word' id='word_1_112' title='bbox 753 1723 900 1786; x_wconf 86' lang='lat' dir='ltr'><strong>Bentleius,</strong></span> <span class='ocrx_word' id='word_1_113' title='bbox 920 1726 973 1777; x_wconf 74' lang='grc' dir='ltr'><strong>ΡΜ.</strong></span> <span class='ocrx_word' id='word_1_114' title='bbox 993 1724 1034 1788; x_wconf 81' lang='lat' dir='ltr'><strong>(ut</strong></span> <span class='ocrx_word' id='word_1_115' title='bbox 1049 1738 1114 1787; x_wconf 88' lang='lat' dir='ltr'><strong>nos,</strong></span> <span class='ocrx_word' id='word_1_116' title='bbox 1132 1725 1167 1788; x_wconf 83' lang='lat' dir='ltr'><strong>l.)</strong></span> 
     </span>
    </p>
   </div>
   <div class='ocr_carea' id='block_1_4' title="bbox 292 1865 1389 4096">
    <p class='ocr_par' dir='ltr' id='par_1_5' title="bbox 292 1865 1389 4096">
     <span class='ocr_line' id='line_1_15' title="bbox 293 1865 1381 1931; baseline 0.001 -14"><span class='ocrx_word' id='word_1_117' title='bbox 293 1866 393 1918; x_wconf 88' lang='lat' dir='ltr'><strong>domito</strong></span> <span class='ocrx_word' id='word_1_118' title='bbox 405 1867 503 1927; x_wconf 88' lang='lat' dir='ltr'><strong>omnia,</strong></span> <span class='ocrx_word' id='word_1_119' title='bbox 525 1877 594 1929; x_wconf 89' lang='lat' dir='ltr'><strong>quae</strong></span> <span class='ocrx_word' id='word_1_120' title='bbox 611 1866 637 1916; x_wconf 92' lang='lat' dir='ltr'><strong>in</strong></span> <span class='ocrx_word' id='word_1_121' title='bbox 655 1865 721 1915; x_wconf 85' lang='lat' dir='ltr'><strong>orbe</strong></span> <span class='ocrx_word' id='word_1_122' title='bbox 733 1867 820 1916; x_wconf 83' lang='lat' dir='ltr'><strong>terra-</strong></span> <span class='ocrx_word' id='word_1_123' title='bbox 858 1879 911 1931; x_wconf 92' lang='lat' dir='ltr'><strong>que</strong></span> <span class='ocrx_word' id='word_1_124' title='bbox 938 1870 965 1918; x_wconf 86' lang='lat' dir='ltr'><strong>et</strong></span> <span class='ocrx_word' id='word_1_125' title='bbox 989 1878 1102 1930; x_wconf 87' lang='lat' dir='ltr'><strong>prorsus</strong></span> <span class='ocrx_word' id='word_1_126' title='bbox 1131 1865 1250 1916; x_wconf 86' lang='lat' dir='ltr'><strong>inaudita</strong></span> <span class='ocrx_word' id='word_1_127' title='bbox 1275 1867 1381 1918; x_wconf 84' lang='lat' dir='ltr'><strong>eiilcere</strong></span> 
     </span>
     <span class='ocr_line' id='line_1_16' title="bbox 293 1940 1382 2005; baseline 0 -13"><span class='ocrx_word' id='word_1_128' title='bbox 293 1954 353 1992; x_wconf 88' lang='lat' dir='ltr'><strong>rum</strong></span> <span class='ocrx_word' id='word_1_129' title='bbox 365 1944 435 2002; x_wconf 89' lang='lat' dir='ltr'><strong>sunt,</strong></span> <span class='ocrx_word' id='word_1_130' title='bbox 449 1941 557 1991; x_wconf 86' lang='lat' dir='ltr'><strong>flectent</strong></span> <span class='ocrx_word' id='word_1_131' title='bbox 568 1954 598 1991; x_wconf 88' lang='lat' dir='ltr'><strong>se</strong></span> <span class='ocrx_word' id='word_1_132' title='bbox 614 1941 727 1991; x_wconf 87' lang='lat' dir='ltr'><strong>invictae</strong></span> <span class='ocrx_word' id='word_1_133' title='bbox 741 1953 819 1990; x_wconf 86' lang='lat' dir='ltr'><strong>meae</strong></span> <span class='ocrx_word' id='word_1_134' title='bbox 858 1943 992 2004; x_wconf 79' lang='lat' dir='ltr'><strong>queami·</strong></span> <span class='ocrx_word' id='word_1_135' title='bbox 1013 1968 1041 1976; x_wconf 94' lang='lat'>—</span> <span class='ocrx_word' id='word_1_136' title='bbox 1065 1940 1228 2004; x_wconf 70' lang='lat' dir='ltr'><strong>Dedderique</strong></span> <span class='ocrx_word' id='word_1_137' title='bbox 1245 1946 1382 2005; x_wconf 67' lang='lat' dir='ltr'><strong>emperors</strong></span> 
     </span>
     <span class='ocr_line' id='line_1_17' title="bbox 293 2014 1373 2081; baseline -0.001 -15"><span class='ocrx_word' id='word_1_138' title='bbox 293 2017 428 2081; x_wconf 84' lang='lat' dir='ltr'><strong>potentiae</strong></span> <span class='ocrx_word' id='word_1_139' title='bbox 446 2029 561 2080; x_wconf 87' lang='lat' dir='ltr'><strong>eamque</strong></span> <span class='ocrx_word' id='word_1_140' title='bbox 580 2029 643 2066; x_wconf 91' lang='lat' dir='ltr'><strong>cum</strong></span> <span class='ocrx_word' id='word_1_141' title='bbox 660 2018 769 2080; x_wconf 85' lang='lat' dir='ltr'><strong>stupore</strong></span> <span class='ocrx_word' id='word_1_142' title='bbox 780 2014 820 2066; x_wconf 84' lang='lat' dir='ltr'><strong>ul-</strong></span> <span class='ocrx_word' id='word_1_143' title='bbox 853 2015 954 2080; x_wconf 82' lang='lat' dir='ltr'><strong>poculo]</strong></span> <span class='ocrx_word' id='word_1_144' title='bbox 974 2016 1105 2066; x_wconf 75' lang='lat' dir='ltr'><strong>«miscere</strong></span> <span class='ocrx_word' id='word_1_145' title='bbox 1131 2014 1227 2080; x_wconf 89' lang='lat' dir='ltr'><strong>pocula</strong></span> <span class='ocrx_word' id='word_1_146' title='bbox 1245 2018 1373 2073; x_wconf 58' lang='lat' dir='ltr'><strong>amatodo</strong></span> 
     </span>
     <span class='ocr_line' id='line_1_18' title="bbox 292 2087 1376 2160; baseline 0 -20"><span class='ocrx_word' id='word_1_147' title='bbox 292 2093 334 2140; x_wconf 88' lang='lat' dir='ltr'><strong>tro</strong></span> <span class='ocrx_word' id='word_1_148' title='bbox 351 2093 511 2155; x_wconf 81' lang='lat' dir='ltr'><strong>agnoscent,</strong></span> <span class='ocrx_word' id='word_1_149' title='bbox 534 2102 610 2153; x_wconf 87' lang='lat' dir='ltr'><strong>cum,</strong></span> <span class='ocrx_word' id='word_1_150' title='bbox 632 2090 709 2154; x_wconf 85' lang='lat' dir='ltr'><strong>quasi</strong></span> <span class='ocrx_word' id='word_1_151' title='bbox 727 2091 820 2141; x_wconf 88' lang='lat' dir='ltr'><strong>trium-</strong></span> <span class='ocrx_word' id='word_1_152' title='bbox 856 2087 987 2160; x_wconf 73' lang='grc' dir='ltr'><strong>φίλτρα.»</strong></span> <span class='ocrx_word' id='word_1_153' title='bbox 1014 2089 1139 2140; x_wconf 83' lang='lat' dir='ltr'><strong>Praeiero</strong></span> <span class='ocrx_word' id='word_1_154' title='bbox 1156 2102 1231 2140; x_wconf 89' lang='lat' dir='ltr'><strong>num.</strong></span> <span class='ocrx_word' id='word_1_155' title='bbox 1254 2087 1376 2154; x_wconf 76' lang='lat' dir='ltr'><strong>pluralem</strong></span> 
     </span>
     <span class='ocr_line' id='line_1_19' title="bbox 292 2163 1379 2230; baseline 0 -16"><span class='ocrx_word' id='word_1_156' title='bbox 292 2165 392 2230; x_wconf 85' lang='lat' dir='ltr'><strong>phane,</strong></span> <span class='ocrx_word' id='word_1_157' title='bbox 423 2165 470 2215; x_wconf 90' lang='lat' dir='ltr'><strong>tibi</strong></span> <span class='ocrx_word' id='word_1_158' title='bbox 488 2165 638 2228; x_wconf 85' lang='lat' dir='ltr'><strong>inequitans</strong></span> <span class='ocrx_word' id='word_1_159' title='bbox 655 2165 818 2216; x_wconf 78' lang='lat' dir='ltr'><strong>incessero.»</strong></span> <span class='ocrx_word' id='word_1_160' title='bbox 856 2165 972 2214; x_wconf 87' lang='lat' dir='ltr'><strong>maxime</strong></span> <span class='ocrx_word' id='word_1_161' title='bbox 985 2166 1097 2229; x_wconf 85' lang='lat' dir='ltr'><strong>propter</strong></span> <span class='ocrx_word' id='word_1_162' title='bbox 1112 2166 1298 2216; x_wconf 84' lang='lat' dir='ltr'><strong>auctoritatem</strong></span> <span class='ocrx_word' id='word_1_163' title='bbox 1316 2163 1379 2216; x_wconf 88' lang='lat' dir='ltr'><strong>Cod.</strong></span> 
     </span>
     <span class='ocr_line' id='line_1_20' title="bbox 292 2237 1380 2304; baseline -0.002 -14"><span class='ocrx_word' id='word_1_164' title='bbox 292 2238 341 2290; x_wconf 80' lang='lat' dir='ltr'><strong>Alii</strong></span> <span class='ocrx_word' id='word_1_165' title='bbox 359 2238 505 2304; x_wconf 85' lang='lat' dir='ltr'><strong>explicant:</strong></span> <span class='ocrx_word' id='word_1_166' title='bbox 534 2242 575 2290; x_wconf 75' lang='lat' dir='ltr'><strong>ste</strong></span> <span class='ocrx_word' id='word_1_167' title='bbox 602 2252 711 2291; x_wconf 91' lang='lat' dir='ltr'><strong>mecum</strong></span> <span class='ocrx_word' id='word_1_168' title='bbox 728 2237 819 2289; x_wconf 88' lang='lat' dir='ltr'><strong>tollam</strong></span> <span class='ocrx_word' id='word_1_169' title='bbox 856 2239 999 2290; x_wconf 81' lang='lat' dir='ltr'><strong>bernensis</strong></span> <span class='ocrx_word' id='word_1_170' title='bbox 1015 2239 1136 2289; x_wconf 89' lang='lat' dir='ltr'><strong>omnium</strong></span> <span class='ocrx_word' id='word_1_171' title='bbox 1159 2239 1380 2304; x_wconf 71' lang='lat' dir='ltr'><strong>antiquissimis,</strong></span> 
     </span>
     <span class='ocr_line' id='line_1_21' title="bbox 294 2311 1384 2378; baseline -0.002 -14"><span class='ocrx_word' id='word_1_172' title='bbox 294 2315 320 2364; x_wconf 93' lang='lat' dir='ltr'><strong>in</strong></span> <span class='ocrx_word' id='word_1_173' title='bbox 338 2319 460 2374; x_wconf 68' lang='lat' dir='ltr'><strong>aenemp»</strong></span> <span class='ocrx_word' id='word_1_174' title='bbox 487 2314 514 2364; x_wconf 95' lang='lat' dir='ltr'><strong>id</strong></span> <span class='ocrx_word' id='word_1_175' title='bbox 536 2314 610 2378; x_wconf 86' lang='lat' dir='ltr'><strong>quod</strong></span> <span class='ocrx_word' id='word_1_176' title='bbox 631 2327 683 2364; x_wconf 92' lang='lat' dir='ltr'><strong>non</strong></span> <span class='ocrx_word' id='word_1_177' title='bbox 706 2313 777 2364; x_wconf 87' lang='lat' dir='ltr'><strong>inest</strong></span> <span class='ocrx_word' id='word_1_178' title='bbox 791 2314 819 2363; x_wconf 92' lang='lat' dir='ltr'><strong>in</strong></span> <span class='ocrx_word' id='word_1_179' title='bbox 856 2311 1000 2376; x_wconf 79' lang='lat' dir='ltr'><strong>Singularis</strong></span> <span class='ocrx_word' id='word_1_180' title='bbox 1024 2311 1171 2364; x_wconf 88' lang='lat' dir='ltr'><strong>multorum</strong></span> <span class='ocrx_word' id='word_1_181' title='bbox 1194 2314 1337 2376; x_wconf 82' lang='lat' dir='ltr'><strong>(omnium,</strong></span> <span class='ocrx_word' id='word_1_182' title='bbox 1354 2317 1384 2362; x_wconf 86' lang='lat' dir='ltr'><strong>ut</strong></span> 
     </span>
     <span class='ocr_line' id='line_1_22' title="bbox 292 2387 1385 2452; baseline 0.001 -15"><span class='ocrx_word' id='word_1_183' title='bbox 292 2387 383 2438; x_wconf 85' lang='lat' dir='ltr'><strong>verbis</strong></span> <span class='ocrx_word' id='word_1_184' title='bbox 395 2391 499 2452; x_wconf 85' lang='lat' dir='ltr'><strong>poetae.</strong></span> <span class='ocrx_word' id='word_1_185' title='bbox 516 2415 543 2425; x_wconf 88' lang='grc'><strong>-</strong></span> <span class='ocrx_word' id='word_1_186' title='bbox 556 2389 709 2450; x_wconf 72' lang='lat' dir='ltr'><strong>insolentiae]</strong></span> <span class='ocrx_word' id='word_1_187' title='bbox 729 2387 819 2438; x_wconf 75' lang='lat' dir='ltr'><strong>onovls</strong></span> <span class='ocrx_word' id='word_1_188' title='bbox 856 2388 977 2451; x_wconf 86' lang='lat' dir='ltr'><strong>videtur,</strong></span> <span class='ocrx_word' id='word_1_189' title='bbox 996 2388 1120 2452; x_wconf 79' lang='lat' dir='ltr'><strong>Poltierii)</strong></span> <span class='ocrx_word' id='word_1_190' title='bbox 1139 2388 1223 2439; x_wconf 89' lang='lat' dir='ltr'><strong>Codd.</strong></span> <span class='ocrx_word' id='word_1_191' title='bbox 1237 2389 1314 2439; x_wconf 81' lang='lat' dir='ltr'><strong>iluxit</strong></span> <span class='ocrx_word' id='word_1_192' title='bbox 1330 2387 1385 2439; x_wconf 86' lang='lat' dir='ltr'><strong>lor-</strong></span> 
     </span>
     <span class='ocr_line' id='line_1_23' title="bbox 293 2461 1383 2528; baseline 0.002 -16"><span class='ocrx_word' id='word_1_193' title='bbox 293 2463 379 2521; x_wconf 84' lang='lat' dir='ltr'><strong>ausis,</strong></span> <span class='ocrx_word' id='word_1_194' title='bbox 405 2461 516 2514; x_wconf 89' lang='lat' dir='ltr'><strong>insolitis</strong></span> <span class='ocrx_word' id='word_1_195' title='bbox 541 2476 573 2513; x_wconf 88' lang='lat' dir='ltr'><strong>ac</strong></span> <span class='ocrx_word' id='word_1_196' title='bbox 599 2463 676 2514; x_wconf 87' lang='lat' dir='ltr'><strong>novis</strong></span> <span class='ocrx_word' id='word_1_197' title='bbox 701 2462 818 2524; x_wconf 87' lang='lat' dir='ltr'><strong>artibus,</strong></span> <span class='ocrx_word' id='word_1_198' title='bbox 857 2465 928 2514; x_wconf 84' lang='lat' dir='ltr'><strong>tasse</strong></span> <span class='ocrx_word' id='word_1_199' title='bbox 956 2477 988 2513; x_wconf 86' lang='lat' dir='ltr'><strong>ex</strong></span> <span class='ocrx_word' id='word_1_200' title='bbox 1018 2463 1205 2514; x_wconf 83' lang='lat' dir='ltr'><strong>recordatione</strong></span> <span class='ocrx_word' id='word_1_201' title='bbox 1238 2463 1322 2528; x_wconf 85' lang='lat' dir='ltr'><strong>Epod.</strong></span> <span class='ocrx_word' id='word_1_202' title='bbox 1352 2466 1383 2524; x_wconf 85' lang='lat' dir='ltr'><strong>it,</strong></span> 
     </span>
     <span class='ocr_line' id='line_1_24' title="bbox 294 2533 1184 2601; baseline 0.007 -19"><span class='ocrx_word' id='word_1_203' title='bbox 294 2533 392 2598; x_wconf 85' lang='lat' dir='ltr'><strong>quibus</strong></span> <span class='ocrx_word' id='word_1_204' title='bbox 417 2533 531 2585; x_wconf 84' lang='lat' dir='ltr'><strong>ulciscar</strong></span> <span class='ocrx_word' id='word_1_205' title='bbox 554 2539 581 2585; x_wconf 82' lang='lat' dir='ltr'><strong>et</strong></span> <span class='ocrx_word' id='word_1_206' title='bbox 598 2537 747 2600; x_wconf 80' lang='lat' dir='ltr'><strong>deprimam</strong></span> <span class='ocrx_word' id='word_1_207' title='bbox 770 2537 821 2586; x_wconf 92' lang='lat' dir='ltr'><strong>ini·</strong></span> <span class='ocrx_word' id='word_1_208' title='bbox 858 2539 904 2589; x_wconf 83' lang='lat'><strong>38:</strong></span> <span class='ocrx_word' id='word_1_209' title='bbox 923 2538 1184 2601; x_wconf 68' lang='lat' dir='ltr'><strong>Amoris-poesim.</strong></span> 
     </span>
     <span class='ocr_line' id='line_1_25' title="bbox 294 2610 1386 2677; baseline 0.002 -17"><span class='ocrx_word' id='word_1_210' title='bbox 294 2610 378 2660; x_wconf 81' lang='lat' dir='ltr'><strong>micos</strong></span> <span class='ocrx_word' id='word_1_211' title='bbox 397 2621 517 2660; x_wconf 76' lang='lat' dir='ltr'><strong>omnes.»</strong></span> <span class='ocrx_word' id='word_1_212' title='bbox 537 2610 716 2660; x_wconf 81' lang='lat' dir='ltr'><strong>Fononnmnus.</strong></span> <span class='ocrx_word' id='word_1_213' title='bbox 891 2612 932 2663; x_wconf 77' lang='lat' dir='ltr'><strong>st.</strong></span> <span class='ocrx_word' id='word_1_214' title='bbox 953 2612 1065 2662; x_wconf 70' lang='grc' dir='ltr'><strong>«Ρῐονωη</strong></span> <span class='ocrx_word' id='word_1_215' title='bbox 1083 2612 1186 2676; x_wconf 82' lang='lat' dir='ltr'><strong>(venos,</strong></span> <span class='ocrx_word' id='word_1_216' title='bbox 1205 2624 1317 2677; x_wconf 87' lang='lat' dir='ltr'><strong>semper</strong></span> <span class='ocrx_word' id='word_1_217' title='bbox 1333 2611 1386 2662; x_wconf 82' lang='lat' dir='ltr'><strong>bu·</strong></span> 
     </span>
     <span class='ocr_line' id='line_1_26' title="bbox 326 2683 1385 2750; baseline 0.002 -16"><span class='ocrx_word' id='word_1_218' title='bbox 326 2683 415 2735; x_wconf 79' lang='lat' dir='ltr'><strong>‘ld-80.</strong></span> <span class='ocrx_word' id='word_1_219' title='bbox 428 2685 650 2750; x_wconf 73' lang='lat' dir='ltr'><strong>cereosiinapines]</strong></span> <span class='ocrx_word' id='word_1_220' title='bbox 667 2684 822 2738; x_wconf 86' lang='lat' dir='ltr'><strong>UtinPbor-</strong></span> <span class='ocrx_word' id='word_1_221' title='bbox 858 2686 964 2749; x_wconf 86' lang='lat' dir='ltr'><strong>stratos)</strong></span> <span class='ocrx_word' id='word_1_222' title='bbox 981 2687 1067 2735; x_wconf 76' lang='lat' dir='ltr'><strong>scitus</strong></span> <span class='ocrx_word' id='word_1_223' title='bbox 1083 2687 1147 2736; x_wconf 76' lang='lat' dir='ltr'><strong>ortis</strong></span> <span class='ocrx_word' id='word_1_224' title='bbox 1162 2698 1239 2736; x_wconf 84' lang='lat' dir='ltr'><strong>meae</strong></span> <span class='ocrx_word' id='word_1_225' title='bbox 1251 2688 1385 2750; x_wconf 77' lang='lat' dir='ltr'><strong>magicae,</strong></span> 
     </span>
     <span class='ocr_line' id='line_1_27' title="bbox 295 2759 1386 2824; baseline 0 -12"><span class='ocrx_word' id='word_1_226' title='bbox 295 2760 448 2812; x_wconf 88' lang='lat' dir='ltr'><strong>maceutrils</strong></span> <span class='ocrx_word' id='word_1_227' title='bbox 459 2759 590 2811; x_wconf 81' lang='lat' dir='ltr'><strong>Theocriti</strong></span> <span class='ocrx_word' id='word_1_228' title='bbox 605 2761 635 2822; x_wconf 78' lang='lat'><strong>2,</strong></span> <span class='ocrx_word' id='word_1_229' title='bbox 648 2761 690 2812; x_wconf 70' lang='lat'><strong>28.</strong></span> <span class='ocrx_word' id='word_1_230' title='bbox 710 2761 737 2810; x_wconf 90' lang='lat' dir='ltr'><strong>et</strong></span> <span class='ocrx_word' id='word_1_231' title='bbox 747 2759 818 2823; x_wconf 75' lang='lat' dir='ltr'><strong>Virg.</strong></span> <span class='ocrx_word' id='word_1_232' title='bbox 859 2773 928 2824; x_wconf 86' lang='lat' dir='ltr'><strong>quae</strong></span> <span class='ocrx_word' id='word_1_233' title='bbox 944 2760 973 2809; x_wconf 85' lang='lat' dir='ltr'><strong>in</strong></span> <span class='ocrx_word' id='word_1_234' title='bbox 989 2765 1013 2810; x_wconf 82' lang='lat' dir='ltr'><strong>le</strong></span> <span class='ocrx_word' id='word_1_235' title='bbox 1030 2761 1153 2823; x_wconf 84' lang='lat' dir='ltr'><strong>(accusat.</strong></span> <span class='ocrx_word' id='word_1_236' title='bbox 1169 2760 1315 2812; x_wconf 82' lang='lat' dir='ltr'><strong>«adversus</strong></span> <span class='ocrx_word' id='word_1_237' title='bbox 1334 2763 1386 2822; x_wconf 75' lang='lat' dir='ltr'><strong>te»)</strong></span> 
     </span>
     <span class='ocr_line' id='line_1_28' title="bbox 294 2833 1389 2900; baseline 0.001 -14"><span class='ocrx_word' id='word_1_238' title='bbox 294 2835 349 2886; x_wconf 88' lang='lat' dir='ltr'><strong>Ecl.</strong></span> <span class='ocrx_word' id='word_1_239' title='bbox 369 2836 400 2897; x_wconf 87' lang='lat'><strong>8,</strong></span> <span class='ocrx_word' id='word_1_240' title='bbox 425 2836 485 2897; x_wconf 88' lang='grc'>80.,</span> <span class='ocrx_word' id='word_1_241' title='bbox 510 2847 599 2900; x_wconf 80' lang='lat' dir='ltr'><strong>pupae</strong></span> <span class='ocrx_word' id='word_1_242' title='bbox 616 2837 683 2886; x_wconf 88' lang='lat' dir='ltr'><strong>istae</strong></span> <span class='ocrx_word' id='word_1_243' title='bbox 700 2835 820 2898; x_wconf 76' lang='lat' dir='ltr'><strong>magicae</strong></span> <span class='ocrx_word' id='word_1_244' title='bbox 858 2835 895 2885; x_wconf 80' lang='lat' dir='ltr'><strong>ait</strong></span> <span class='ocrx_word' id='word_1_245' title='bbox 910 2835 978 2899; x_wconf 73' lang='lat' dir='ltr'><strong>apii,</strong></span> <span class='ocrx_word' id='word_1_246' title='bbox 997 2834 1098 2886; x_wconf 87' lang='lat' dir='ltr'><strong>nullam</strong></span> <span class='ocrx_word' id='word_1_247' title='bbox 1115 2837 1169 2886; x_wconf 73' lang='lat' dir='ltr'><strong>iim</strong></span> <span class='ocrx_word' id='word_1_248' title='bbox 1185 2833 1309 2886; x_wconf 75' lang='lat' dir='ltr'><strong>habeti»</strong></span> <span class='ocrx_word' id='word_1_249' title='bbox 1329 2837 1389 2887; x_wconf 83' lang='lat' dir='ltr'><strong>lna-</strong></span> 
     </span>
     <span class='ocr_line' id='line_1_29' title="bbox 296 2907 1386 2962; baseline 0 -2"><span class='ocrx_word' id='word_1_250' title='bbox 296 2909 481 2961; x_wconf 86' lang='lat' dir='ltr'><strong>adolescentes</strong></span> <span class='ocrx_word' id='word_1_251' title='bbox 497 2908 540 2959; x_wconf 82' lang='lat' dir='ltr'><strong>vel</strong></span> <span class='ocrx_word' id='word_1_252' title='bbox 555 2908 676 2962; x_wconf 85' lang='lat' dir='ltr'><strong>infideles</strong></span> <span class='ocrx_word' id='word_1_253' title='bbox 687 2908 730 2960; x_wconf 81' lang='lat' dir='ltr'><strong>uel</strong></span> <span class='ocrx_word' id='word_1_254' title='bbox 742 2910 821 2960; x_wconf 89' lang='lat' dir='ltr'><strong>nimis</strong></span> <span class='ocrx_word' id='word_1_255' title='bbox 858 2921 961 2960; x_wconf 88' lang='lat' dir='ltr'><strong>uerus.</strong></span> <span class='ocrx_word' id='word_1_256' title='bbox 980 2907 1083 2960; x_wconf 83' lang='lat' dir='ltr'><strong>nubum</strong></span> <span class='ocrx_word' id='word_1_257' title='bbox 1100 2909 1182 2960; x_wconf 89' lang='lat' dir='ltr'><strong>luisse</strong></span> <span class='ocrx_word' id='word_1_258' title='bbox 1198 2909 1296 2959; x_wconf 61' lang='lat' dir='ltr'><strong>mina</strong></span> <span class='ocrx_word' id='word_1_259' title='bbox 1316 2911 1386 2960; x_wconf 83' lang='lat' dir='ltr'><strong>inest</strong></span> 
     </span>
     <span class='ocr_line' id='line_1_30' title="bbox 295 2983 1386 3050; baseline -0.002 -14"><span class='ocrx_word' id='word_1_260' title='bbox 295 2985 378 3036; x_wconf 86' lang='lat' dir='ltr'><strong>duros</strong></span> <span class='ocrx_word' id='word_1_261' title='bbox 394 2984 526 3044; x_wconf 78' lang='lat' dir='ltr'><strong>referunt,</strong></span> <span class='ocrx_word' id='word_1_262' title='bbox 553 2996 621 3047; x_wconf 87' lang='lat' dir='ltr'><strong>quos</strong></span> <span class='ocrx_word' id='word_1_263' title='bbox 638 2996 668 3034; x_wconf 88' lang='lat' dir='ltr'><strong>se</strong></span> <span class='ocrx_word' id='word_1_264' title='bbox 686 2983 821 3034; x_wconf 81' lang='lat' dir='ltr'><strong>defixurus</strong></span> <span class='ocrx_word' id='word_1_265' title='bbox 858 2985 885 3034; x_wconf 91' lang='lat' dir='ltr'><strong>in</strong></span> <span class='ocrx_word' id='word_1_266' title='bbox 908 2985 967 3049; x_wconf 90' lang='lat' dir='ltr'><strong>ipso</strong></span> <span class='ocrx_word' id='word_1_267' title='bbox 993 2996 1019 3034; x_wconf 85' lang='lat' dir='ltr'><strong>v.</strong></span> <span class='ocrx_word' id='word_1_268' title='bbox 1034 2984 1142 3046; x_wconf 83' lang='lat' dir='ltr'><strong>plorem.</strong></span> <span class='ocrx_word' id='word_1_269' title='bbox 1168 2983 1270 3049; x_wconf 75' lang='lat' dir='ltr'><strong>Apentts</strong></span> <span class='ocrx_word' id='word_1_270' title='bbox 1294 2984 1386 3050; x_wconf 59' lang='lat' dir='ltr'><strong>inerti-</strong></span> 
     </span>
     <span class='ocr_line' id='line_1_31' title="bbox 295 3056 1385 3123; baseline -0.003 -11"><span class='ocrx_word' id='word_1_271' title='bbox 295 3063 323 3112; x_wconf 87' lang='lat' dir='ltr'><strong>ct</strong></span> <span class='ocrx_word' id='word_1_272' title='bbox 339 3057 442 3123; x_wconf 88' lang='lat' dir='ltr'><strong>cupidis</strong></span> <span class='ocrx_word' id='word_1_273' title='bbox 464 3057 559 3123; x_wconf 89' lang='lat' dir='ltr'><strong>puellis</strong></span> <span class='ocrx_word' id='word_1_274' title='bbox 581 3058 766 3110; x_wconf 87' lang='lat' dir='ltr'><strong>conciliaturas</strong></span> <span class='ocrx_word' id='word_1_275' title='bbox 783 3058 822 3109; x_wconf 90' lang='lat' dir='ltr'><strong>si·</strong></span> <span class='ocrx_word' id='word_1_276' title='bbox 859 3059 961 3122; x_wconf 84' lang='lat' dir='ltr'><strong>cientis)</strong></span> <span class='ocrx_word' id='word_1_277' title='bbox 995 3071 1046 3123; x_wconf 84' lang='lat' dir='ltr'><strong>per</strong></span> <span class='ocrx_word' id='word_1_278' title='bbox 1073 3071 1103 3110; x_wconf 85' lang='lat' dir='ltr'><strong>se</strong></span> <span class='ocrx_word' id='word_1_279' title='bbox 1132 3056 1234 3110; x_wconf 84' lang='lat' dir='ltr'><strong>clarum</strong></span> <span class='ocrx_word' id='word_1_280' title='bbox 1262 3061 1305 3110; x_wconf 87' lang='lat' dir='ltr'><strong>est</strong></span> <span class='ocrx_word' id='word_1_281' title='bbox 1335 3071 1385 3109; x_wconf 85' lang='lat' dir='ltr'><strong>nec</strong></span> 
     </span>
     <span class='ocr_line' id='line_1_32' title="bbox 295 3131 1385 3198; baseline -0.001 -13"><span class='ocrx_word' id='word_1_282' title='bbox 295 3131 436 3185; x_wconf 87' lang='lat' dir='ltr'><strong>muiabant</strong></span> <span class='ocrx_word' id='word_1_283' title='bbox 451 3145 540 3197; x_wconf 79' lang='lat' dir='ltr'><strong>sagae.</strong></span> <span class='ocrx_word' id='word_1_284' title='bbox 559 3132 635 3185; x_wconf 86' lang='lat' dir='ltr'><strong>ovid.</strong></span> <span class='ocrx_word' id='word_1_285' title='bbox 654 3133 716 3184; x_wconf 87' lang='lat' dir='ltr'><strong>lior.</strong></span> <span class='ocrx_word' id='word_1_286' title='bbox 730 3134 760 3195; x_wconf 87' lang='grc'><strong>6,</strong></span> <span class='ocrx_word' id='word_1_287' title='bbox 774 3132 821 3182; x_wconf 80' lang='lat' dir='ltr'><strong>ei:</strong></span> <span class='ocrx_word' id='word_1_288' title='bbox 859 3132 1080 3184; x_wconf 87' lang='lat' dir='ltr'><strong>commutandum</strong></span> <span class='ocrx_word' id='word_1_289' title='bbox 1105 3145 1167 3184; x_wconf 85' lang='lat' dir='ltr'><strong>cum</strong></span> <span class='ocrx_word' id='word_1_290' title='bbox 1192 3131 1272 3198; x_wconf 78' lang='lat' dir='ltr'><strong>gloss.</strong></span> <span class='ocrx_word' id='word_1_291' title='bbox 1298 3131 1385 3183; x_wconf 65' lang='lat' dir='ltr'><strong>vatn-</strong></span> 
     </span>
     <span class='ocr_line' id='line_1_33' title="bbox 294 3207 1384 3273; baseline -0.002 -13"><span class='ocrx_word' id='word_1_292' title='bbox 294 3210 404 3261; x_wconf 82' lang='lat' dir='ltr'><strong>Devooet</strong></span> <span class='ocrx_word' id='word_1_293' title='bbox 420 3207 530 3259; x_wconf 70' lang='grc' dir='ltr'><strong>αὸεοηεεε</strong></span> <span class='ocrx_word' id='word_1_294' title='bbox 545 3209 732 3270; x_wconf 59' lang='lat' dir='ltr'><strong>musaque</strong></span> <span class='ocrx_word' id='word_1_295' title='bbox 748 3220 823 3258; x_wconf 82' lang='lat' dir='ltr'><strong>cereo</strong></span> <span class='ocrx_word' id='word_1_296' title='bbox 858 3208 902 3270; x_wconf 82' lang='lat' dir='ltr'><strong>tis,</strong></span> <span class='ocrx_word' id='word_1_297' title='bbox 926 3207 1045 3258; x_wconf 79' lang='lat' dir='ltr'><strong>tabentis.</strong></span> <span class='ocrx_word' id='word_1_298' title='bbox 1065 3207 1156 3273; x_wconf 68' lang='lat' dir='ltr'><strong>(Apono</strong></span> <span class='ocrx_word' id='word_1_299' title='bbox 1172 3210 1200 3258; x_wconf 88' lang='lat' dir='ltr'><strong>et</strong></span> <span class='ocrx_word' id='word_1_300' title='bbox 1213 3207 1306 3258; x_wconf 79' lang='lat' dir='ltr'><strong>babere</strong></span> <span class='ocrx_word' id='word_1_301' title='bbox 1322 3219 1384 3272; x_wconf 89' lang='lat' dir='ltr'><strong>pas-</strong></span> 
     </span>
     <span class='ocr_line' id='line_1_34' title="bbox 293 3281 1381 3350; baseline -0.003 -16"><span class='ocrx_word' id='word_1_302' title='bbox 293 3285 349 3350; x_wconf 68' lang='lat' dir='ltr'><strong>flpit</strong></span> <span class='ocrx_word' id='word_1_303' title='bbox 359 3284 392 3334; x_wconf 80' lang='lat' dir='ltr'><strong>El</strong></span> <span class='ocrx_word' id='word_1_304' title='bbox 408 3283 527 3334; x_wconf 63' lang='lat' dir='ltr'><strong>muman</strong></span> <span class='ocrx_word' id='word_1_305' title='bbox 538 3289 622 3334; x_wconf 69' lang='lat' dir='ltr'><strong>boues</strong></span> <span class='ocrx_word' id='word_1_306' title='bbox 631 3287 659 3334; x_wconf 75' lang='lat' dir='ltr'><strong>ts</strong></span> <span class='ocrx_word' id='word_1_307' title='bbox 670 3286 740 3334; x_wconf 70' lang='lat' dir='ltr'><strong>mmor</strong></span> <span class='ocrx_word' id='word_1_308' title='bbox 749 3288 823 3347; x_wconf 69' lang='lat' dir='ltr'><strong>orpes</strong></span> <span class='ocrx_word' id='word_1_309' title='bbox 859 3283 910 3333; x_wconf 89' lang='lat' dir='ltr'><strong>sim</strong></span> <span class='ocrx_word' id='word_1_310' title='bbox 932 3281 1147 3344; x_wconf 85' lang='lat' dir='ltr'><strong>conlunduntur,</strong></span> <span class='ocrx_word' id='word_1_311' title='bbox 1174 3283 1205 3332; x_wconf 88' lang='lat' dir='ltr'><strong>ut</strong></span> <span class='ocrx_word' id='word_1_312' title='bbox 1226 3281 1301 3333; x_wconf 85' lang='lat' dir='ltr'><strong>ovid.</strong></span> <span class='ocrx_word' id='word_1_313' title='bbox 1320 3283 1381 3334; x_wconf 88' lang='lat' dir='ltr'><strong>ller.</strong></span> 
     </span>
     <span class='ocr_line' id='line_1_35' title="bbox 295 3355 1381 3423; baseline -0.003 -14"><span class='ocrx_word' id='word_1_314' title='bbox 295 3371 407 3409; x_wconf 78' lang='lat' dir='ltr'><strong>ocos·</strong></span> <span class='ocrx_word' id='word_1_315' title='bbox 426 3357 552 3423; x_wconf 75' lang='lat' dir='ltr'><strong>emissas]</strong></span> <span class='ocrx_word' id='word_1_316' title='bbox 573 3355 822 3408; x_wconf 72' lang='lat' dir='ltr'><strong>ucnmincredulus</strong></span> <span class='ocrx_word' id='word_1_317' title='bbox 860 3357 907 3418; x_wconf 77' lang='lat' dir='ltr'><strong>lb,</strong></span> <span class='ocrx_word' id='word_1_318' title='bbox 929 3357 985 3408; x_wconf 73' lang='lat'>³⁰2.</span> <span class='ocrx_word' id='word_1_319' title='bbox 1016 3359 1077 3408; x_wconf 78' lang='lat' dir='ltr'><strong>liet.</strong></span> <span class='ocrx_word' id='word_1_320' title='bbox 1099 3357 1128 3419; x_wconf 81' lang='lat'><strong>9,</strong></span> <span class='ocrx_word' id='word_1_321' title='bbox 1150 3356 1218 3420; x_wconf 75' lang='lat'><strong>⁴07.)</strong></span> <span class='ocrx_word' id='word_1_322' title='bbox 1253 3356 1381 3418; x_wconf 84' lang='lat' dir='ltr'><strong>Quidam,</strong></span> 
     </span>
     <span class='ocr_line' id='line_1_36' title="bbox 295 3430 1381 3497; baseline -0.005 -12"><span class='ocrx_word' id='word_1_323' title='bbox 295 3447 329 3485; x_wconf 87' lang='lat' dir='ltr'><strong>ex</strong></span> <span class='ocrx_word' id='word_1_324' title='bbox 340 3432 442 3483; x_wconf 87' lang='lat' dir='ltr'><strong>insidiis</strong></span> <span class='ocrx_word' id='word_1_325' title='bbox 454 3444 530 3484; x_wconf 87' lang='lat' dir='ltr'><strong>meas</strong></span> <span class='ocrx_word' id='word_1_326' title='bbox 541 3434 613 3484; x_wconf 88' lang='lat' dir='ltr'><strong>artes</strong></span> <span class='ocrx_word' id='word_1_327' title='bbox 626 3432 821 3497; x_wconf 67' lang='lat' dir='ltr'><strong>inspectabile»</strong></span> <span class='ocrx_word' id='word_1_328' title='bbox 860 3430 932 3482; x_wconf 90' lang='lat' dir='ltr'><strong>nullo</strong></span> <span class='ocrx_word' id='word_1_329' title='bbox 959 3434 1050 3483; x_wconf 65' lang='lat' dir='ltr'><strong>umen</strong></span> <span class='ocrx_word' id='word_1_330' title='bbox 1080 3430 1204 3496; x_wconf 82' lang='lat' dir='ltr'><strong>exemplo</strong></span> <span class='ocrx_word' id='word_1_331' title='bbox 1234 3432 1329 3493; x_wconf 86' lang='lat' dir='ltr'><strong>innisi,</strong></span> <span class='ocrx_word' id='word_1_332' title='bbox 1357 3443 1381 3480; x_wconf 87' lang='lat' dir='ltr'><strong>v.</strong></span> 
     </span>
     <span class='ocr_line' id='line_1_37' title="bbox 297 3505 1382 3572; baseline -0.001 -15"><span class='ocrx_word' id='word_1_333' title='bbox 297 3507 406 3569; x_wconf 85' lang='lat' dir='ltr'><strong>-polo</strong></span> <span class='ocrx_word' id='word_1_334' title='bbox 427 3507 549 3570; x_wconf 74' lang='lat' dir='ltr'><strong>Desipere</strong></span> <span class='ocrx_word' id='word_1_335' title='bbox 569 3506 671 3570; x_wconf 72' lang='lat' dir='ltr'><strong>inemo]</strong></span> <span class='ocrx_word' id='word_1_336' title='bbox 703 3506 763 3558; x_wconf 92' lang='lat' dir='ltr'><strong>Vid.</strong></span> <span class='ocrx_word' id='word_1_337' title='bbox 788 3507 823 3558; x_wconf 87' lang='lat' dir='ltr'><strong>ad</strong></span> <span class='ocrx_word' id='word_1_338' title='bbox 860 3508 925 3558; x_wconf 77' lang='lat' dir='ltr'><strong>ortis</strong></span> <span class='ocrx_word' id='word_1_339' title='bbox 959 3519 1010 3572; x_wconf 89' lang='lat' dir='ltr'><strong>pro</strong></span> <span class='ocrx_word' id='word_1_340' title='bbox 1037 3508 1152 3571; x_wconf 80' lang='lat' dir='ltr'><strong>genitivo</strong></span> <span class='ocrx_word' id='word_1_341' title='bbox 1187 3505 1263 3556; x_wconf 80' lang='lat' dir='ltr'><strong>verbi</strong></span> <span class='ocrx_word' id='word_1_342' title='bbox 1291 3505 1382 3569; x_wconf 65' lang='lat' dir='ltr'><strong>pion</strong></span> 
     </span>
     <span class='ocr_line' id='line_1_38' title="bbox 295 3577 1382 3647; baseline -0.004 -15"><span class='ocrx_word' id='word_1_343' title='bbox 295 3581 379 3645; x_wconf 87' lang='lat' dir='ltr'><strong>Epod.</strong></span> <span class='ocrx_word' id='word_1_344' title='bbox 393 3581 552 3647; x_wconf 82' lang='lat' dir='ltr'><strong>5,lttsq.—</strong></span> <span class='ocrx_word' id='word_1_345' title='bbox 570 3583 691 3643; x_wconf 66' lang='lat' dir='ltr'><strong>combure]</strong></span> <span class='ocrx_word' id='word_1_346' title='bbox 709 3581 824 3633; x_wconf 85' lang='lat' dir='ltr'><strong>oblnle·</strong></span> <span class='ocrx_word' id='word_1_347' title='bbox 860 3581 978 3632; x_wconf 84' lang='lat' dir='ltr'><strong>babent:</strong></span> <span class='ocrx_word' id='word_1_348' title='bbox 1009 3584 1135 3647; x_wconf 82' lang='lat' dir='ltr'><strong>«propter</strong></span> <span class='ocrx_word' id='word_1_349' title='bbox 1152 3583 1239 3632; x_wconf 83' lang='lat' dir='ltr'><strong>arbem</strong></span> <span class='ocrx_word' id='word_1_350' title='bbox 1256 3580 1329 3631; x_wconf 87' lang='lat' dir='ltr'><strong>omni</strong></span> <span class='ocrx_word' id='word_1_351' title='bbox 1344 3577 1382 3628; x_wconf 90' lang='lat' dir='ltr'><strong>el-</strong></span> 
     </span>
     <span class='ocr_line' id='line_1_39' title="bbox 296 3653 1385 3718; baseline 0 -14"><span class='ocrx_word' id='word_1_352' title='bbox 296 3655 342 3704; x_wconf 90' lang='lat' dir='ltr'><strong>ris.</strong></span> <span class='ocrx_word' id='word_1_353' title='bbox 369 3653 463 3705; x_wconf 86' lang='lat' dir='ltr'><strong>Tibull.</strong></span> <span class='ocrx_word' id='word_1_354' title='bbox 484 3657 514 3717; x_wconf 87' lang='lat' dir='ltr'><strong>t,</strong></span> <span class='ocrx_word' id='word_1_355' title='bbox 532 3658 564 3718; x_wconf 70' lang='lat'><strong>2,</strong></span> <span class='ocrx_word' id='word_1_356' title='bbox 582 3656 631 3707; x_wconf 76' lang='lat' dir='ltr'><strong>li:</strong></span> <span class='ocrx_word' id='word_1_357' title='bbox 661 3656 729 3706; x_wconf 79' lang='lat' dir='ltr'><strong>llaec</strong></span> <span class='ocrx_word' id='word_1_358' title='bbox 746 3661 824 3707; x_wconf 75' lang='lat' dir='ltr'><strong>conto</strong></span> <span class='ocrx_word' id='word_1_359' title='bbox 860 3659 991 3710; x_wconf 83' lang='lat' dir='ltr'><strong>flcacitate</strong></span> <span class='ocrx_word' id='word_1_360' title='bbox 1020 3661 1183 3710; x_wconf 78' lang='lat' dir='ltr'><strong>carentem.»</strong></span> <span class='ocrx_word' id='word_1_361' title='bbox 1218 3655 1385 3707; x_wconf 75' lang='lat' dir='ltr'><strong>Contrarium</strong></span> 
     </span>
     <span class='ocr_line' id='line_1_40' title="bbox 294 3727 1385 3795; baseline 0.002 -18"><span class='ocrx_word' id='word_1_362' title='bbox 294 3727 415 3793; x_wconf 67' lang='lat' dir='ltr'><strong>finditque</strong></span> <span class='ocrx_word' id='word_1_363' title='bbox 441 3731 522 3780; x_wconf 77' lang='lat' dir='ltr'><strong>sotum</strong></span> <span class='ocrx_word' id='word_1_364' title='bbox 545 3734 682 3792; x_wconf 71' lang='lat' dir='ltr'><strong>mousom</strong></span> <span class='ocrx_word' id='word_1_365' title='bbox 705 3731 825 3795; x_wconf 61' lang='lat' dir='ltr'><strong>sepum</strong></span> <span class='ocrx_word' id='word_1_366' title='bbox 861 3735 903 3785; x_wconf 84' lang='lat' dir='ltr'><strong>est</strong></span> <span class='ocrx_word' id='word_1_367' title='bbox 925 3733 974 3784; x_wconf 88' lang='lat' dir='ltr'><strong>Od.</strong></span> <span class='ocrx_word' id='word_1_368' title='bbox 991 3732 1022 3795; x_wconf 80' lang='lat' dir='ltr'><strong>t,</strong></span> <span class='ocrx_word' id='word_1_369' title='bbox 1041 3732 1088 3793; x_wconf 82' lang='lat' dir='ltr'><strong>ll,</strong></span> <span class='ocrx_word' id='word_1_370' title='bbox 1106 3731 1155 3783; x_wconf 76' lang='lat'><strong>38:</strong></span> <span class='ocrx_word' id='word_1_371' title='bbox 1185 3731 1303 3782; x_wconf 71' lang='lat' dir='ltr'><strong>exundet</strong></span> <span class='ocrx_word' id='word_1_372' title='bbox 1325 3729 1385 3779; x_wconf 82' lang='lat' dir='ltr'><strong>red-</strong></span> 
     </span>
     <span class='ocr_line' id='line_1_41' title="bbox 296 3801 1386 3872; baseline 0.002 -20"><span class='ocrx_word' id='word_1_373' title='bbox 296 3801 372 3853; x_wconf 80' lang='lat' dir='ltr'><strong>Eticil</strong></span> <span class='ocrx_word' id='word_1_374' title='bbox 387 3807 412 3853; x_wconf 77' lang='lat' dir='ltr'><strong>el</strong></span> <span class='ocrx_word' id='word_1_375' title='bbox 428 3805 509 3866; x_wconf 78' lang='lat' dir='ltr'><strong>tepido</strong></span> <span class='ocrx_word' id='word_1_376' title='bbox 526 3807 629 3857; x_wconf 80' lang='lat' dir='ltr'><strong>devocat</strong></span> <span class='ocrx_word' id='word_1_377' title='bbox 640 3819 697 3856; x_wconf 84' lang='lat' dir='ltr'><strong>ossa</strong></span> <span class='ocrx_word' id='word_1_378' title='bbox 707 3821 778 3872; x_wconf 76' lang='lat' dir='ltr'><strong>rope.</strong></span> <span class='ocrx_word' id='word_1_379' title='bbox 794 3833 821 3843; x_wconf 92' lang='lat'><em>-</em></span> <span class='ocrx_word' id='word_1_380' title='bbox 860 3810 923 3859; x_wconf 76' lang='lat' dir='ltr'><strong>otuu</strong></span> <span class='ocrx_word' id='word_1_381' title='bbox 934 3809 1032 3870; x_wconf 70' lang='grc' dir='ltr'><strong>οωίιιω,</strong></span> <span class='ocrx_word' id='word_1_382' title='bbox 1051 3805 1149 3872; x_wconf 85' lang='lat' dir='ltr'><strong>quibus</strong></span> <span class='ocrx_word' id='word_1_383' title='bbox 1161 3807 1386 3871; x_wconf 68' lang='lat' dir='ltr'><strong>opponitursqm</strong></span> 
     </span>
     <span class='ocr_line' id='line_1_42' title="bbox 299 3877 1387 3948; baseline -0.001 -19"><span class='ocrx_word' id='word_1_384' title='bbox 299 3879 354 3929; x_wconf 79' lang='lat' dir='ltr'><strong>«An</strong></span> <span class='ocrx_word' id='word_1_385' title='bbox 372 3891 422 3942; x_wconf 78' lang='lat' dir='ltr'><strong>ego</strong></span> <span class='ocrx_word' id='word_1_386' title='bbox 439 3878 552 3931; x_wconf 84' lang='lat' dir='ltr'><strong>tortasse</strong></span> <span class='ocrx_word' id='word_1_387' title='bbox 570 3885 642 3934; x_wconf 83' lang='lat' dir='ltr'><strong>entes</strong></span> <span class='ocrx_word' id='word_1_388' title='bbox 659 3895 735 3934; x_wconf 85' lang='lat' dir='ltr'><strong>meas</strong></span> <span class='ocrx_word' id='word_1_389' title='bbox 753 3883 779 3934; x_wconf 93' lang='lat' dir='ltr'><strong>in</strong></span> <span class='ocrx_word' id='word_1_390' title='bbox 796 3883 823 3934; x_wconf 84' lang='lat' dir='ltr'><strong>te</strong></span> <span class='ocrx_word' id='word_1_391' title='bbox 860 3884 953 3934; x_wconf 70' lang='lat' dir='ltr'><strong>Exitio</strong></span> <span class='ocrx_word' id='word_1_392' title='bbox 978 3880 1050 3948; x_wconf 90' lang='lat' dir='ltr'><strong>apud</strong></span> <span class='ocrx_word' id='word_1_393' title='bbox 1062 3880 1153 3933; x_wconf 80' lang='lat' dir='ltr'><strong>Sidam</strong></span> <span class='ocrx_word' id='word_1_394' title='bbox 1165 3883 1194 3943; x_wconf 81' lang='lat' dir='ltr'><strong>s,</strong></span> <span class='ocrx_word' id='word_1_395' title='bbox 1213 3879 1262 3932; x_wconf 80' lang='lat' dir='ltr'><strong>l&#39;l8</strong></span> <span class='ocrx_word' id='word_1_396' title='bbox 1273 3893 1315 3942; x_wconf 73' lang='lat' dir='ltr'><strong>sn.</strong></span> <span class='ocrx_word' id='word_1_397' title='bbox 1329 3877 1387 3929; x_wconf 77' lang='lat' dir='ltr'><strong>Plu·</strong></span> 
     </span>
     <span class='ocr_line' id='line_1_43' title="bbox 297 3953 1388 4021; baseline 0.003 -21"><span class='ocrx_word' id='word_1_398' title='bbox 297 3953 384 4004; x_wconf 85' lang='lat' dir='ltr'><strong>irritas</strong></span> <span class='ocrx_word' id='word_1_399' title='bbox 401 3957 606 4018; x_wconf 70' lang='lat' dir='ltr'><strong>manerequen&#39;</strong></span> <span class='ocrx_word' id='word_1_400' title='bbox 623 3956 741 4020; x_wconf 84' lang='lat' dir='ltr'><strong>debebo,</strong></span> <span class='ocrx_word' id='word_1_401' title='bbox 763 3969 822 4020; x_wconf 80' lang='lat' dir='ltr'><strong>ego,</strong></span> <span class='ocrx_word' id='word_1_402' title='bbox 861 3957 947 4008; x_wconf 83' lang='lat' dir='ltr'><strong>nalem</strong></span> <span class='ocrx_word' id='word_1_403' title='bbox 964 3957 1008 4008; x_wconf 89' lang='lat' dir='ltr'><strong>bic</strong></span> <span class='ocrx_word' id='word_1_404' title='bbox 1024 3969 1132 4021; x_wconf 83' lang='lat' dir='ltr'><strong>quoque</strong></span> <span class='ocrx_word' id='word_1_405' title='bbox 1148 3953 1261 4021; x_wconf 84' lang='lat' dir='ltr'><strong>praetuli</strong></span> <span class='ocrx_word' id='word_1_406' title='bbox 1277 3955 1388 4020; x_wconf 89' lang='lat' dir='ltr'><strong>propter</strong></span> 
     </span>
     <span class='ocr_line' id='line_1_44' title="bbox 298 4027 1307 4096; baseline 0.003 -19"><span class='ocrx_word' id='word_1_407' title='bbox 298 4027 419 4092; x_wconf 87' lang='lat' dir='ltr'><strong>inquam,</strong></span> <span class='ocrx_word' id='word_1_408' title='bbox 433 4041 502 4094; x_wconf 86' lang='lat' dir='ltr'><strong>quae</strong></span> <span class='ocrx_word' id='word_1_409' title='bbox 514 4031 605 4082; x_wconf 69' lang='lat' dir='ltr'><strong>mmet</strong></span> <span class='ocrx_word' id='word_1_410' title='bbox 616 4032 732 4082; x_wconf 81' lang='lat' dir='ltr'><strong>maxima</strong></span> <span class='ocrx_word' id='word_1_411' title='bbox 743 4043 826 4096; x_wconf 86' lang='lat' dir='ltr'><strong>quae·</strong></span> <span class='ocrx_word' id='word_1_412' title='bbox 862 4030 948 4084; x_wconf 84' lang='lat' dir='ltr'><strong>codd.</strong></span> <span class='ocrx_word' id='word_1_413' title='bbox 960 4032 1098 4096; x_wconf 81' lang='lat' dir='ltr'><strong>andquiss.</strong></span> <span class='ocrx_word' id='word_1_414' title='bbox 1112 4031 1307 4083; x_wconf 74' lang='lat' dir='ltr'><strong>auctoritatem.</strong></span> 
     </span>
    </p>
   </div>
   <div class='ocr_carea' id='block_1_5' title="bbox 737 4227 954 4254">
    <p class='ocr_par' dir='ltr' id='par_1_6' title="bbox 737 4227 954 4254">
     <span class='ocr_line' id='line_1_45' title="bbox 738 4227 954 4240; baseline 0 -2"><span class='ocrx_word' id='word_1_415' title='bbox 738 4227 954 4240; x_wconf 67' lang='lat' dir='ltr'>——nn———n</span> 
     </span>
     <span class='ocr_line' id='line_1_46' title="bbox 737 4243 952 4254; baseline 0 -2"><span class='ocrx_word' id='word_1_416' title='bbox 737 4243 952 4254; x_wconf 67' lang='lat' dir='ltr'><strong>——n—</strong></span> 
     </span>
    </p>
   </div>
   <div class='ocr_carea' id='block_1_6' title="bbox 0 0 1548 4978">
    <p class='ocr_par' dir='ltr' id='par_1_7' title="bbox 0 0 1548 4978">
     <span class='ocr_line' id='line_1_47' title="bbox 0 0 1548 4978; baseline 0 0"><span class='ocrx_word' id='word_1_417' title='bbox 0 0 1548 4978; x_wconf 95' lang='lat' dir='ltr'><strong> </strong></span> 
     </span>
    </p>
   </div>
  </div>
 </body>
</html>
