2998 4980
294 385 355 452 433
677 385 805 436 nonum
823 385 990 438 cremnon

437 548 440 554 ’
461 543 505 608 'lu
528 540 644 607 trustra
665 540 739 628 pius
760 539 825 608 heu
846 561 910 607 non
932 541 975 606 ita
996 539 1153 628 creditum

504 662 614 730 Poscis
636 662 841 742 Quinctilium
864 662 954 728 deos.

463 819 587 901 Quodsi
608 819 754 888 Threicio
775 819 924 888 blandius
946 819 1077 908 Orpheo

462 941 610 1009 Auditam
631 941 801 1008 moderere
824 940 994 1008 arboribus
1015 941 1126 1018 iidem,

361 1197 400 1247 43.
429 1195 655 1259 QutdetBchd,
679 1208 747 1246 corr.
766 1196 797 1256 S,
820 1192 864 1262 (γᾶ
880 1208 923 1260 ap.
942 1196 1049 1247 Kircbn.
1067 1197 1132 1247 Nov.
1152 1198 1182 1258 Q.
1202 1197 1233 1248 H.
1255 1211 1284 1261 p.
1306 1197 1348 1247 36.

328 1271 379 1335 446.)
404 1271 520 1321 Pettierii
543 1283 649 1332 omues,
675 1269 766 1321 Lomb.
795 1269 835 1332 (Ut
858 1281 921 1331 nos,
948 1271 1056 1334 Cruquii
1075 1271 1164 1332 Mart,
1191 1269 1299 1334 Aldus.)
1321 1298 1348 1306 -
1398 1265 1405 1284 '

328 1345 367 1396 44.
386 1345 561 1396 moderareB.
583 1371 611 1381 -
630 1345 755 1396 lemn
769 1344 902 1406 libS'lcd..
939 1345 979 1407 (Ut
995 1357 1053 1406 nos,
1071 1343 1172 1408 Aldus.)
1402 1346 1404 1352 '

296 1571 348 1621 sic:
368 1571 441 1620 «Non
458 1569 530 1618 enim
541 1569 577 1618 ita
589 1567 635 1618 tibi
646 1566 764 1618 creditus
776 1570 819 1618 est
853 1567 934 1618 etiam
951 1566 1095 1619 crudeliter
1110 1567 1216 1632 Virgilio
1227 1567 1380 1618 illudentis:

296 1644 450 1707 Quinctilius
467 1657 482 1694 a
500 1643 549 1694 dtis
567 1641 769 1703 immortalibus,
788 1643 818 1692 ut
854 1643 941 1692 «Heus
968 1641 1054 1702 bone,
1083 1641 1160 1707 pulsa
1183 1643 1269 1693 modo
1293 1641 1382 1706 lyram

295 1719 345 1770 sibi
363 1732 426 1769 eum
442 1731 579 1782 nunquam
596 1717 645 1768 abs
656 1719 683 1766 te
694 1719 817 1781 repetere
853 1718 926 1776 tuam
936 1716 1090 1780 Orpbicaml
1108 1717 1166 1766 Non
1178 1719 1272 1768 tamen
1283 1714 1382 1768 redibit

295 1794 413 1846 liceret.»
447 1791 524 1842 iland
545 1793 619 1841 Ture.
642 1792 685 1840 111.
709 1803 736 1854 p.
755 1789 815 1840 483:
853 1791 990 1851 amicus-3
1009 1791 1037 1841 id
1053 1791 1125 1854 qued
1137 1790 1291 1842 absurdum
1303 1791 1380 1842 leret¹
1484 1789 1485 1822 l

297 1871 375 1919 «Non
392 1879 469 1928 raro,
489 1866 647 1930 praesertim
665 1865 735 1929 apud
752 1868 819 1928 pob-
855 1891 884 1902 -
902 1865 1016 1916 chemise
1033 1866 1135 1930 Orpheo]
1154 1866 1226 1916 ovid.
1246 1867 1280 1916 Α.
1300 1867 1333 1916 Α.
1351 1863 1379 1922 3,

295 1945 344 2004 tus,
362 1939 399 2000 id,
417 1941 453 1990 ad
468 1941 540 2004 quod
564 1942 602 1990 tto
617 1939 711 1990 referri
727 1937 817 1998 debet,
853 1939 914 1990 eat:
937 1941 1010 1990 Sacc
1025 1943 1141 2005 seneque
1156 1939 1215 2001 tyro
1225 1939 1310 2009 mouit
1319 1939 1382 1989 litto-

296 2030 328 2067 ex
345 2017 476 2068 sententia
493 2013 580 2079 aliqua
592 2012 821 2080 suppressacelli-
853 2013 954 2077 depone
972 2015 1091 2077 Orpbeus,
1111 2014 1297 2078 tortoremque
1313 2013 1383 2063 bno

297 2093 375 2154 gitur,
388 2103 440 2141 nec
451 2091 539 2156 potest
549 2088 707 2153 ambiguitas
717 2087 818 2152 ubique
853 2090 1066 2153 moeniumque
1086 2101 1182 2139 canen.
1203 2115 1231 2126 —
1248 2086 1381 2139 neodem

296 2166 403 2215 vitari.»
437 2165 539 2215 Deinde
556 2164 583 2214 b.
602 2162 618 2214 l.
637 2165 673 2213 ita
691 2162 817 2228 explicat:
853 2163 880 2214 b.
898 2163 915 2213 l.
934 2165 1027 2215 utOd.
1052 2163 1081 2226 4,
1110 2165 1138 2226 3,
1167 2163 1211 2213 ll:
1238 2169 1383 2226 ternperm

297 2240 419 2290 «Frustra
436 2241 474 2300 tu,
492 2239 538 2303 qui
548 2240 608 2303 pius
619 2237 717 2300 lueres,
736 2239 819 2299 Quiu—
853 2240 983 2301 steepttaen
998 2241 1134 2290 oestudtnte.
1157 2266 1186 2274 —
1204 2237 1291 2303 fidon]
1310 2232 1380 2300 apud

297 2312 398 2366 ctilium
414 2315 505 2379 poscis
526 2312 622 2376 ediis,
645 2313 743 2378 quibus
758 2326 818 2378 mon
853 2315 947 2376 poetas
963 2325 1013 2377 pro
1029 2312 1131 2378 plurali.
1157 2313 1197 2364 Ci.
1216 2312 1266 2363 Od.
1288 2313 1319 2373 4,
1340 2309 1379 2367 44,
1476 2347 1478 2357 .

295 2391 347 2451 tta,
367 2389 466 2450 idest,
485 2402 518 2439 ea
535 2389 691 2440 condicione
703 2385 819 2438 credidi-
855 2387 894 2438 48.
913 2383 997 2452 Epod.
1016 2388 1062 2450 43,
1081 2389 1105 2439 9.

296 2466 330 2514 sti
347 2465 474 2526 amicum,
491 2467 521 2514 ut
540 2463 591 2514 sibi
608 2466 693 2514 totum
709 2475 819 2525 arroga-
887 2461 927 2512 tc.
945 2461 1003 2512 Non
1019 2465 1129 2514 -rertect
1145 2461 1256 2528 coepitis]
1277 2457 1377 2511 Aesch-

296 2541 382 2607 rent.»
413 2537 474 2600 (Cir.
494 2539 574 2588 etiem
590 2537 774 2601 Dilleuburger
790 2549 817 2600 p.
854 2537 1008 2600 Agamemn.
1036 2538 1114 2588 rote:
1146 2531 1186 2588 Τὸ
1210 2533 1234 2586 δ’
1255 2534 1306 2587 ἐπὶ
1327 2526 1381 2599 γᾶν

297 2612 348 2676 73.)
374 2613 405 2664 H.
423 2610 593 2678 Peerlkamp:
614 2611 745 2664 «Putabat
759 2613 820 2663 Vtr-
854 2601 933 2675 ἅπαξ
954 2607 1044 2668 πεσὸν
1067 2608 1233 2677 θανάσιμον
1258 2601 1380 2682 Προνά-

297 2685 373 2750 gilius
390 2699 443 2737 non
461 2686 497 2736 ita
513 2685 564 2737 sibi
581 2701 597 2738 a
613 2687 655 2738 dis
666 2688 747 2738 brisso
758 2701 820 2739 cre-
854 2687 928 2759 pocd¹
947 2679 1053 2758 ἀνδρὸς
1070 2685 1161 2752 μέλαν
1179 2679 1255 2750 αἱμα
1277 2685 1325 2746 τίς
1344 2673 1380 2731 ἂν

298 2761 383 2812 ditum
394 2761 573 2824 Qrdnctilium,
586 2763 744 2814 uttamcito
757 2775 819 2813 eum
854 2757 946 2813 Πάλιν
967 2754 1150 2828 ἇςααλέσαιν
1171 2757 1323 2812 ἐπαείδων.
1352 2780 1378 2792 -

297 2838 501 2900 reposcerent.»
535 2835 588 2887 Sed
605 2836 714 2888 obstant
734 2839 820 2888 maui-
853 2836 1086 2902 emeca-tenantur]
1104 2835 1257 2890 Recordare
1270 2827 1380 2886 Homeri

298 2912 366 2963 testo
381 2923 425 2961 vv.
442 2911 540 2975 nmmo
551 2913 618 2975 pire.
639 2939 666 2949 -
685 2914 820 2964 Hactenus
854 2909 963 2963 νεκύων
985 2908 1087 2961 εἴδωλα
1108 2905 1271 2976 καμόντων.
1308 2907 1378 2968 virg.

298 2985 384 3038 etluso
400 2984 482 3037 luctui
501 2985 621 3052 indulget
638 2989 733 3052 poeta3
756 3000 820 3038 sen·
854 2989 921 3038 Aen.
939 2987 965 3050 6,
984 2986 1046 3037 293:
1067 2987 1095 3036 nt
1110 2987 1184 3036 docto
1199 2997 1282 3034 eomes
1298 2989 1381 3034 Μ

297 3062 349 3112 sim
372 3060 509 3125 Virgilium
534 3060 667 3114 consolari
689 3063 781 3128 incipit
804 3075 821 3113 a
854 3064 907 3113 stne
921 3075 1026 3124 corpore
1040 3060 1107 3111 euos
1121 3060 1259 3112 accensae
1273 3057 1380 3110 coitura

298 3137 460 3187 necessitate
485 3137 589 3189 fortiter
613 3137 731 3189 terenda.
765 3139 821 3189 Nec
855 3152 920 3189 coeo
935 3137 980 3189 aab
995 3137 1105 3202 motae
1119 3137 1224 3199 [manoe.

296 3223 362 3261 vero
388 3212 479 3262 ttusae
508 3213 646 3276 sequentia
679 3213 821 3265 tribuenda
887 3213 929 3264 46.
961 3211 1045 3277 coac]
1071 3210 1193 3263 neema
1215 3217 1379 3273 wvxowt‘·
1484 3253 1485 3272 r

298 3298 361 3336 cum
377 3285 482 3348 Sigonio
498 3285 628 3337 Emendd.
646 3288 671 3338 2.
687 3289 753 3340 extr.
856 3283 923 3338 ποῦ.
958 3285 1006 3337 Od.
1025 3286 1050 3348 4,
1069 3285 1110 3347 40,
1130 3285 1170 3336 te.
1200 3284 1309 3335 Lucian.
1329 3279 1380 3331 Ca·

333 3359 421 3410 ra-te.
442 3361 542 3425 ocor]
558 3361 731 3414 viceaooc.
752 3363 775 3426 4,
795 3365 818 3425 a,
855 3360 917 3427 epi.
936 3360 966 3410 s:
989 3346 1323 3426 κλησιοναῠτὸςοόιος,
1341 3345 1379 3412 ὥς

298 3433 339 3483 344,
379 3433 445 3493 Quia
471 3434 558 3495 wedre
582 3436 609 3485 in
632 3433 716 3499 lyrico
741 3439 821 3502 poete
856 3429 936 3506 ὁρᾷς,
955 3429 1080 3497 πολλούς
1095 3448 1176 3496 τινας
1196 3426 1268 3498 ἡμῖν
1291 3424 1377 3498 ἄγων,

297 3505 430 3558 nonnullis
466 3507 631 3561 intolerabile
669 3510 818 3573 videbatur,
854 3505 1038 3576 μᾶλλονδὲ,
1064 3499 1162 3580 ὥσπερ
1185 3521 1213 3559 τι
1235 3503 1377 3562 meacm,
1484 3515 1485 3582 j

298 3580 482 3647 praetulerunt
498 3584 572 3648 Quid,
589 3585 619 3635 et.
646 3585 746 3638 Verum
756 3585 820 3637 illud
855 3578 985 3654 ἀθρόους
1008 3575 1116 3646 αὖτοὺς
1139 3579 1175 3655 τῇ
1200 3576 1300 3653 ῥάβδῳ
1327 3589 1378 3630 σο·
1484 3583 1485 3598 4

298 3655 416 3708 aCodd.
439 3659 504 3709 setis
525 3657 660 3712 firmatum
680 3665 820 3726 praeterea
855 3656 925 3723 βῶν.
959 3660 1067 3723 virgam
1083 3659 1153 3710 bauo
1173 3657 1225 3709 Diti
1241 3657 1313 3708 Patri
1329 3649 1377 3717 ipsi
1484 3693 1485 3712 .

299 3731 504 3784 commendatur
520 3734 578 3798 ipso
596 3739 821 3788 sonomeeetoac
855 3735 948 3786 tribuit
974 3733 1103 3786 Pindarus
1128 3733 1166 3785 01.
1193 3733 1218 3794 9,
1244 3731 1292 3783 3³2
1318 3720 1376 3780 οόδ’

298 3805 403 3871 lugubri
419 3807 620 3861 vehementiore
631 3810 684 3872 illo,
704 3813 731 3862 et
741 3811 821 3862 unice
854 3804 945 3873 ’Δίδας
954 3801 1097 3874 ἀκινήταν
1107 3797 1376 3933 ἔχεράβδονὶὲὔ-

299 3883 405 3931 rectum
432 3883 485 3942 est,
515 3896 578 3935 nam
605 3885 684 3948 Quoto,
717 3885 740 3934 rt
767 3885 819 3934 cet.
856 3899 907 3936 νεα
940 3880 1058 3949 σώμαθ’
1086 3871 1107 3952 ᾆ
1133 3879 1252 3950 κατάγει
1361 3890 1377 3926 v
1484 3885 1485 3890 ’

300 3958 374 4006 esset
390 3957 541 4009 excitantis:
566 3960 656 4020 «Quin
673 3957 763 4023 pulsae
779 3955 822 4021 ly·
858 3954 929 4030 πρὸς
945 3953 1049 4025 ἀγυιὰν
1066 3954 1268 4010 eumenes.
1303 3957 1376 4007 cete·

300 4031 398 4080 rami»
425 4034 486 4095 post
506 4045 588 4096 quum
608 4033 822 4083 adhortationem
857 4047 918 4084 rum
935 4033 978 4084 bic
996 4045 1113 4098 quoque,
1132 4033 1161 4083 ut
1174 4031 1252 4094 solet,
1265 4025 1375 4098 μόθονς

300 4110 487 4169 exspectares:
508 4109 650 4158 «Fortasse
668 4107 754 4158 amico
770 4107 822 4156 vita
858 4108 1034 4159 Graecanices
1064 4119 1175 4172 prorsus
1205 4107 1241 4158 ita
1268 4099 1373 4158 uectat.

300 4179 429 4242 redibit»,
447 4184 602 4245 neutiquam
616 4193 694 4232 vero:
712 4181 823 4232 Nouoc-
858 4183 935 4246 quusi
962 4183 989 4232 iu
1017 4183 1197 4234 Romanorum
1224 4179 1373 4245 religionem

300 4269 348 4306 nce
365 4257 423 4306 cet·
452 4256 533 4320 Quid,
556 4255 629 4320 qued
652 4268 713 4308 esee
730 4258 823 4321 posset
858 4255 1014 4308 iamdudum
1030 4257 1133 4321 recepti
1150 4257 1252 4320 essent,
1272 4255 1320 4307 etsi
1335 4249 1372 4302 bis
