2998 4980
524 461 584 512 nro.
604 463 622 512 1.
659 463 687 511 c.
708 461 771 512 xiv.
1171 462 1212 526 93

126 618 195 668 sium
213 619 347 668 civitatem
365 619 443 670 nimis
455 621 546 684 utique
563 619 678 671 verbose
697 619 800 670 confert
816 623 878 682 τοῖς
889 612 1062 682 ἀδεσπότοις
1072 616 1209 682 σκάφεσι.

126 703 180 751 Cic.
200 702 234 753 ad
251 704 303 752 stt.
321 703 346 762 l,
366 703 406 762 ⁴3,
430 703 455 752 2.
491 703 542 753 Sed
566 705 627 752 ante
650 717 745 754 omnes
768 703 949 766 inspiciendus
970 702 1083 755 Aloaeus
1112 704 1142 754 ir.
1168 706 1209 756 te.

126 787 210 849 Bergk
227 800 255 850 p.
279 786 342 838 574:
364 779 531 853 Ἀσννέτημι
553 785 610 836 τῶν
633 781 748 852 ἀνέμων
771 783 884 836 στάσιν·
920 782 960 837 Τὸ
982 785 1036 852 μὲν
1055 783 1111 859 γὰρ
1127 781 1211 839 ἔνθεν

125 867 205 934 κῦμα
221 867 395 930 κυλίνδεται,
420 867 460 922 Τό
482 867 506 919 δ’
529 863 622 920 ἔνθεν·
645 863 741 936 ἄμμες
763 867 787 919 δ’
809 864 847 920 ἂν
862 865 897 920 τὸ
912 871 1025 936 μέσσον
1041 871 1099 922 Not
1115 869 1211 944 φορή-

125 955 203 1017 μεδα
219 949 275 1004 σδν
291 954 422 1022 μελαίνᾳ,
441 949 571 1020 Χειμῶνι
587 955 747 1020 μοχδέντες
763 951 879 1022 μεγάλῳ
890 951 980 1020 μάλα·
1009 953 1069 1026 Πδρ
1085 955 1140 1020 μὲν
1155 953 1211 1030 γὰρ

126 1032 230 1101 ἄντλος
253 1036 407 1089 δστοπέδαν
429 1030 506 1098 ixei,
530 1037 646 1101 Λαῑφος
667 1035 699 1089 δὲ
723 1035 780 1090 πᾶν
803 1035 925 1105 ζάδηλον
941 1033 1008 1106 ἤδη,
1025 1039 1082 1091 Kal
1098 1039 1211 1104 λακίδες

125 1119 249 1188 μεγάλω
270 1125 332 1172 κατ’
356 1113 437 1173 adro·
462 1119 589 1173 Χόλανσι
613 1122 649 1186 (id
672 1126 726 1184 est,
751 1120 871 1186 χαλῶσι)
895 1117 1068 1196 δ’ἅγκνρσν.
1089 1126 1211 1190 -quod

126 1219 234 1257 carmen
258 1206 405 1258 admodum
426 1207 565 1271 probabile
583 1209 625 1258 est
642 1206 814 1258 obversatum
832 1221 891 1259 esse
908 1211 1004 1272 po'atue
1024 1209 1066 1272 (ol.
1086 1208 1211 1260 Welclrer

126 1289 420 1354 urspengensis,
444 1291 493 1341 etsi
516 1291 619 1341 initium
641 1291 826 1341 tautrmmodo
849 1291 966 1342 imitatus
987 1291 1105 1352 videtur,
1130 1295 1210 1356 atque

127 1373 174 1423 alio
192 1377 281 1424 metro
298 1386 363 1424 usus
381 1375 430 1424 est.
466 1375 575 1438 Proprie
592 1373 627 1424 do
645 1375 705 1424 navi
717 1373 803 1438 aliquo
814 1373 857 1424 vel
870 1375 968 1425 Horatii
980 1373 1022 1424 vel
1034 1376 1111 1425 amici
1123 1374 1211 1427 lucere

126 1456 311 1522 recipiendum
332 1471 392 1508 esse
411 1458 508 1508 acriter
525 1457 721 1508 contenderunt
732 1459 859 1519 Muretus,
879 1457 977 1520 Faber,
995 1457 1142 1520 Bentleius;
1161 1459 1211 1511 sed

126 1542 159 1590 ita
181 1542 271 1591 nervis
295 1542 322 1591 et
344 1542 492 1604 argumenti
514 1541 634 1605 pondere
657 1543 762 1592 careret
778 1542 864 1591 totum
882 1553 1000 1592 sermon.
1036 1541 1136 1600 Quodsi
1158 1544 1210 1594 hoo

126 1624 266 1686 voluisset,
291 1623 384 1688 proeul
404 1625 485 1675 dubio
508 1625 662 1676 nominihus
685 1624 786 1689 aliquot
809 1627 854 1674 aut
876 1625 1015 1675 hominum
1038 1626 1065 1675 in
1082 1627 1132 1677 hac
1150 1629 1209 1678 navi

127 1710 265 1759 rectorum
281 1711 327 1758 aut
343 1707 478 1770 locorum,
499 1708 547 1759 ubi
572 1710 645 1774 prius
668 1707 785 1774 periculo
807 1721 934 1773 perpessa
960 1702 1047 1770 esset,
1074 1723 1133 1762 rem
1154 1711 1210 1761 sin-

128 1792 233 1855 gulatim
255 1791 417 1843 distinxisset
439 1791 570 1856 nobisque
588 1794 649 1843 ento
667 1791 759 1843 oculos
779 1792 978 1857 proposuisset,
1003 1795 1033 1843 ut
1050 1793 1167 1844 Catullus
1182 1795 1209 1844 in

130 1875 248 1927 lheselo.

471 1959 490 1998 o
852 1957 871 1996 o

662 2003 681 2042 ε

190 2119 392 2170 Subiioiendum
412 2133 483 2170 nuno
506 2118 629 2169 duximus
650 2119 849 2180 argumentum,
877 2115 948 2180 quod
973 2117 1035 2168 huic
1054 2119 1165 2169 carmini
1182 2121 1208 2172 in

130 2202 218 2254 codiee
235 2203 256 2252 T
272 2201 307 2252 ab
325 2203 435 2264 eadem,
455 2215 508 2266 qua
524 2204 620 2266 po'etae
637 2201 721 2252 verba
738 2201 836 2265 scripta
854 2203 929 2262 suut,
948 2214 1030 2252 manu
1046 2201 1072 2251 in
1090 2205 1208 2267 margine

129 2286 263 2350 adpictum
279 2289 335 2337 est:

189 2371 243 2420 Ησσ
265 2372 315 2420 odo
335 2371 473 2432 ottoqnitw
493 2383 609 2420 morsum
630 2369 731 2419 Mutum
752 2371 795 2430 qui
816 2369 885 2431 opud
897 2368 1029 2431 phylippus
1049 2371 1209 2422 macedoniae

130 2453 210 2504 osen
225 2454 297 2518 saeua
310 2454 444 2506 uidebatur
459 2467 549 2504 mrsu
560 2467 675 2517 mapsam
691 2454 821 2504 instruere.
857 2454 947 2504 Metto
964 2457 1047 2504 erdem
1060 2468 1109 2516 pro
1125 2467 1210 2518 eoper

131 2537 274 2602 emporium
286 2543 362 2600 poeto
377 2543 486 2590 netum
503 2551 528 2588 se
544 2542 663 2600 testotw,
682 2538 743 2600 quia
758 2537 802 2587 ενδ
819 2551 848 2588 eo
863 2537 1027 2588 militauerat.
