3080 4980
638 417 824 470 attestato.
1226 418 1281 468 xltt

194 583 363 641 cesserunt
379 583 502 650 tamen,
519 583 673 661 quantum
693 572 735 640 ad
758 594 827 640 rem
844 573 987 640 criticam
1002 583 1137 661 spectat,
1153 585 1283 661 praeter

195 694 324 762 Codicis
337 695 502 760 Bononio
516 695 622 782 quarti
636 694 677 780 (d)
694 693 865 772 lectiones,
890 695 952 760 iarn
968 694 1010 760 ad
1025 695 1147 763 calcem
1162 696 1282 763 Editio·
1327 741 1332 752 -
1408 665 1412 672 ⁵

195 817 244 882 nis
258 815 425 883 secundae
442 815 518 901 (Vol.
534 817 571 881 ll.
583 836 614 903 p.
627 817 690 880 805
703 817 786 904 sqq.)
800 815 999 900 exhibitam),
1016 816 1112 884 etiam
1127 817 1282 884 Codicum

193 937 446 1004 Bentleinaorum
475 935 647 1014 lectiones
683 947 843 1025 quotquot
871 936 1063 1004 aBritanno
1094 937 1282 1006 doctissimo

195 1069 342 1126 enotatae
364 1068 453 1135 sunt,
478 1058 519 1125 ab
535 1057 657 1126 Orellio
672 1058 787 1124 litteris
809 1058 935 1145 graecis
958 1059 1006 1126 sio
1021 1059 1281 1146 designatorum:

257 1188 369 1257 Codex
404 1188 591 1255 Gmnrnrrus
625 1192 680 1275 (β)
714 1179 786 1258 Sec.
820 1190 856 1255 X.
891 1189 959 1256 vid.
994 1189 1163 1258 Kirohneri
1203 1192 1281 1257 Nor.

196 1312 340 1391 Quaestt.
364 1311 472 1376 Horat.
496 1331 526 1396 p.
550 1310 591 1378 28
614 1331 663 1397 sq.
688 1307 695 1314 “

259 1440 371 1509 Codex
392 1442 552 1506 Lnrnnusrs
575 1442 615 1526 (y)
644 1441 716 1507 Sec.
733 1439 770 1505 X.
794 1438 862 1508 vid.
879 1439 1007 1507 Kirchn.
1025 1443 1060 1507 N.
1077 1441 1114 1521 Q.
1130 1442 1167 1508 H.
1184 1463 1215 1529 p.
1231 1441 1282 1508 36.

259 1569 371 1638 Codex
400 1573 641 1637 Zuucnnumuus
672 1571 709 1655 (ὃ)
739 1571 811 1637 Sec.
841 1571 907 1636 Xll.
937 1569 1006 1637 Vid.
1035 1571 1163 1638 Kirchn.
1185 1573 1221 1638 N.
1244 1572 1282 1651 Q.

193 1694 232 1758 Η.
256 1713 286 1779 p.
308 1693 360 1757 56.

261 1821 372 1890 Codex
402 1823 566 1890 Vossianus
589 1825 634 1907 (ς),
668 1821 849 1909 «prioribus
877 1819 938 1888 illis
961 1821 1090 1908 optimis
1111 1842 1175 1889 non
1204 1821 1283 1888 inse-

199 1945 294 2010 rior.»
341 1941 443 2010 Bentl.
466 1942 569 2009 Praei.
593 1940 644 2009 ed.
667 1943 753 2030 Lips.
776 1964 807 2030 p.
831 1945 880 2010 vl.

259 2073 370 2141 Codex
392 2073 566 2141 Mammas
590 2075 641 2157 (a),
669 2072 742 2160 oqui
765 2071 925 2161 Epistulas
940 2072 1037 2140 modo
1052 2071 1179 2140 habet».
1203 2071 1282 2139 lbid.

195 2217 227 2284 p.
249 2197 299 2262 vl.

260 2325 371 2394 Codex
406 2325 538 2413 Collegii
570 2325 749 2392 mansius
781 2325 899 2392 Oxonii
933 2326 984 2410 tx)
1020 2325 1091 2391 Sec.
1114 2323 1165 2389 XI.
1213 2324 1285 2390 «Ex

195 2447 404 2524 Britannicis,
428 2466 512 2534 quos
531 2466 646 2513 omnes
669 2445 730 2532 ipsi
753 2444 857 2513 oculis
878 2445 1121 2533 usurpavimus,
1145 2445 1285 2532 palmam

195 2567 289 2635 facile
323 2566 439 2644 aufert,
472 2567 562 2635 DCC.
586 2587 745 2633 annorum
774 2577 806 2634 et
836 2567 876 2633 ab
906 2565 992 2634 omni
1015 2575 1106 2655 parte
1129 2566 1281 2653 integer.»

198 2688 299 2756 Beati.
324 2688 426 2756 Praei.
449 2710 481 2777 p.
504 2690 553 2770 vl,

261 2817 372 2886 Codex
393 2839 412 2885 e
433 2817 633 2884 Bibliotheca
657 2820 770 2885 Recita
786 2818 965 2884 Securius
988 2818 1123 2885 Londini
1140 2821 1188 2904 (4).
1204 2818 1284 2885 Ibid.

262 2947 374 3016 Codex
397 2949 563 3014 annusts
586 2950 695 3013 Douus
717 2947 942 3036 Cantabrigiae
965 2949 1019 3034 (μ).
1055 2947 1133 3015 ibid.

262 3078 373 3147 Codex
395 3077 530 3165 Collegii
553 3079 801 3144 Macomaunusrs
824 3078 940 3146 Oxonii
964 3079 1012 3162 (v).
1035 3076 1115 3143 ibid.

261 3209 372 3277 Codex
394 3210 510 3277 Roonm
533 3209 627 3276 Ginai
651 3211 697 3295 (ξ).
741 3207 821 3275 Ibid.

261 3519 286 3580 4)
306 3517 388 3568 uCod.
407 3519 584 3568 Beruensis
611 3519 641 3566 N.
660 3517 718 3568 tot.
738 3515 853 3568 membr.
872 3515 958 3568 secuit
980 3517 1034 3568 xu.
1052 3517 1180 3577 ineuntis,
1207 3515 1286 3567 Galli-

197 3605 280 3642 canae
306 3593 421 3656 originis.
457 3593 503 3642 Est
525 3592 564 3642 sie
586 3591 650 3642 satis
673 3589 774 3652 bonus,
801 3591 1003 3656 postponendus
1025 3593 1116 3643 tamen
1136 3591 1221 3644 tribus
1238 3591 1286 3643 tilis

197 3664 379 3717 Beruenstbus
396 3665 459 3717 oiim
472 3679 486 3715 a
499 3679 543 3716 me
561 3665 675 3727 collutis,
695 3666 759 3716 item
776 3665 927 3725 turicensi,
946 3665 1108 3729 Sangallensi
1126 3667 1154 3716 et
1170 3665 1287 3716 Eiusied-

196 3739 278 3790 tensis
302 3738 429 3804 reliquiis.
465 3743 521 3790 Non
545 3741 637 3790 minen
654 3753 687 3790 ex
704 3738 757 3789 ullo
779 3736 955 3790 Bern‘ensium
971 3753 1094 3790 meorum
1110 3741 1230 3804 priorum
1248 3740 1285 3804 (B,

197 3814 225 3875 b,
245 3814 267 3876 c)
286 3814 438 3880 descriptus
456 3815 510 3874 est,
530 3815 567 3864 uti
584 3813 668 3878 liquet
684 3812 725 3863 voi
745 3827 777 3862 ex
788 3826 841 3863 una
859 3812 1024 3865 illalectione
1036 3815 1118 3878 Epist.
1133 3814 1162 3875 t,
1182 3813 1225 3874 44,
1240 3814 1284 3863 tr:

195 3901 293 3940 veona
314 3891 416 3952 copone
436 3901 485 3954 pro
503 3889 584 3938 moso
600 3889 714 3952 περσεία,
742 3899 824 3952 wem
842 3887 964 3952 quidem,
992 3887 1065 3952 quod
1082 3888 1178 3948 sciam,
1206 3899 1286 3937 nemo

198 3963 298 4014 notovit
318 3965 427 4028 praeter
444 3965 537 4014 Feem:
562 3977 610 4012 «ex
631 3964 678 4014 Ma.
704 3961 929 4016 morracium·
952 3964 1025 4014 4549.
1044 3964 1070 4013 in
1091 3962 1158 4012 Bibt.
1177 3961 1285 4026 Auget„

198 4037 273 4088 Adde
285 4039 339 4088 Sat.
354 4039 377 4098 4,
392 4037 490 4099 4,38.,
509 4037 555 4088 ubi
573 4035 606 4088 4144
626 4039 680 4088 tres
693 4039 806 4100 patens,
825 4037 868 4086 hic
879 4035 989 4098 ruptone,
1009 4037 1036 4086 et
1052 4037 1090 4087 sic
1106 4049 1236 4101 persaepe
1251 4035 1286 4085 ab

198 4109 247 4162 iilis
265 4112 413 4177 discrepat,
445 4112 578 4162 interdum
605 4113 631 4162 in
656 4111 777 4163 melius.»
811 4113 841 4162 ln
867 4112 917 4162 hoe
943 4111 1041 4162 Codice
1067 4112 1136 4162 Odns
1162 4111 1286 4162 Carmine

198 4185 313 4237 secuturi
330 4188 430 4238 omisso
449 4189 583 4251 excipiunt
599 4186 700 4251 Epodi,
725 4187 831 4252 Epodos
847 4189 897 4238 Ars
914 4188 1031 4252 poetica,
1059 4188 1127 4238 hano
1145 4182 1285 4252 Epistulae,

200 4259 328 4325 Epistotos
346 4261 455 4312 satirae.
491 4263 565 4323 Quae
584 4261 696 4324 desunt,
716 4263 771 4313 suis
789 4260 853 4312 locis
870 4261 1052 4312 indicavimus.
