2986 4974
512 443 571 491 tut.
592 443 621 492 ll.
660 445 689 491 tl.
710 443 727 490 l.

285 597 354 662 Non
377 595 531 663 indecoro
554 597 688 684 pulvere
711 597 875 670 sordidos,

329 719 366 783 Et
388 729 503 784 cuncta
525 729 683 786 terrarum
706 719 840 786 subacta

369 840 502 939 Praeter
525 849 667 906 atrocem
689 841 831 908 animum
854 843 991 910 Catonia.

286 999 364 1063 luno
388 1009 421 1064 et
442 997 579 1064 deorum
601 999 751 1088 quisquis
773 1001 906 1068 amicior

285 1118 366 1184 Alris
389 1119 488 1185 inulta
510 1131 655 1186 cesserat
677 1121 835 1209 impotens

143 1319 184 1369 it.
212 1320 331 1384 atrocen]
357 1321 488 1370 atrocitas
514 1321 539 1369 ln.
567 1320 583 1370 l.
612 1323 636 1370 in
707 1323 747 1370 25.
775 1323 855 1382 Hine,
880 1323 944 1372 satis
966 1337 1027 1373 cum
1044 1323 1198 1387 praedicas·
1235 1325 1242 1340 “

110 1393 190 1443 laude
217 1394 342 1457 ponitur,
368 1396 398 1444 ut
423 1393 494 1458 apud
519 1393 635 1444 luvenal.
674 1399 716 1448 set
732 1396 856 1448 Pollionis
873 1396 975 1458 laudes,
995 1400 1089 1449 transit
1105 1399 1139 1449 ad
1153 1400 1199 1449 de-

109 1469 139 1527 2,
160 1469 208 1517 il:
235 1468 340 1529 Hispitio
364 1469 477 1518 menbra
494 1470 592 1530 quidem
615 1475 638 1518 et
675 1471 762 1521 tlenda
780 1471 911 1522 bellorum
930 1473 1198 1523 domesticorumoa-

109 1544 191 1591 durae
209 1556 259 1604 per
281 1543 384 1592 brasiis
405 1548 472 1592 setae
487 1544 637 1593 Promittant
674 1545 805 1597 lumitates
817 1560 848 1596 ao
861 1545 973 1606 seelera,
989 1548 1014 1596 in
1026 1547 1124 1609 quibus
1135 1561 1198 1611 poe-

108 1622 222 1666 utrocem
233 1617 359 1677 onimium,
377 1615 550 1675 bellicosum;
570 1624 639 1668 utro-
674 1633 736 1670 nam
753 1620 825 1670 videt
843 1619 967 1670 divinam.
1001 1623 1075 1671 liano
1092 1625 1196 1681 autem,

108 1705 160 1742 cem
181 1692 301 1740 virtutm
321 1692 386 1742 dixit
407 1691 484 1742 Silius
507 1693 551 1751 ta,
578 1694 634 1742 369.
673 1696 779 1757 poetica
807 1697 955 1762 φαντασίᾳ
980 1708 1060 1754 usus,
1090 1697 1198 1760 potissi-

110 1767 240 1816 l'erocem
265 1767 342 1828 igitur
367 1767 431 1818 dicit
457 1769 584 1818 Catonem
610 1771 637 1816 et
674 1782 749 1819 mum
770 1769 861 1819 tribuit
882 1771 973 1820 lunoni
994 1770 1102 1820 terribili
1121 1771 1198 1821 Atro·

109 1841 322 1904 imperterritum
359 1845 470 1906 propter
507 1841 636 1892 libertatis
673 1857 733 1894 rum
760 1847 841 1907 atque
869 1845 1010 1908 Iugurthae
1042 1845 1136 1896 ultrtei.
1168 1872 1196 1881 -

108 1929 232 1966 amorem
259 1918 340 1979 atque
365 1918 469 1967 virtutis
494 1919 637 1968 eonscien-
672 1919 733 1968 luno
754 1918 826 1982 apud
847 1921 941 1983 poetas
964 1920 1069 1970 Latinos
1088 1923 1129 1970 est
1146 1922 1197 1970 dea

109 1992 188 2050 uam,
224 2004 277 2054 qua
313 1992 395 2041 lretus
426 2005 458 2042 se
486 1991 635 2042 interlicere
673 1996 784 2056 patrona
802 1995 859 2044 sive
876 2006 986 2057 praeses
1004 1995 1116 2056 atricae,
1136 1997 1197 2058 quin

108 2066 203 2116 maluit
228 2080 310 2130 quam
335 2067 493 2118 submittere
518 2069 633 2118 Caesari.
673 2079 720 2117 sua
743 2081 805 2118 eum
822 2070 923 2118 lunone
939 2070 1197 2132 Karthaginiensium

109 2141 196 2191 ltinus
222 2143 297 2190 recte
315 2140 358 2191 alii
383 2142 549 2206 interpretati
574 2147 636 2193 sunt
672 2144 807 2200 Astarten.
835 2154 904 2204 quae
928 2143 954 2192 in
975 2143 1196 2206 inscriptionibus

110 2215 143 2266 de
177 2217 287 2266 Catonis
319 2215 450 2268 aduersus
479 2219 635 2282 Pompeium
672 2215 753 2266 modo
773 2217 903 2266 lNVICTA
925 2217 1111 2275 caebsssus,
1137 2231 1198 2268 mo-

110 2293 289 2342 contumacia.
311 2318 337 2327 -
357 2293 465 2358 Catonis]
484 2293 531 2342 Od.
546 2294 572 2352 t,
594 2295 633 2356 ll,
672 2292 707 2341 do
735 2291 809 2342 lllNO
836 2291 1008 2341 CAELESTIS
1033 2291 1195 2356 appellatur,

107 2367 152 2416 35:
182 2379 218 2414 an
240 2365 340 2416 Catonis
362 2367 448 2416 Nobile
468 2367 562 2416 bium?
587 2363 636 2418 Se-'
672 2364 879 2416 conlaudabant.
901 2394 928 2402 -
948 2367 1058 2430 motura]
1077 2369 1125 2416 Vix
1137 2381 1198 2418 oer-

108 2453 176 2490 neca
195 2439 229 2489 de
242 2440 345 2490 Prorid.
359 2442 387 2490 l:
405 2442 556 2502 Nouoideo,
576 2445 635 2505 quid
672 2444 713 2490 tos
725 2440 856 2503 quosdam
864 2442 1121 2504 Karthaginiensium
1131 2442 1197 2492 deos

108 2515 200 2566 tabeat
224 2515 251 2563 iu
276 2517 349 2564 terris
373 2516 485 2578 luppiter
506 2518 636 2578 pulchrius
672 2516 714 2564 hio
740 2519 829 2566 mente
855 2515 1010 2580 complexus
1037 2519 1078 2566 est
1103 2519 1196 2580 poeta,

109 2605 187 2653 quam
203 2595 232 2639 ut
247 2595 336 2652 spectet
353 2592 470 2641 Cotonea
487 2593 540 2642 ium
552 2595 636 2655 purti-
673 2591 823 2640 cuiusmodi
841 2593 917 2640 erant
928 2592 1035 2654 proprie
1048 2590 1121 2652 baal,
1141 2591 1198 2640 blo-

107 2667 152 2716 bus
167 2679 219 2714 nou
236 2667 309 2714 santet
327 2666 416 2728 fruetis
436 2671 542 2717 stantun
558 2669 635 2719 aiulo
672 2663 746 2724 loch,
770 2664 906 2715 Mellarth.
942 2666 1019 2730 Apud
1042 2665 1133 2716 Silium
1157 2663 1195 2726 (9,

108 2743 191 2790 mitris
208 2741 274 2790 iuter
285 2742 374 2790 ruinas
385 2741 499 2802 publium
509 2743 635 2792 meatuum?
672 2739 739 2802 439.)
763 2743 871 2803 praeter
895 2741 1025 2791 lunonem
1049 2743 1129 2791 etiam
1149 2741 1197 2792 bli-

108 2817 184 2874 lieet,
198 2816 289 2876 inquit,
302 2817 388 2864 omnio
399 2817 507 2866 inanius
515 2818 635 2867 dicionem
673 2828 755 2864 nerra
773 2815 844 2864 lavet
860 2815 964 2865 Poenis.

107 2891 284 2949 mutuamini,
307 2891 480 2940 custodiantur
500 2893 636 2955 amonitus
704 2889 745 2938 ii.
773 2890 900 2954 impotens]
925 2890 951 2938 h.
972 2889 987 2938 l.
1006 2891 1091 2953 prima
1116 2891 1197 2952 signi-

108 2970 201 3021 terrue,
220 2965 338 3014 classibus
349 2965 447 3026 moria,
467 2967 635 3017 cottonianus
672 2963 804 3024 ficatione,
825 2966 886 3025 aqui
900 2965 1027 3013 resistere
1039 2977 1092 3014 non
1104 2967 1198 3028 potue-

104 3045 195 3102 portus
221 3041 292 3089 mdes
319 3040 442 3100 obsideat,
477 3042 551 3102 Coto,
586 3055 634 3103 quo
672 3040 732 3088 rant
755 3039 838 3088 armis
862 3039 988 3088 Romanis
1014 3052 1102 3101 neque
1128 3039 1197 3089 adeo

106 3119 189 3175 saeui,
207 3115 288 3164 iubet.
312 3114 403 3166 Florus
421 3116 445 3176 i,
464 3117 488 3175 ἲ,
507 3117 554 3166 70:
574 3117 635 3167 Cato
672 3111 763 3162 ulcisci
776 3115 874 3174 terraS,
893 3125 963 3175 quae
975 3112 1000 3162 in
1014 3114 1198 3176 ipsorumlue-

108 3189 215 3252 iL'tieae)
240 3195 343 3252 accepta
362 3192 477 3251 partium
495 3191 633 3255 (Scipionis
671 3189 731 3238 rant
757 3185 869 3236 tutelari
904 3187 935 3236 Di
961 3189 1052 3237 numm
1075 3191 1198 3238 arcadum

107 3267 134 3314 et
154 3263 238 3314 lubae
260 3265 295 3315 ad
317 3264 460 3330 Thapsum)
483 3269 553 3316 clade
573 3269 635 3316 nibil
672 3276 705 3312 ex
721 3260 834 3310 urbibus
851 3261 968 3323 devotis,
988 3264 1061 3312 certa
1073 3262 1194 3323 termula,

106 3343 252 3401 cuuetubu,
271 3345 300 3390 ut
315 3342 426 3402 sapiente
443 3342 546 3404 dipnum
563 3348 631 3404 erat,
671 3349 751 3400 qnam
765 3334 843 3386 nobis
855 3338 972 3386 serravit
983 3337 1132 3388 Macrobius
1141 3339 1194 3388 Set.

105 3419 212 3464 mortem
234 3414 311 3464 ettam
331 3415 412 3464 metus
433 3417 531 3466 metui.
566 3417 634 3466 Nam
671 3413 699 3472 3,
722 3413 758 3473 a,
781 3412 885 3462 evocati.
914 3412 1003 3477 Eurip.
1031 3412 1124 3462 Troad.
1152 3415 1194 3464 es.

103 3493 238 3550 portarum
257 3489 339 3552 plima
359 3491 507 3552 mutusque
523 3491 555 3539 ab
576 3505 633 3540 απι-
671 3489 822 3551 Neptunus:
841 3482 1197 3539 ΛείπωτόκλεινόνἼὶιον

103 3564 182 3625 planu
193 3564 299 3623 dimisit,
318 3565 345 3612 in
355 3570 425 3614 nocte
436 3565 498 3615 tecto
509 3569 544 3616 ad
554 3567 634 3616 lucer-
670 3558 791 3628 βωμούς
812 3565 835 3612 τ’
860 3559 958 3627 ἐμούς.
983 3565 1053 3627 Virg.
1075 3567 1141 3616 Aen.
1165 3567 1194 3623 2,

105 3653 165 3688 omn
181 3639 293 3690 Plutonis
307 3639 383 3700 libro,
403 3641 446 3701 qui
457 3640 634 3690 inmortalita-
670 3639 732 3687 35⁴:
754 3639 889 3688 lieeessere
909 3651 992 3688 omues
1003 3640 1085 3700 adytis
1095 3641 1198 3701 arisque

106 3720 153 3764 ten
168 3716 271 3764 animae
282 3715 359 3775 docet,
375 3716 518 3777 paullulum
530 3717 631 3778 quierit,
669 3713 763 3761 relictis
780 3713 822 3762 Di.
858 3711 935 3762 Silius
952 3715 982 3774 2,
1008 3713 1068 3764 ³65:
1095 3716 1127 3764 Et
1144 3716 1197 3764 iant

106 3793 159 3837 tren
182 3789 254 3838 urea
275 3789 387 3849 primam
409 3791 526 3854 oipiiiam,
548 3791 633 3840 stricto
671 3789 793 3837 damnata
815 3788 885 3837 cessi
905 3788 1062 3852 Karthagine
1082 3791 1194 3839 Mauors.

106 3863 190 3926 plautio
206 3863 344 3912 revelatum
360 3877 439 3913 manu
456 3869 545 3926 peetus
560 3865 634 3914 sarai
670 3864 751 3912 Tneit.
772 3863 837 3912 tlist.
862 3865 892 3923 ὃ,
917 3863 963 3913 43ι
987 3865 1132 3926 Eaepertae
1153 3879 1196 3914 re-

106 3937 245 3999 itsrumque
262 3939 393 3998 persuasit.
433 3939 493 3988 Ausi
511 3945 569 4001 post
587 3939 632 3989 boa
666 3943 740 3999 pente
757 3937 853 3987 delwri
869 3937 1118 4002 (Hierosolymitani)
1130 3941 1197 4004 sora

105 4012 192 4060 mediet
213 4011 312 4061 uiolare
332 4013 417 4062 vitum
432 4015 553 4078 smmis.
589 4014 633 4064 lile
670 4018 693 4062 et
709 4014 799 4062 auditu
814 4014 898 4062 neuim
912 4013 1025 4062 brunone
1041 4028 1106 4074 eoa,
1126 4027 1197 4064 soca-

102 4099 221 4147 pussus,.
238 4087 299 4136 dama
327 4087 501 4150 madeant,
533 4089 633 4138 rescidit
669 4089 727 4137 dere
744 4089 809 4138 daos.
830 4089 882 4138 Cir.
903 4088 1051 4150 wesseling
1068 4089 1103 4138 ad
1117 4089 1193 4139 Diod.

103 4163 206 4226 βασις,
224 4163 557 4228 manumiserimus
576 4178 632 4212 mo-
669 4175 696 4226 p.
715 4163 772 4213 587.
794 4164 832 4226 (V.
852 4164 973 4226 impotens
990 4162 1031 4213 alii
1049 4162 1194 4226 explicant:

106 4236 226 4288 ήὺωιάαε
245 4251 337 4288 manus
357 4239 384 4288 iu
404 4239 458 4301 ipso
473 4239 574 4290 uoluere
588 4251 631 4289 re-
670 4231 800 4308 ἅκρατὴς
825 4235 878 4304 τῆς
902 4232 1004 4308 ὀργῆς,
1034 4251 1128 4287 verum
1154 4235 1194 4287 rel

106 4311 183 4372 tipus.
204 4312 238 4374 (a.
257 4325 283 4362 u.
298 4325 321 4362 e.
335 4313 401 4374 708.)
670 4327 736 4364 sono
764 4313 897 4364 artissime
931 4315 1047 4376 iungitur
1078 4323 1140 4361 oum
1169 4326 1193 4361 v.
