2986 4974
661 417 787 467 sonarit
806 415 972 466 cantitanti

450 547 652 662 Montemque
675 571 872 662 lymphatam
895 568 1066 635 Mareotico

516 697 649 782 liedegit
671 697 702 759 in
725 715 820 760 veros
843 693 975 756 timores

556 819 688 890 Caesar,
714 816 754 881 ab
777 814 865 880 ltalia
888 812 1047 878 volantem

453 979 559 1046 Remis
582 977 758 1063 adurgens
787 972 941 1058 accipiter
963 970 1051 1036 velut

453 1099 563 1167 llollcs
585 1096 752 1164 columbas
775 1105 829 1160 aut
850 1093 996 1181 leporem
1019 1091 1100 1158 citus

353 1287 389 1334 46,
409 1283 443 1345 in]
461 1281 495 1330 44
512 1277 629 1328 malebat
645 1275 727 1326 Bentl.
750 1301 776 1309 -
795 1285 862 1322 aeres
878 1272 1001 1321 Bouhier.
1024 1299 1049 1306 —
1071 1271 1111 1321 48.
1131 1271 1213 1320 4444444
1229 1271 1278 1320 ΒΤ.

286 1431 808 1508 praetoriatriremi,quaipselugitdux
846 1443 932 1493 usque
956 1429 990 1480 ad
1013 1430 1130 1489 Actium,
1159 1443 1173 1478 e
1192 1430 1297 1492 regione
1316 1430 1360 1478 444-

287 1517 414 1566 derictus.
434 1512 500 1563 Plut.
513 1515 572 1562 Ant.
587 1510 627 1560 68.
647 1509 695 1557 Dio
708 1508 752 1564 50,
766 1507 806 1555 34.
846 1507 905 1556 liae.
925 1508 1005 1568 lunge
1018 1506 1049 1554 44
1061 1506 1136 1555 ltalia
1146 1505 1284 1565 4444444444,
1302 1517 1359 1553 non:

320 1591 358 1642 44.
378 1588 539 1652 lymphatam]
555 1579 807 1650 «νομφόπληκτον,
847 1581 965 1630 abitalia
981 1581 1056 1630 remis
1067 1581 1201 1643 odurpeus.
1229 1582 1362 1642 [tempea-

286 1680 355 1716 vano
378 1677 478 1729 pavore
502 1662 621 1712 territam
644 1663 672 1709 44
688 1660 810 1709 ceaster·
847 1658 898 1706 tice
917 1657 951 1705 ita
969 1656 1106 1719 proponit,
1125 1668 1157 1703 ec
1174 1655 1197 1704 si
1214 1655 1364 1704 Octavianus

287 1745 376 1792 natam
398 1751 487 1800 neque
509 1737 562 1785 iam
584 1736 624 1784 sui
646 1734 808 1796 compotem,
848 1731 1017 1795 Cleopatram
1038 1731 1127 1780 statim
1151 1733 1212 1794 post
1234 1730 1365 1780 victoriam

287 1818 321 1866 ita
346 1814 443 1863 utrix
469 1810 532 1860 inito
558 1807 676 1872 proelio,
705 1806 811 1856 Antonii
848 1808 874 1855 iu
907 1808 1057 1869 Aegyptum
1094 1817 1179 1867 usque
1214 1805 1367 1869 persecutus

287 1890 369 1940 rebus
388 1887 532 1936 etiamtunc
551 1884 673 1944 integris,
693 1881 812 1944 repenti·
849 1883 935 1940 esset,
955 1893 1017 1931 cum
1035 1881 1125 1929 tamea
1143 1878 1291 1928 demuma.
1308 1890 1365 1926 uc.

287 1977 350 2014 nam
368 1962 457 2024 lugam
473 1959 653 2022 capesseret.»
672 1954 747 2004 Ouid.
762 1955 814 2004 444-
849 1954 906 2005 rat.
926 1967 955 2004 se
974 1955 1030 2019 ipsa
1048 1952 1219 2002 interfecerit.

288 2037 356 2086 roid.
370 2035 398 2096 l,
417 2034 462 2084 ta:
481 2046 544 2094 ques
557 2031 673 2091 44444644
683 2030 813 2090 Faunique
875 2030 914 2079 44.
923 2027 1215 2092 4444ρί444444.,]144444
1222 2027 1369 2090 quaequasi

288 2112 400 2160 44444444
418 2107 525 2158 Numine
541 2110 668 2155 contectas
685 2108 814 2153 attonuere
851 2106 876 2153 in
894 2104 1068 2192 proverbium
1085 2102 1157 2151 abiit.
1177 2100 1297 2162 414444χ,
1315 2100 1368 2150 tta:

288 2201 341 2236 4444.
378 2182 489 2234 Halieut.
518 2182 562 2233 ta:
590 2179 746 2229 4444444444-
765 2179 814 2228 Aut
850 2176 1025 2244 Haletem-cl
1043 2173 1212 2266 ἐπόρουσε
1206 2177 1277 2226 aeut
1295 2190 1371 2246 κραι-

288 2263 349 2312 44444
365 2273 461 2322 semper
477 2258 593 2320 quatiunt
604 2255 733 2316 temptate
743 2254 814 2302 444444-
852 2258 950 2303 revelet
978 2248 1140 2314 πεποιθώς·
1166 2245 1250 2301 'Hirta
1278 2253 1371 2320 κίρκος

289 2350 336 2386 444.
373 2336 470 2384 Lucan.
490 2333 520 2392 4
541 2331 601 2380 4864
620 2329 746 2391 temptate
763 2333 815 2376 444-
849 2321 988 2415 ὄρεσφιν,
1006 2323 1213 2415 ἐλαφρότατος
1221 2322 1371 2414 πατερνῶν

288 2411 386 2473 44464444
410 2412 491 2466 444444,·
524 2406 567 2467 qui
595 2407 649 2454 tres
673 2402 723 2452 loci
752 2415 814 2452 cum
849 2399 975 2469 Ῥηϊδίως
1008 2399 1113 2469 οἴμησε
1143 2396 1217 2466 μετὰ
1246 2397 1373 2471 τρήρωνα

291 2483 347 2533 aliis
364 2495 380 2531 a
397 2481 536 2530 Luebkero
554 2478 671 2529 collectis
689 2478 753 2528 44444
765 2477 816 2526 dc
852 2478 982 2530 πέλειαν·
1010 2495 1028 2541 η
1021 2472 1122 2528 ‘ata
1146 2469 1258 2527 ὕπαιθα
1274 2475 1372 2538 φοβεῖ-

291 2559 453 2616 monstrant,
472 2555 602 2604 Latinos·
596 2567 622 2602 in
638 2565 737 2602 misero
748 2549 816 2614 lym
852 2569 900 2606 ree
917 2552 976 2604 κτλ.
996 2550 1105 2603 Alcman
1124 2553 1164 2602 Fr
1184 2552 1225 2602 46.
1241 2551 1371 2615 Bergkp.

291 2633 459 2696 phaticorum
483 2632 553 2678 statu
579 2627 651 2676 haud
677 2627 815 2676 minimam
853 2630 914 2680 543:
941 2620 1118 2679 alaeve*
1098 2641 1233 2697 απρακτα
1253 2624 1374 2687 44444644

292 2709 397 2771 partem
414 2705 496 2754 metui
514 2717 546 2752 ac
570 2702 662 2765 pavori
679 2701 813 2750 tribuisse.
853 2697 921 2754 elur
948 2698 1056 2772 Ορνεις
1091 2702 1206 2768 ἱέρακος
1239 2695 1375 2772 ὑπερπτα-

293 2779 369 2840 Quod
389 2781 479 2828 autem
498 2775 653 2828 Groebclius
671 2773 815 2824 temulenta
853 2779 941 2868 ρένω.
961 2775 1092 2842 (Aeschyl.
1113 2781 1199 2828 Prom.
1219 2777 1283 2827 856:
1311 2773 1374 2826 446

293 2852 449 2916 Cleopatrae
468 2852 587 2902 convivia
605 2846 816 2899 addubitansie-
853 2853 1025 2918 ἐπτοημένοι
1049 2852 1174 2936 φρένας,
1201 2851 1306 2920 Κίρκοι
1328 2865 1375 2902 444-

293 2927 410 2990 gendum
433 2926 573 2990 proposuit
595 2925 763 2984 Mareoticae,
789 2921 817 2970 id
854 2924 936 2977 444454
964 2921 999 2976 οὐ
1032 2921 1148 2996 μακρὰν
1185 2923 1376 2990 λελειμμένοι,

294 3005 348 3062 444,
375 3002 534 3065 Aegyptiae,
562 3000 626 3050 satis
649 2999 817 3048 tolutatura
849 2995 1186 3070 Ἥξοοοιθηρεύοοντες.
1201 3000 1376 3062 Hauulvirg.

294 3081 381 3129 Gratio
407 3079 507 3140 Cyneg.
534 3073 595 3125 ato:
622 3076 743 3125 4444444444
768 3087 818 3122 uon
855 3082 919 3128 Aen.
939 3077 980 3136 44,
1000 3076 1060 3124 rat:
1081 3075 1252 3136 (4444444444
1263 3077 1379 3137 accipiar

293 3168 333 3203 rer
348 3155 430 3217 acopis
446 3153 528 3201 alteru
544 3163 628 3199 4444444
646 3149 715 3198 Tollit
706 3149 817 3212 tiquam
855 3165 920 3200 saro
936 3164 1007 3200 secer
1029 3151 1081 3200 4444
1100 3149 1132 3200 et
1149 3150 1200 3200 4444
1218 3151 1379 3212 Consequitur

294 3228 388 3290 luxus).
402 3229 468 3277 44444
481 3226 734 3286 444444Ρ4444444444
743 3223 820 3287 [repit
852 3227 938 3289 4444444
962 3225 1089 3274 sublimem
1110 3226 1137 3273 ia
1157 3225 1221 3274 44444
1243 3226 1380 3276 cumam

294 3305 374 3352 444444
389 3315 473 3364 repes,
492 3302 560 3350 Dum
576 3305 677 3348 4444444
693 3300 762 3346 cauis
770 3312 819 3360 pe-
857 3301 1082 3362 Comprensemque
1099 3305 1161 3350 tenet
1171 3300 1325 3362 4464444444
1336 3301 1381 3350 444-

295 3382 349 3426 4444
371 3375 510 3424 4444444444
534 3375 645 3436 perenis
676 3373 729 3422 Clr.
751 3371 817 3422 Plut.
856 3380 937 3424 sceret
953 3375 1032 3424 uncis.
1062 3375 1334 3434 urinantesve:
1356 3376 1382 3424 tt

296 3453 354 3501 ilat.
374 3451 414 3499 aa.
435 3451 563 3498 Pavorem
582 3451 672 3498 aulem
684 3446 757 3497 illum
769 3461 821 3496 πα·
856 3451 916 3500 solet
927 3451 1047 3510 accipiter
1057 3452 1168 3511 trepides
1179 3451 1281 3513 4444444
1292 3451 1383 3500 colion-

296 3522 376 3576 νικὸν
393 3523 485 3573 tribuit
501 3525 647 3584 4444444444,
667 3523 759 3573 44444444
771 3521 820 3572 44444
857 3525 909 3573 bas.
928 3522 969 3572 nd
985 3537 1027 3572 vv.
1047 3526 1167 3586 accipiter
1183 3527 1211 3574 et
1226 3529 1335 3574 44444444
1351 3537 1381 3572 er

297 3612 359 3650 cum
375 3599 487 3648 Antonio
500 3597 748 3660 compotationibus.
768 3599 822 3647 444-
858 3597 1003 3661 praecedat.
1024 3599 1181 3660 cogitatione
1200 3596 1383 3662 suppleuere

296 3674 427 3724 reoticum
445 3673 535 3720 vinum
547 3670 638 3730 dulce,
658 3671 821 3721 odoriferum
857 3679 910 3736 pet,
929 3673 1034 3736 premit.

298 3751 325 3798 44
352 3745 410 3796 lere
439 3745 473 3794 ad
498 3747 669 3797 Mareoticum
695 3746 821 3810 paludem
892 3747 1384 3812 t9.20.Haemeniae]poeticumThcs

298 3823 367 3872 circa
394 3821 526 3878 Marcam,
554 3821 683 3883 oppidum
709 3822 821 3884 Aegypti
859 3819 939 3870 saliae
963 3834 1070 3871 nomen.
1114 3822 1229 3872 4444444444
1251 3823 1276 3872 in
1296 3821 1380 3872 schot.

299 3892 822 3958 interierispropeAlexandriam.Strabo
859 3893 978 3958 apollon.
1004 3895 1032 3954 3,
1061 3896 1138 3945 4689;
1166 3893 1308 3961 Αἱμονίην
1332 3889 1381 3956 ἀφ’

300 3971 342 4030 tr
368 3968 406 4019 44.
430 3981 455 4031 p
480 3969 535 4017 aar.
560 3969 653 4017 sinen
678 3969 705 4027 4,
731 3969 770 4016 co.
794 3983 820 4032 p
853 3967 980 4032 Ανμονος
997 3997 1012 4006 -
1029 3963 1073 4018 -o
1090 3967 1114 4018 4
1133 3961 1172 4020 aii
1188 3971 1253 4021 44444
1270 3971 1383 4022 44444-

299 4045 339 4094 33.
359 4045 455 4092 Contra
472 4006 744 4102 o'iteesllrucanolo,
764 4044 820 4092 466.
860 4041 911 4092 λον
929 4040 1035 4106 Αἵμων.
1071 4045 1169 4094 nivalis
1189 4048 1280 4094 4444444
1303 4045 1383 4094 Thra-

332 4120 371 4168 46.
393 4117 559 4166 teritimores
570 4119 741 4180 opponuntur
752 4115 823 4178 lym
861 4117 900 4166 cia
919 4117 989 4180 apud
1008 4119 1095 4205 Eurip.
1115 4118 1198 4169 Andr
1217 4121 1281 4170 446ι
1308 4115 1383 4189 Θρή-

300 4193 427 4256 phaticis,
445 4190 479 4240 ab
491 4203 570 4240 ammi
583 4204 673 4240 errore
686 4191 821 4255 prosectis
861 4207 915 4256 κην
941 4187 1018 4252 χιόνι
1041 4189 1094 4256 τὴν
1116 4187 1305 4262 κατάρρυτον.
1343 4195 1382 4243 Sic

335 4269 372 4316 46
402 4266 433 4316 44
457 4266 540 4329 ltalia]
569 4267 632 4326 Quia
654 4269 822 4329 proresserat
861 4269 938 4329 poeta
956 4268 1070 4318 uicinam
1089 4267 1251 4318 Thessaliam
1274 4269 1382 4318 4444444444
