3080 4980
659 416 788 465 tlonnrll
807 416 975 467 clamauit

572 571 634 649 Qui
657 569 736 634 vidit
758 591 846 636 mara
870 569 1031 657 turgidum
1055 582 1086 636 et

489 690 623 756 lnlames
646 690 797 778 scopulos
820 690 1081 757 Acroceraunia?

573 847 795 934 Nequicquam
818 845 900 912 deus
923 847 1060 914 abscidit

343 1085 381 1134 49.
401 1082 526 1133 turbidam
543 1080 627 1132 Bantl.
647 1095 661 1132 e
679 1082 791 1132 Lochari
808 1082 855 1133 lid.
875 1085 902 1133 et
919 1095 933 1132 e
952 1082 1035 1132 Codd.
1059 1082 1163 1134 «codd.
1183 1082 1326 1147 quidemn.

310 1160 357 1217 nit,
382 1159 483 1207 uetiam
505 1158 621 1222 optimae
644 1149 722 1206 n'ntae
740 1155 782 1206 alii
799 1157 941 1220 torpidam,
969 1155 1011 1206 alii
1027 1156 1154 1206 turbidam
1171 1157 1329 1208 exhibent.»

310 1233 340 1282 Et
357 1232 484 1281 tantidem
495 1233 523 1292 Τ,
538 1231 653 1282 Potiierii
671 1233 694 1292 4,
709 1231 733 1291 3,
747 1232 771 1291 7,
785 1231 809 1292 8,
823 1231 848 1291 9,
862 1230 902 1282 li.
916 1232 957 1281 20.
974 1259 1000 1266 —
1014 1233 1211 1282 acroceraunios
1227 1245 1256 1292 0,
1276 1234 1331 1282 0440

309 1308 436 1357 Ceraunia
452 1309 552 1358 Luctat.
572 1305 641 1357 Plac.
660 1305 694 1356 ad
712 1306 774 1356 Stat.
795 1304 878 1356 Theb.
898 1307 922 1366 6,
945 1307 1000 1355 tae.
1021 1307 1218 1368 (Acroceraunia
1235 1320 1329 1357 omues

310 1383 415 1442 Nostri.)

309 1596 348 1644 49.
363 1595 498 1660 4049440444]
512 1594 618 1645 Hesiod.
630 1595 726 1657 Theop.
740 1593 782 1644 434
795 1609 800 1642 :
838 1596 922 1643 ornet.
953 1593 1026 1642 Statii
1037 1606 1101 1643 vero
1113 1592 1257 1646 Scholiasta
1274 1593 1362 1648 locum

277 1667 400 1736 πέλαγος
417 1667 532 1734 οἴδματι
548 1667 630 1720 diae·
650 1669 803 1732 significan·
840 1668 996 1718 memoriter
1004 1667 1360 1720 videturattullsseadTheh.

276 1745 327 1795 tius
345 1757 426 1807 0440444
443 1744 583 1802 turbidam
601 1757 664 1793 nam
675 1744 803 1806 turpilium
840 1739 863 1798 6,
878 1741 945 1800 lida
965 1739 1026 1790 alihi
1044 1742 1117 1791 idem
1135 1746 1223 1792 servat
1234 1743 1363 1796 librorum

277 1819 318 1868 est
338 1831 413 1867 mare
434 1819 612 1868 cummaxime
638 1817 801 1866 insaeviante
839 1814 988 1864 lectionem.
1014 1819 1115 1866 Nomen
1133 1818 1220 1880 ipsum
1238 1818 1363 1868 indedu-

275 1889 400 1953 procella,
414 1890 540 1939 4044444044
549 1893 640 1940 44404404
651 1891 731 1939 etiam
741 1890 804 1953 post
839 1890 928 1948 0444444,
959 1889 1032 1952 quod
1058 1894 1168 1954 propter
1196 1889 1363 1942 altitudinem

277 1965 348 2015 illam
365 1963 499 2027 aliquanto
514 1963 655 2028 placatam.
839 1962 935 2012 crebro
956 1963 990 2014 de
1013 1964 1086 2014 caelo
1108 1967 1259 2028 tanguntur.
1298 1970 1364 2017 Pro-

309 2040 349 2089 90.
377 2040 492 2104 infames]
515 2036 719 2105 dorovallense,
737 2051 802 2102 pro·
839 2039 999 2087 montorium
1012 2040 1052 2089 ost
1064 2040 1143 2102 Epiri,
1162 2039 1241 2090 hodie
1252 2041 1365 2092 4444404444

276 2116 337 2177 pter
353 2112 435 2164 multa
457 2127 526 2178 quae
549 2113 585 2164 ibi
607 2114 674 2165 liunt
695 2115 802 2164 neutra-
838 2113 903 2162 della
920 2113 1042 2163 Chimera.

277 2187 326 2251 gia.
358 2189 399 2236 Sic
416 2189 470 2238 Liv.
490 2190 531 2250 94,
550 2189 595 2238 at:
622 2189 729 2253 infames
752 2188 802 2252 fri·
871 2189 966 2237 9444.
985 2189 1271 2254 NepnicpaamlaQuid,
1291 2190 1363 2254 quod

276 2275 337 2326 pore
351 2262 431 2324 Alpes.
459 2262 515 2312 Val.
530 2261 613 2312 Flacc.
633 2265 657 2324 9,
672 2264 733 2313 dii:
751 2264 803 2314 Pa·
837 2263 940 2324 primus
966 2260 1008 2310 illc
1038 2267 1117 2312 nauta
1144 2265 1224 2314 etiam
1250 2264 1363 2314 deorum

275 2339 344 2386 440444
367 2339 461 2400 infame
484 2338 594 2401 fraposis
617 2340 697 2388 vadis.
739 2339 799 2388 Tac.
839 2334 1026 2386 immortalium
1065 2336 1190 2388 voluntati
1223 2340 1362 2390 restititis

277 2412 342 2461 ilist.
362 2413 386 2473 2,
406 2412 450 2461 93:
469 2413 603 2476 infamibus
620 2413 804 2462 Vaticanilocis
841 2437 868 2444 —
898 2411 964 2474 deas]
994 2412 1023 2460 lu
1048 2411 1130 2463 rebus
1156 2413 1190 2463 ad
1215 2428 1364 2481 κοσμογο-

278 2486 396 2549 (propter
429 2491 520 2536 aerem
553 2487 740 2550 pestilentam).
772 2513 800 2522 -
838 2485 902 2534 0400
919 2485 1101 2548 spectantibus
1123 2500 1204 2552 saepe
1225 2491 1285 2538 44004
1304 2489 1364 2539 inti-

277 2560 374 2608 Coutra
397 2571 456 2620 eos,
480 2562 525 2624 qui
546 2559 728 2624 praetulerant
748 2561 803 2609 0440
839 2559 891 2608 44440
917 2573 966 2622 pro
991 2561 1055 2610 leue.
1090 2561 1164 2611 Ovid.
1188 2564 1249 2612 lllet.
1274 2566 1298 2623 4,
1316 2563 1361 2612 tl:

277 2633 416 2694 Ceraunia,
435 2633 569 2685 Bentleius
587 2637 700 2684 monuit:
721 2636 801 2683 allon
837 2633 909 2682 lianc
925 2634 985 2682 dens
1002 2639 1025 2684 04
1040 2634 1129 2684 melior
1140 2635 1206 2684 4440444
1217 2641 1313 2686 44044440
1323 2637 1363 2686 di-

276 2719 341 2756 sane
376 2706 482 2758 tolerari
515 2709 559 2757 hic
592 2710 676 2773 potuit
704 2708 802 2772 duplex
838 2707 918 2756 4044444.
939 2735 966 2742 -
987 2709 1112 2759 «Frustra
1130 2709 1208 2771 igitur
1224 2709 1291 2760 deus
1308 2709 1364 2760 dis-

277 2781 413 2845 epitheton
425 2782 531 2845 infames
542 2785 569 2832 et
580 2783 641 2832 alta.
662 2783 717 2834 44οο
730 2785 800 2832 enim
839 2781 922 2830 crevit
938 2781 1007 2832 iuter
1024 2797 1053 2834 se
1066 2783 1139 2833 orbis
1152 2787 1283 2833 terrarum
1300 2798 1364 2848 par-

276 2852 344 2904 illius
368 2855 423 2904 vim
449 2856 631 2919 infringeret.»
668 2857 803 2921 (Opposuit
839 2857 879 2905 tes
897 2856 994 2905 Oceano
1011 2857 1169 2918 dissociabili,
1188 2859 1272 2907 activa
1282 2858 1364 2921 signi-

276 2928 386 2991 quidem
413 2929 528 2980 lohnson
556 2931 654 2981 Lucani
683 2931 706 2993 3,
735 2931 800 2981 64444
838 2927 969 2989 imatione,
990 2931 1050 2992 equi
1068 2944 1114 2981 eas
1131 2932 1316 2992 dissociaret»,
1335 2934 1365 2982 ut

275 3005 405 3069 scopulosa
430 3004 556 3054 00400440
580 3010 674 3054 mutae
697 3005 803 3054 Samma
839 3003 942 3051 lucret.
963 3004 986 3064 4,
1006 3005 1051 3053 444
1070 3005 1211 3068 9004404444
1227 3019 1296 3056 aura
1312 3007 1363 3056 Fa-

276 3079 382 3142 timent.)
404 3077 611 3143 Adiungelonge
623 3078 802 3130 robustiorem
837 3077 905 3138 voni,
924 3077 998 3127 Ovid.
1017 3080 1078 3128 liet.
1099 3079 1139 3139 43,
1158 3081 1219 3130 857:
1242 3086 1364 3141 peretra-

277 3157 311 3215 et,
331 3157 360 3204 ut
376 3155 411 3205 ita
423 3155 523 3216 dicam,
543 3153 728 3205 terribiliorem
741 3167 801 3204 essa
838 3151 885 3201 bite
904 3151 1006 3214 fulmen.
1042 3152 1117 3212 Quod
1139 3154 1258 3204 fleislrius
1282 3155 1363 3204 inter·

276 3242 371 3279 sonum
392 3243 418 3280 v.
440 3230 628 3280 Amoceraunia
653 3242 733 3294 quam
757 3243 799 3279 44.
838 3227 957 3290 prelatus
991 3229 1032 3277 est
1065 3228 1200 3277 Oceanum
1229 3219 1362 3292 ἄμικτον,

276 3303 330 3352 atta
355 3305 494 3364 0040444440,
522 3305 572 3353 etsi
598 3306 680 3354 ceteri
705 3307 800 3368 poetae
838 3300 1364 3366 quocumsocietasnullacontrahipos-

276 3376 366 3425 addito
393 3377 509 3439 epitheto
531 3377 657 3426 Ceraunia
681 3377 801 3441 plerum·
838 3377 883 3426 sit:
907 3377 994 3425 minus
1015 3379 1107 3438 aptum
1128 3379 1270 3440 propterea
1288 3376 1364 3426 vide-

277 3463 329 3512 que
347 3452 484 3513 usurpant.
504 3452 574 3513 Virg.
589 3455 682 3515 Georg.
697 3453 720 3512 l,
734 3453 799 3502 332:
838 3452 891 3510 4440,
909 3449 982 3512 quod
999 3451 1044 3512 qui
1065 3451 1170 3499 Oceano
1192 3463 1222 3501 se
1240 3450 1361 3512 credunt,

276 3525 325 3573 Aut
341 3524 403 3573 Atio
420 3530 465 3574 ant
482 3525 612 3587 Rhodopen
624 3529 669 3576 ant
685 3526 739 3574 0440
755 3527 801 3576 Ce-
837 3537 933 3587 reapse
943 3524 1098 3574 societatem
1107 3525 1243 3586 quandam
1255 3539 1317 3575 cum
1330 3539 1362 3576 ea

275 3599 371 3647 reunia
387 3597 434 3647 telo
450 3600 548 3649 Dciicit.
584 3599 661 3662 Apud
679 3601 755 3663 Prop.
775 3601 799 3661 4,
838 3599 937 3648 ineunt.
968 3599 1022 3647 Nec
1039 3596 1248 3661 reroexpliearo
1265 3612 1363 3662 possu-

275 3673 301 3732 8,
326 3671 366 3721 49.
393 3670 469 3722 044444;
495 3687 544 3734 per
566 3687 643 3723 saeva
665 3675 800 3735 00400040,
839 3683 899 3722 mus
916 3683 978 3720 044444
990 3672 1140 3722 Ouwensio:
1161 3675 1261 3724 «terras
1274 3673 1363 3723 absci-

277 3759 359 3796 nunc:
377 3753 512 3808 praevecta
523 3748 657 3798 Ceraunia.
688 3749 800 3810 44404444,
838 3748 876 3797 (444
893 3745 927 3795 ab
945 3746 1064 3804 Ocean0;
1084 3759 1158 3796 mara
1171 3751 1198 3797 et
1209 3749 1309 3797 terram
1320 3746 1362 3796 di-

277 3821 318 3880 46,
337 3821 364 3870 3:
391 3823 608 3873 saro-Cerauno.
644 3823 718 3873 04444.
741 3827 799 3874 Am.
837 3835 916 3872 versa
942 3833 1003 3870 essa
1030 3818 1161 3871 clementa
1183 3822 1251 3872 deus
1270 3821 1361 3880 voluit,

231 3889 233 3894 '
276 3895 300 3954 9,
325 3895 349 3954 9,
374 3897 418 3945 494
444 3897 553 3947 04040440
575 3897 710 3949 Ceramia.
740 3898 802 3949 Ovi·
838 3896 944 3959 antiqua
963 3907 1057 3944 eorum
1075 3896 1211 3955 societate,
1231 3909 1293 3945 cum
1313 3894 1363 3945 ad·

276 3968 335 4018 dius
353 3972 442 4020 40444044
459 3972 487 4022 n.
501 3974 530 4021 Α.
550 3971 611 4022 739:
629 3973 683 4022 Hae
699 3971 743 4021 tibi
753 3973 802 4021 sint
838 3971 890 4019 huc
908 3981 991 4018 unum
1008 3969 1090 4019 chaos
1107 3972 1206 4030 essent,
1225 3967 1360 4033 dissoluta,

275 4043 370 4104 Syrtes,
387 4045 447 4095 14000
463 4046 650 4096 44040004αο4440
665 4048 726 4096 uita.
754 4046 801 4095 llic
838 4042 910 4092 unde
928 4042 1001 4092 Ovid.
1022 4043 1083 4094 Met.
1103 4043 1127 4104 4,
1146 4043 1191 4093 m:
1210 4044 1277 4092 Nam
1294 4044 1362 4092 40040

276 4120 365 4168 autem
383 4131 480 4170 nomen
498 4117 598 4192 κύριον
620 4121 728 4170 minime
751 4119 800 4168 de·
838 4122 920 4166 terrm
936 4121 958 4165 04
979 4118 1053 4166 404444
1069 4117 1173 4166 04404444
1193 4119 1287 4175 0444400·
1309 4118 1362 4166 dis—

276 4193 355 4244 decet
371 4192 546 4246 elocutionem
569 4195 714 4259 posticam,
738 4205 799 4242 cum
836 4190 960 4242 4004044444
976 4194 1066 4242 autem
1078 4191 1150 4242 idem
1162 4194 1212 4252 est,
1226 4192 1297 4254 quod
1309 4191 1361 4240 dis—

276 4269 405 4332 appositio
421 4271 527 4335 infames
539 4269 651 4332 saopatm
662 4267 726 4318 satis
738 4264 800 4316 illud
836 4267 972 4316 4004444004
1007 4267 1091 4326 Quam
1118 4267 1144 4316 in
1166 4266 1361 4330 interpretatio-
