2992 4978
488 460 548 508 LlB.
568 459 609 510 lll.
646 462 674 509 C.
694 461 736 508 lll.

271 617 372 682 Sucos
395 626 427 680 et
448 614 588 682 adscribi
612 616 730 703 quietis
773 655 776 660 ,

314 736 491 803 Ordinibus
513 737 618 824 patiar
639 737 785 804 deorum.

232 897 313 960 Dum
333 895 449 984 longus
473 895 554 960 inter
576 897 700 962 saeviat
723 894 800 961 llion

230 1020 426 1105 Romamque
447 1027 583 1104 pontuS,
609 1016 754 1105 qualibet
775 1019 905 1084 exsules

273 1141 307 1208 ln
328 1149 420 1227 parte
443 1150 598 1228 regnanto
620 1138 723 1216 beati,

313 1262 397 1326 Dum
418 1261 536 1327 Priami
559 1261 750 1351 Paridisque
772 1263 867 1328 husto
1150 1265 1190 1328 ill

231 1419 366 1486 insultet
383 1430 563 1486 armentum
586 1430 617 1488 et
640 1420 763 1487 catulos
785 1422 872 1488 serae

173 1617 210 1668 tt.
228 1619 304 1669 Suom
319 1618 385 1669 bSc:
405 1619 485 1668 Saeua
501 1620 533 1680 T,
552 1621 643 1669 Succos
659 1621 684 1672 Μ
702 1633 764 1670 cum
782 1620 847 1670 Edri.
867 1618 1010 1684 plerisque.

117 1795 629 1860 quiverbiduceresignificationemhuic
699 1798 739 1850 ³8.
767 1799 807 1848 39.
838 1799 946 1862 camiac]
974 1801 1118 1860 domani,
1146 1802 1190 1864 qui

116 1866 166 1919 loco
183 1873 256 1922 unica
274 1873 365 1936 aptam
382 1872 543 1934 ignorarent.
666 1886 750 1936 genus
776 1873 909 1924 duxerunt
925 1889 940 1924 a
958 1874 1075 1939 prolugis
1101 1876 1193 1925 Troia-

143 1944 179 1994 35.
197 1946 236 1995 36.
261 1953 284 1996 et
301 1946 419 2010 adscribi]
437 1948 465 1996 ln
483 1947 524 1997 his
543 1946 628 1997 semel
666 1947 734 1997 nis.»
770 1949 884 2012 (Dictum
911 1962 976 2001 sane
1002 1950 1108 2000 videtur
1130 1963 1193 2000 cum

116 2017 269 2070 desideratur
292 2022 319 2070 in
343 2021 481 2083 iungendis
498 2021 628 2072 membris
666 2020 717 2070 leni
746 2023 863 2086 quadam
893 2024 1082 2088 despicientia,
1112 2024 1192 2074 deam

115 2093 259 2156 aequalitas,
289 2094 407 2158 alioquin
436 2097 530 2146 usitata
557 2096 628 2160 apud
667 2099 803 2158 ceteroqui
816 2098 916 2160 optime
929 2093 1190 2163 desemel-beati]

115 2165 250 2219 Horatium.
268 2170 357 2233 Haupt
368 2168 447 2220 Obss.
461 2171 531 2220 critt.
545 2183 571 2234 p.
586 2170 626 2219 dl.
667 2169 807 2220 comnibus
825 2169 920 2234 opibus
938 2171 1105 2222 affluentes.»

115 2241 228 2294 Celerum
248 2245 358 2294 aderiti
379 2258 412 2294 ex
430 2243 542 2295 lormula
559 2243 629 2294 mili-
699 2243 739 2293 lli.
768 2245 978 2309 Priami-busto]
1010 2246 1096 2296 Etiam
1126 2248 1193 2297 haec

114 2317 156 2365 tari
171 2330 218 2380 pro
235 2332 276 2368 vv.
296 2320 406 2381 admitti,
426 2321 494 2370 addi.
516 2347 543 2356 -
561 2321 629 2380 quie-
667 2329 801 2367 nonnemo
830 2317 1005 2370 calumniatus
1034 2322 1082 2372 est.
1124 2322 1193 2372 sane

113 2391 140 2438 tis
161 2393 298 2458 Ordinilm]
317 2393 431 2445 Philetas
454 2395 542 2445 Bachii
567 2407 626 2459 pag.
667 2393 786 2442 Priamus
805 2405 836 2442 ex
850 2393 949 2456 volgari
967 2395 1037 2444 lama
1048 2408 1063 2445 a
1075 2397 1193 2461 Neopto-

114 2465 154 2514 36:
171 2460 345 2532 (Ἀθάνατοι)
363 2468 395 2519 ol
412 2472 435 2519 τ’
453 2470 483 2520 ἐν
498 2464 629 2535 Ὀλύμπῳ
667 2465 737 2516 lema
760 2471 821 2517 ante
845 2481 919 2520 aram
943 2471 1011 2520 lovis
1029 2471 1123 2522 Hercei
1142 2473 1193 2522 oh-

110 2533 257 2594 Ἕκτοσθεν
274 2541 411 2605 χαλεπῶν
422 2539 517 2604 ἀχέων
529 2542 629 2607 οἴκους
668 2542 804 2592 truncatus
826 2543 979 2594 auctoribus
1001 2543 1107 2609 Virgilio
1124 2549 1191 2598 Aen.

114 2611 257 2681 ἐκάμοντο.
277 2621 331 2669 Sat.
352 2621 379 2680 t,
398 2621 426 2680 5,
446 2620 505 2669 llil:
525 2621 630 2670 deordi-
667 2617 696 2675 l,
721 2617 778 2666 557.
805 2619 832 2666 et
854 2619 950 2678 Quinto
972 2621 1121 2682 Smyrnaeo
1145 2623 1191 2682 43,

112 2691 155 2740 {liri
170 2707 282 2744 mamm
293 2707 370 2758 apere
381 2707 479 2743 amum.
498 2693 574 2744 Silius
587 2695 626 2754 lt,
666 2690 724 2742 alt.
744 2705 797 2743 non
820 2692 913 2744 habuit
935 2693 1060 2755 bustum,
1088 2697 1138 2746 sed
1154 2699 1193 2747 ia-

112 2765 151 2813 di:
179 2768 257 2830 Atque
278 2769 347 2818 Mena
371 2766 475 2831 (deus),
499 2769 630 2831 comptor
667 2767 722 2816 cuit
743 2767 830 2830 iopam
850 2768 922 2818 litore
943 2773 1047 2818 truncus
1061 2769 1193 2820 Aeolum-

111 2840 165 2890 ltais
178 2844 327 2894 mortalibus
350 2843 419 2904 acui,
442 2844 629 2905 Imperturbatu
666 2855 714 2902 que
739 2841 847 2890 duum-ia
872 2848 948 2903 captu
973 2847 995 2892 ct
1020 2844 1073 2893 sine
1094 2847 1194 2896 nomiae

110 2915 214 2974 placidus
236 2923 302 2968 unet
325 2919 378 2967 otio
399 2923 487 2968 mente.
522 2921 629 2982 Nequa—
665 2929 771 2978 corpus,
802 2915 972 2968 nihilominus
998 2916 1110 2982 lyricus,
1139 2920 1192 2972 hoc

112 3001 184 3052 quam
200 3005 278 3052 vero,
297 2996 328 3042 ut
343 2990 529 3053 voltLiibker,
548 3006 630 3058 oppo-
665 2990 824 3054 praesertim
846 2991 872 3041 in
893 2992 1086 3043 sententiarum
1108 3008 1189 3056 nexu,

111 3064 174 3114 nitur
188 3068 350 3118 seditionibus
367 3080 392 3118 v.
411 3067 452 3117 49.
666 3066 724 3116 siue
748 3063 800 3113 ulla
818 3063 896 3128 culpa
913 3079 1065 3116 memorare
1088 3071 1194 3132 poterat

139 3139 176 3190 37.
195 3141 269 3206 Dana]
289 3143 458 3192 «Dummodo
474 3155 548 3192 mara
562 3145 630 3192 tem-
667 3141 724 3190 eius
736 3136 902 3202 sepulcrum,
922 3140 1010 3201 idest,
1023 3139 1122 3202 locum,
1138 3157 1192 3207 quo

110 3215 249 3275 pestatibus
258 3229 371 3282 semper
380 3218 628 3270 concitatumomue
666 3215 724 3264 eius
737 3225 836 3276 corpus
853 3215 1003 3277 proiectum
1015 3223 1190 3269 remanserat.

110 3287 171 3338 inter
187 3295 333 3356 utrumque
352 3291 481 3356 populum
497 3305 630 3343 commen
665 3291 752 3352 atque
776 3288 824 3338 cir.
844 3301 908 3352 prae
933 3288 1058 3340 omnibus
1076 3293 1189 3357 Antipat.

110 3363 173 3414 cium
183 3367 312 3431 impediat
320 3369 400 3430 atque
410 3369 542 3432 rumpat.»
557 3368 628 3418 Haeo
666 3364 720 3415 sid.
732 3365 757 3413 in
767 3362 870 3414 anthol.
882 3363 934 3413 Pal.
944 3365 963 3412 l.
974 3377 1001 3428 p.
1012 3363 1072 3415 sil:
1082 3358 1192 3436 Ἥρωος

110 3441 201 3502 omnia,
220 3443 250 3491 ut
267 3443 547 3504 consentaneumest,
566 3447 631 3506 pod-
665 3435 801 3508 Πριάμου
828 3433 915 3500 βαιὸς
937 3437 1065 3502 'dimi
1092 3443 1191 3507 quippe

109 3513 155 3562 lice
172 3515 342 3579 accipienda,
370 3515 505 3578 siquidem
528 3517 628 3580 optime
667 3513 701 3563 ab
719 3513 841 3564 hostibus
864 3513 956 3563 iactus.
978 3539 1005 3550 -
1024 3513 1110 3566 Nolim
1126 3530 1192 3568 vero

109 3591 179 3638 norat
187 3590 312 3642 Horatius
323 3589 358 3639 ab
370 3587 416 3640 Ilio
428 3603 497 3641 novo
508 3593 627 3652 Romam,
667 3602 729 3640 cum
745 3590 863 3639 Bosscha
882 3588 996 3638 «Mutum
1006 3588 1098 3641 latiore
1110 3604 1192 3644 sensu

109 3657 165 3711 hinc
183 3663 243 3715 illuc
261 3665 388 3715 continuo
408 3665 538 3728 navigari,
565 3663 629 3715 ilion
666 3665 789 3728 accipere
804 3665 838 3714 de
851 3664 976 3714 universo
989 3664 1062 3715 urbis
1073 3666 1189 3730 interitu,

109 3739 192 3788 autem
215 3751 326 3804 semper
349 3739 502 3790 subiectum
518 3751 630 3790 mansu·
666 3741 695 3788 ut
712 3739 769 3803 ipsa
788 3738 852 3788 urbs
870 3737 958 3788 deleta
972 3737 1082 3790 bustum
1093 3742 1189 3792 Priami

108 3821 163 3861 rum
188 3814 315 3864 Romanis
340 3812 502 3864 confidebat.
533 3815 628 3864 Moneo
666 3813 794 3864 dicatur.»

109 3888 211 3949 propter
228 3889 259 3938 Η.
280 3887 451 3953 Peerlkamp,
470 3902 524 3952 quo
541 3887 628 3939 iudice
698 3887 738 3938 il.
757 3888 865 3952 losalwt]
885 3889 920 3938 Ea
937 3901 1002 3938 saue
1015 3900 1120 3939 summa
1133 3893 1190 3940 erat

109 3957 279 4014 haecomnia
301 3965 334 4027 (v.
352 3965 393 4014 l'l.
411 3965 520 4014 &mum
541 3977 628 4027 usque
666 3964 692 4012 in
715 3967 851 4014 mortuum
875 3962 1050 4025 contumelia,
1077 3963 1123 4013 ubi
1146 3967 1190 4014 tu-

108 4033 235 4087 adfinem
255 4038 396 4101 carminis)
417 4053 471 4089 uon
492 4040 555 4090 sunt
574 4039 628 4090 lio-
665 4036 753 4088 mulus
770 4037 804 4087 ab
822 4039 895 4088 omni
912 4038 1033 4088 custodia
1051 4039 1086 4088 ita
1100 4037 1191 4088 deser-

109 4109 175 4170 ratii,
193 4112 242 4162 sed
259 4111 368 4163 obscuri
383 4115 463 4177 atque
481 4113 562 4177 inepti
580 4111 628 4162 ali·
666 4112 708 4163 lus
726 4111 864 4174 manebat,
884 4117 914 4163 ut
929 4114 1038 4176 impune
1056 4113 1146 4162 hostes
1164 4113 1189 4162 el

108 4183 374 4237 emmerammum.
397 4189 435 4238 Ac
452 4190 543 4239 umen
560 4187 627 4237 haec
666 4186 829 4249 insultarent,
848 4189 969 4238 armenta
987 4199 1048 4238 eum
1061 4185 1190 4250 depasce-

107 4265 277 4324 summopere
303 4261 425 4312 admirati
450 4264 526 4314 erant
547 4263 626 4312 etiam
664 4264 765 4322 rentur,
785 4263 857 4312 ferae
869 4263 896 4313 in
908 4275 941 4312 eo
952 4261 1035 4312 lustra
1047 4259 1185 4310 haberent.

108 4329 223 4385 Lambini
241 4340 269 4386 et
286 4335 404 4388 Bentleii.
664 4337 812 4400 sophonias
834 4339 864 4396 t,
890 4335 930 4387 ll.
956 4335 989 4386 de
1013 4335 1080 4384 Nino
1106 4332 1186 4384 urbe:
