2986 4974
646 397 774 447 llOllATll
792 395 961 446 CthttNtttt

478 556 646 640 Utcunque
669 562 788 618 mutata
813 561 960 638 potentes

521 677 615 740 Veste
638 673 753 739 domos
777 673 904 738 inimica
928 671 1054 760 linquis.

438 839 475 901 lt
498 833 610 921 volgus
634 832 768 898 infidum
790 842 823 897 et
843 831 998 896 meretrix
1020 841 1106 897 retro
1309 831 1344 893 25

438 957 571 1023 Periura
595 955 695 1032 cedit,
719 952 890 1041 diffugiunt
912 952 1002 1018 cadis

480 1079 561 1143 Cum
584 1077 673 1162 laete
696 1075 823 1142 siccatis
847 1074 941 1140 amici
1044 1103 1048 1106 ·

524 1202 622 1264 Ferre
646 1199 756 1284 iugum
777 1197 899 1284 pariter
922 1193 1035 1261 dolosi.

337 1436 377 1485 23.
394 1434 502 1496 potentia
522 1433 550 1482 B.
578 1461 603 1467 —
626 1431 666 1482 at.
689 1433 793 1480 inimica
808 1433 891 1480 nortis⁴
915 1431 974 1480 itan
996 1431 1083 1494 volpes
1103 1429 1222 1481 malebat
1239 1429 1321 1482 Bentl.

302 1652 342 1701 23.
359 1649 492 1712 Utcunque]
506 1649 540 1698 de
553 1651 684 1711 tempore,
699 1659 797 1709 equan—
833 1645 896 1695 illud
913 1647 1041 1709 temporis
1064 1648 1207 1709 punctum,
1235 1659 1289 1710 quo
1312 1659 1354 1694 ren

271 1727 428 1788 docunque,
448 1721 526 1773 simul
544 1737 609 1780 aem
630 1723 659 1770 ut
676 1735 739 1780 nos,
765 1735 796 1770 se
833 1720 875 1770 vel
901 1723 1028 1784 patronus
1051 1721 1078 1769 in
1100 1720 1236 1770 miseriam
1259 1719 1354 1778 incidit,

270 1803 326 1851 rote
344 1799 435 1860 deje.
461 1799 573 1860 Dempta
591 1796 718 1856 imagine,
746 1796 796 1844 hoe
834 1794 925 1845 dolum
947 1794 1018 1844 voltu
1040 1797 1159 1856 tegentes
1178 1795 1203 1844 ei
1220 1794 1358 1844 adulantur

271 1876 347 1925 dicit:
384 1871 553 1922 «Miserrime
586 1870 682 1932 cuique
710 1867 797 1932 alique
834 1870 1004 1933 gaudentque
1039 1869 1188 1920 commodis
1217 1869 1357 1928 omnibus,

271 1955 361 2000 tanim
384 1947 505 1995 remanet
526 1957 600 2008 spes;
629 1942 728 2006 aliquot
745 1942 798 1992 sal·
835 1959 904 2009 quae
922 1943 1047 2008 opulenta
1064 1943 1161 1993 domus
1174 1943 1271 1994 olierre
1284 1943 1358 2004 solet

273 2027 327 2074 tem
339 2021 435 2072 sinceri
449 2021 526 2069 amici
536 2021 560 2068 ei
573 2019 654 2068 iidem
663 2020 796 2068 servant.»
834 2023 898 2068 tuno
920 2032 985 2068 vero
1009 2017 1076 2067 illico
1099 2016 1172 2067 illum
1189 2018 1319 2068 deserunt
1335 2019 1360 2068 in

272 2101 345 2150 Nova
374 2096 487 2158 imagine
516 2095 568 2143 hoo
597 2094 632 2142 ita
660 2094 796 2157 exprimit:
835 2093 984 2143 calamitate
997 2093 1097 2156 pariter
1110 2088 1149 2156 (ἐξ
1161 2089 1237 2156 ἴσου)
1253 2093 1361 2143 terenda

274 2174 418 2231 «Fortuna,
438 2183 507 2234 quae
525 2171 602 2218 antea
615 2180 744 2232 prospera
757 2167 799 2216 ln·
836 2167 1021 2219 fraudulenti.»

273 2248 344 2308 erat,
369 2245 553 2314 Εἱμαρμένῃ,
579 2244 620 2292 cui
642 2242 684 2293 illa
705 2243 799 2307 pareat
868 2241 1361 2306 28.FerretupumpariterJClr.Plaut.

273 2334 385 2372 necesse
404 2321 457 2379 est,
482 2319 517 2367 ita
537 2317 656 2376 volente,
680 2317 796 2376 inimico,
836 2316 920 2367 Aulai.
939 2317 969 2376 ἓ,
988 2317 1018 2376 2,
1038 2317 1083 2365 52:
1101 2316 1143 2364 nti
1160 2321 1241 2366 tetatm
1257 2319 1366 2366 coniun-

274 2396 386 2446 adversa
399 2407 461 2443 cum
473 2393 510 2451 nt,
531 2393 588 2455 ipsa
600 2404 707 2454 quoque
720 2401 799 2453 squa-
835 2398 888 2442 ctus
904 2393 978 2450 siem,
1009 2391 1052 2439 Uti
1071 2405 1133 2440 anus
1151 2404 1275 2452 nequeam
1296 2393 1367 2455 serre

274 2471 358 2519 iorem
382 2467 464 2517 sumit
486 2469 565 2528 atque
589 2479 641 2514 una
665 2476 727 2514 cum
749 2479 796 2525 eo,
832 2468 946 2529 pariter,
972 2466 1069 2514 iaceam
1092 2479 1137 2527 epo
1153 2465 1239 2513 arinen
1255 2467 1283 2514 in
1300 2466 1364 2516 tuto.

274 2544 319 2607 qui
338 2541 397 2591 exul
409 2541 546 2604 miserque
559 2539 643 2589 lectus
656 2541 704 2600 est,
724 2553 800 2602 egre-
836 2543 948 2592 Theorr.
969 2541 1014 2598 ta,
1034 2541 1081 2588 tt:
1098 2531 1250 2604 Ἀλλήλους
1262 2537 1286 2588 d'
1300 2540 1369 2602 ἐφί-

275 2619 346 2668 ditur
363 2629 377 2666 e
396 2615 478 2664 donno
502 2614 564 2663 olim
580 2619 693 2676 petente3
720 2614 798 2664 simul
836 2614 929 2681 λησαν
942 2612 995 2680 ἴσῳ
1007 2610 1088 2679 ζυγῷ.
1103 2612 1159 2662 Val.
1174 2615 1240 2665 Max.
1255 2615 1281 2677 2,
1297 2617 1320 2675 t,
1335 2617 1366 2666 6:

275 2697 363 2742 tamen
373 2690 485 2739 comites
494 2687 529 2738 illi
537 2689 604 2738 deae
614 2689 799 2753 haerentSpes
835 2694 862 2741 tn
870 2691 931 2753 port
942 2689 1001 2752 tri-po
1013 2689 1136 2737 caritatis.
1148 2689 1269 2752 Propert.
1283 2689 1309 2750 3,
1323 2691 1366 2746 25.

276 2771 302 2817 et
320 2766 421 2817 Fides.»
457 2767 520 2814 Post
537 2763 605 2814 exilii
622 2767 712 2814 autem
728 2765 799 2816 cala·
836 2769 863 2818 8:
883 2765 1002 2826 cantura,
1087 2764 1122 2812 Te
1147 2763 1206 2812 bene
1221 2768 1372 2818 conveniens

275 2842 395 2892 mitatem
410 2853 494 2889 uacuo
510 2842 631 2889 remanet
644 2841 706 2889 auto
717 2841 797 2902 regia,
837 2855 887 2890 non
903 2840 964 2888 sinis
978 2840 1015 2886 ire
1026 2839 1122 2900 lupum.
1144 2837 1219 2886 Ovid.
1239 2839 1319 2890 Trist.
1339 2844 1368 2900 a,

276 2921 304 2966 ut
321 2916 368 2966 0d.
382 2915 410 2975 l,
430 2915 475 2974 ll,
495 2915 541 2976 36,
564 2913 606 2964 vel
623 2928 672 2979 pro
690 2914 799 2978 expulso
837 2917 868 2976 2,
887 2915 934 2964 39:
952 2915 993 2963 Me
1009 2913 1142 2972 miserum,
1161 2913 1221 2974 quid
1231 2927 1328 2977 epam,
1348 2917 1372 2965 ri

276 2993 355 3040 intrat
371 2988 449 3050 alius,
469 2988 495 3039 in
512 2991 620 3052 tempus
632 2989 738 3052 aliquod
751 2987 801 3038 sal·
835 2990 957 3052 praetere
983 3000 1094 3049 quaeque
1118 2987 1285 3048 relinquunt?
1307 2991 1372 3040 Sub·

276 3069 332 3115 tem
350 3065 519 3123 fortunatior,
544 3065 682 3126 tyrannus.
705 3090 732 3098 -
751 3065 802 3112 Per
838 3065 918 3114 tratis
935 3065 1038 3126 effracto
1055 3067 1082 3111 tu
1102 3075 1198 3124 quoque
1215 3063 1281 3113 colla
1299 3067 1369 3130 tupo.

276 3141 359 3189 totam
376 3140 445 3188 hane
462 3139 590 3202 stropheu
609 3151 661 3187 nou
673 3138 730 3188 sina
743 3139 801 3186 m'a-
842 3167 869 3174 -
881 3137 921 3187 Ad
930 3140 1012 3186 totam
1024 3137 1183 3186 sententiam
1194 3137 1239 3186 cir.
1251 3139 1374 3190 Graeco·

277 3227 327 3277 gna
343 3216 399 3264 arte
413 3213 610 3277 permiscentur
621 3213 677 3262 sive
690 3211 803 3261 coniun-
841 3226 902 3262 rum
926 3211 1114 3276 proverbium:
1144 3213 1187 3274 ζεῖ
1201 3207 1312 3283 χύτρα,
1339 3212 1372 3285 ζῇ

278 3289 376 3338 duntur
385 3287 584 3350 (significatione
597 3285 714 3336 Tulliana
723 3287 800 3335 Tuae.
840 3285 932 3350 φιλία.
953 3287 1026 3337 Pind.
1046 3288 1121 3336 Nem.
1140 3301 1165 3348 ι,
1184 3287 1231 3336 78ε
1262 3285 1374 3360 παῦροι

280 3364 306 3422 l,
326 3361 376 3424 tt)
396 3363 517 3411 notiones
541 3359 654 3410 dearum
672 3363 699 3410 et
715 3361 804 3411 homi·
841 3361 864 3411 δ’
892 3362 923 3412 ἐν
948 3357 1027 3428 πόνῳ
1050 3361 1148 3411 πιστοὶ
1171 3357 1288 3432 βροτῶν
1313 3363 1374 3413 Κα-

279 3447 343 3486 num
360 3435 479 3498 ipsorum
497 3447 558 3483 oum
575 3434 686 3484 adversa
700 3435 804 3484 iortuna
840 3435 937 3504 μάτου
958 3432 1201 3500 μεταλαμβάνειν.
1227 3462 1255 3472 -
1284 3437 1373 3501 dolon]

279 3509 499 3568 conflictantium,
530 3511 708 3572 sperantium,
737 3507 805 3558 fide·
843 3511 951 3562 «dolose
969 3525 999 3562 se
1018 3511 1207 3562 subtrahentes
1225 3511 1375 3578 iugopari-

278 3584 351 3634 lium.
372 3584 426 3632 iloc
444 3585 515 3633 enim
535 3584 616 3647 ipsius
633 3587 730 3647 poetae
747 3584 805 3633 ani·
843 3591 885 3637 ter
901 3587 1042 3636 serundo.»

279 3671 354 3708 mum
370 3657 452 3706 veluti
470 3656 581 3718 solatur,
606 3657 706 3708 homini
725 3659 805 3707 etiam
875 3663 916 3712 aa.
941 3661 1093 3710 Sententiae
1116 3661 1150 3710 ita
1176 3663 1238 3711 sunt
1258 3665 1374 3712 coniun-

280 3729 389 3789 inielici,
409 3733 457 3780 etsi
473 3733 581 3781 omnino
599 3732 633 3782 sit
649 3746 709 3781 rara
728 3733 803 3791 lidae,
843 3736 958 3800 gandae:
980 3737 1041 3796 «ru,
1061 3736 1187 3796 Fortuna,
1207 3737 1284 3785 euius
1297 3749 1373 3788 sum·

279 3804 437 3870 plerumque
456 3808 545 3855 tamen
560 3819 643 3855 unum
657 3805 805 3856 alterumve
844 3825 887 3861 ma
901 3813 941 3860 est
953 3823 1043 3860 rerum
1054 3811 1232 3859 humanarum
1242 3813 1372 3873 potestas,

280 3893 420 3929 renrenere
439 3881 573 3930 sincerum
591 3881 717 3929 amicum.
845 3888 873 3935 ut
904 3883 968 3934 alias
998 3886 1126 3947 opprimis
1156 3887 1301 3946 tyrannos,
1339 3885 1372 3933 ita

314 3955 354 4004 26.
382 3957 452 4004 codis
468 3981 483 3991 -
499 3981 513 3990 -
529 3955 635 4018 siccatis]
654 3953 804 4004 Archiloch.
845 3973 915 4009 nunc
933 3971 1026 4008 serves
1044 3961 1189 4009 Caesarem
1204 3959 1310 4023 imperii
1323 3961 1373 4008 lto-

281 4044 307 4093 p.
335 4029 391 4079 468.
419 4029 521 4092 Bergk:
557 4027 663 4078 κοίλων
695 4026 806 4094 πώματ’
845 4034 916 4083 mani
933 4033 1166 4097 poeitieatoremt»
1187 4061 1214 4069 -
1234 4035 1374 4082 teatino:

283 4094 391 4164 ἄφελκε
402 4101 507 4163 κάδων,
519 4098 611 4175 ’Ἇγρει
621 4101 643 4153 δ’
656 4100 736 4154 οἶνον
748 4103 809 4176 ἑρυ-
846 4108 918 4157 Orbis
942 4107 1088 4172 Britannos]
1117 4107 1165 4157 Od.
1192 4107 1222 4169 l,
1254 4107 1301 4170 ll,
1332 4105 1369 4157 li.

284 4175 356 4251 θρὸν
378 4174 437 4229 ἀπὸ
459 4176 570 4251 τρυγός.
608 4179 693 4230 eFalsi
719 4181 806 4241 amici,
847 4181 927 4232 iidem
951 4183 1040 4232 remoti
1064 4180 1239 4246 appellentur.
1276 4177 1369 4232 Catuli.

284 4257 389 4318 parasiti
402 4258 429 4305 et
440 4257 564 4305 meretrix
579 4269 663 4320 usque
674 4257 708 4306 ad
721 4257 808 4320 ipsum
848 4257 892 4316 rt,
919 4258 962 4305 tt:
990 4257 1114 4306 Gallicana
1137 4257 1246 4307 ittenenn
1263 4255 1371 4306 meet-
