2992 4978
537 410 597 460 LlB.
617 411 659 460 lll.
696 411 726 460 C,
746 411 776 460 V.

348 569 511 653 Augustus
533 565 667 634 adiectis
688 566 848 634 Britannis

392 689 531 776 imperio
552 688 772 776 gravibusque
795 691 914 758 Persis.

305 845 436 912 llilesnc
459 845 566 913 Crassi
589 847 726 934 coniuge
749 847 888 914 barbara

308 968 421 1055 Turpis
444 968 578 1034 maritus
601 968 678 1034 vixit
699 978 731 1036 et
753 969 893 1036 hostium
916 1009 959 1020 -

348 1091 410 1155 Pro
433 1089 524 1156 ouria
548 1091 733 1180 inversique
755 1092 883 1158 mores!
906 1129 949 1142 -

390 1211 566 1278 Consenuit
588 1233 777 1280 socerorum
800 1214 831 1278 in
854 1215 952 1281 armis

202 1445 226 1495 8.
245 1447 315 1496 arvis
334 1459 396 1496 cum
414 1447 477 1497 Tan.
493 1446 578 1497 Fabro
596 1451 623 1498 44
635 1449 742 1500 Heinsio
759 1449 855 1510 Bentl,
874 1451 907 1510 F,
927 1453 954 1500 et
972 1453 1011 1503 sic
1028 1451 1110 1504 hahet
1126 1455 1191 1506 Cod.

171 1518 258 1570 litori.
278 1523 303 1572 4.
322 1520 395 1584 apud
420 1521 530 1572 lanium.
551 1524 590 1586 (Ut
607 1536 673 1585 nos,
701 1524 811 1588 BbScd,
839 1539 933 1576 omnes
951 1526 1061 1578 Bentleii
1085 1532 1112 1580 44
1129 1532 1191 1581 Pot-

172 1595 244 1646 tierii.
280 1595 381 1646 Excidit
398 1595 442 1648 hic
460 1610 485 1644 v.
505 1609 520 1646 e
538 1597 603 1648 Cod.
623 1599 662 1662 T.)

143 1809 318 1862 molestissimi
344 1813 469 1864 Romanis
491 1827 523 1864 ac
547 1813 659 1866 lerooes.
699 1828 787 1879 aequo
809 1817 898 1867 animo
921 1817 1098 1880 pateretur?-
1127 1845 1155 1854 -
1179 1819 1225 1869 44-

142 1884 227 1935 444444
242 1899 293 1950 pro
304 1887 417 1948 4444444,
436 1890 467 1937 ut
476 1888 524 1939 0d.
538 1890 564 1948 4,
577 1889 606 1950 4,
619 1889 660 1939 22.
697 1891 781 1955 stium]
801 1904 884 1955 «quos
903 1893 928 1941 S.
945 1894 973 1942 P.
987 1894 1018 1953 Q.
1032 1894 1061 1942 R.
1074 1893 1167 1944 hostes
1183 1894 1224 1943 iu·

169 1961 193 2008 o.
206 1961 230 2010 8.
249 1961 354 2011 Milesiis
366 1962 457 2026 Crassi]
466 1963 533 2013 Cum
540 1963 662 2027 indigna-
699 1963 815 2026 dicaret,
834 1965 995 2029 quibuscum
1011 1966 1111 2017 idcirco
1124 1967 1225 2018 nullum

141 2034 223 2084 tione:
242 2037 309 2096 «Qui
322 2036 379 2086 lieri
390 2039 484 2101 potuit,
504 2041 533 2088 ut
545 2037 621 2090 miles
631 2065 662 2075 ·-
699 2041 806 2090 omnino
818 2042 1013 2092 commercium
1026 2055 1114 2106 neque
1125 2055 1225 2092 connu-

139 2110 270 2160 viveret‘i»
308 2110 435 2162 Consulto
467 2112 511 2169 hic
545 2111 663 2164 declinat
699 2113 773 2164 bium
791 2127 852 2166 esso
870 2119 1001 2179 poterat.»

138 2185 300 2236 mentionem
317 2185 414 2248 cladis,
432 2199 513 2251 quain
531 2189 564 2240 44.
577 2190 661 2239 4444-
730 2189 754 2238 7.
780 2190 838 2253 Pro]
861 2191 908 2241 Est
929 2191 1085 2242 deminantis
1102 2203 1166 2242 cum
1183 2191 1225 2240 in-

137 2260 192 2312 nius
209 2272 233 2310 a.
254 2274 281 2310 u.
302 2274 326 2311 c.
346 2261 402 2312 448.
422 2275 438 2312 a
454 2263 558 2314 Parthis
581 2276 661 2314 4444-
698 2263 859 2326 dignatione.
880 2291 908 2300 -
921 2265 1003 2329 curio]
1016 2267 1070 2316 Cic.
1084 2278 1134 2329 pro
1146 2263 1224 2315 Plen-

136 2337 220 2397 perat¹
248 2337 307 2386 sive
333 2335 406 2399 quod
430 2339 538 2388 omnino
562 2339 660 2388 inimici
698 2338 739 2388 cio
757 2337 803 2388 29:
830 2343 911 2388 444444
927 2341 988 2390 orno
1003 2345 1028 2390 44
1044 2341 1125 2390 curio
1145 2339 1225 2389 Curio

137 2412 253 2474 oppressi
281 2412 441 2462 memoriam
464 2413 582 2464 reinseri
605 2415 661 2464 Au·
697 2412 812 2462 retertur
829 2412 863 2462 ad
875 2411 976 2464 laesam
989 2417 1098 2466 senatus
1111 2415 1224 2477 dignita·

135 2486 224 2546 mutus
249 2484 346 2546 nollet,
374 2487 430 2536 sive
454 2487 527 2551 quod
549 2490 661 2552 propter
698 2490 765 2548 tem,
784 2489 830 2551 qui
845 2489 899 2538 tam
911 2489 1117 2550 ignominiosum
1129 2501 1223 2539 casum

135 2560 275 2612 amicitiam
298 2573 360 2612 oum
381 2560 436 2612 iulo
458 2563 584 2624 Antonio,
612 2565 661 2612 tri·
697 2565 752 2614 tam
770 2562 815 2613 diu
831 2564 964 2627 patienter
980 2563 1076 2614 tulerit.
1111 2564 1224 2616 librarii

135 2637 226 2686 umviri
244 2635 314 2696 illio,
341 2637 432 2688 initam
457 2639 581 2690 Horatius
597 2637 660 2688 ubi-
697 2636 893 2688 substituerunt
918 2652 968 2701 pro
993 2641 1084 2702 patrio
1118 2642 1146 2689 et
1173 2651 1224 2701 pro

134 2721 183 2771 que
200 2712 235 2762 M.
254 2711 369 2761 Antonio
386 2713 514 2775 pepercit.
537 2715 659 2776 -lunge
696 2718 818 2775 temporo.

134 2785 239 2834 auritus
262 2785 369 2848 coniupe
397 2785 521 2848 barbaro,
550 2787 578 2837 id
603 2792 657 2848 444,
730 2788 754 2836 8.
778 2786 918 2850 0444444444]
937 2787 1001 2848 Quia
1024 2788 1076 2838 iam
1094 2786 1155 2851 plus
1176 2787 1225 2836 tri-

134 2859 250 2910 4444444
263 2860 406 2923 coniugem
418 2860 590 2930 barbararum
604 2863 657 2913 Cir.
697 2862 768 2924 ginta
780 2874 865 2911 annos
877 2861 946 2911 inter
961 2863 1072 2912 Parthos
1084 2860 1221 2924 degerant.

134 2933 205 2985 Ouid.
230 2937 294 2986 Her.
320 2935 348 2996 4,
376 2936 439 2988 434;
468 2939 500 2986 Et
523 2939 564 3001 sas
588 2951 661 2988 44444
699 2962 727 2972 -
745 2936 772 2985 in
793 2935 881 2999 444444]
899 2937 1013 2986 Prorsus
1034 2937 1087 2987 hoo
1108 2950 1141 2986 ex
1159 2937 1224 2986 Par-

132 3010 190 3072 !noit
206 3012 292 3074 fratre
307 3010 497 3062 moritosoror.
516 3011 580 3062 Alii:
604 3018 660 3062 tur·
697 3011 805 3060 thorum
830 3023 915 3060 more.
952 3011 1044 3060 lustin.
1063 3009 1109 3071 44,
1135 3011 1164 3070 8,
1191 3011 1221 3059 o:

130 3085 292 3148 pisconiups
309 3084 435 3146 omborc3
454 3087 503 3137 sed
521 3086 601 3137 ablat.
618 3088 660 3136 in·
696 3085 845 3136 1444444444
871 3097 935 3144 444,
970 3089 998 3134 444
1031 3084 1098 3134 alios
1125 3089 1222 3148 444444,

133 3158 314 3210 strumentalls
326 3160 353 3210 in
365 3161 484 3224 coniugis
495 3174 612 3225 persona
624 3161 660 3212 lo-
696 3160 844 3220 44444444444,
862 3159 905 3207 sed
919 3159 1043 3208 4444444444
1055 3163 1157 3221 partem
1168 3172 1224 3210 444-

132 3247 191 3284 eum
202 3247 256 3285 non
269 3233 360 3285 habet.
379 3237 492 3287 Prorsus
500 3239 591 3286 autam
600 3237 660 3286 reii-
695 3235 815 3284 uitiorum
831 3233 931 3292 4444444,Ι
950 3233 1046 3297 captivi
1063 3235 1155 3284 autem
1173 3246 1223 3297 pro

133 3309 225 3360 cienda
255 3310 308 3359 ΗΡ.
336 3312 376 3360 444
401 3312 470 3360 coni.
493 3312 520 3360 in
545 3312 656 3375 coniope.
696 3308 836 3372 mancipiis
851 3309 936 3356 erant.
951 3333 979 3343 -
993 3306 1074 3368 Quld‚
1091 3306 1225 3370 quodiio-

134 3409 159 3418 -
185 3385 312 3436 «Uxores
333 3396 348 3432 a
372 3383 518 3434 victoribus
544 3399 659 3449 accepe-
696 3395 806 3443 manos,
825 3383 870 3432 otii
883 3382 1066 3446 impatientes,
1085 3379 1147 3432 belli
1160 3393 1222 3432 cum

131 3460 197 3520 rant,
210 3459 334 3509 ntvitam
343 3461 553 3510 mercarentur.»
564 3461 656 3510 Scnou.
696 3459 801 3512 Parthis
819 3457 943 3522 cupidos,
963 3459 1044 3508 etiam
1059 3457 1223 3510 voluntarios

134 3559 159 3569 -
191 3533 295 3598 Turpis]
327 3535 438 3598 propter
467 3533 592 3584 violatam
619 3534 659 3584 le·
696 3549 772 3587 arma
784 3533 875 3585 tulisse
888 3534 962 3586 haud
973 3533 1151 3599 improbabile
1164 3535 1224 3586 esti
1297 3533 1301 3540 ’

131 3619 190 3668 gom
208 3611 358 3660 Romanam
375 3611 456 3672 atque
474 3609 500 3658 in
519 3609 659 3659 matrimo-
696 3612 800 3672 insigne
833 3611 906 3659 certe
939 3608 1125 3660 huiuscemodi
1158 3622 1223 3673 per-

132 3682 204 3733 nium
227 3683 337 3734 ductam
358 3698 412 3734 non
433 3683 521 3734 solum
537 3684 657 3748 peregri·
695 3685 828 3736 versitatis
856 3683 1009 3748 exemplum
1035 3685 1065 3744 Q.
1091 3681 1223 3734 Labienus

131 3767 206 3816 nam,
234 3769 330 3807 verum
354 3759 434 3810 etiam
458 3759 543 3809 hostis
566 3757 656 3808 filiam.
696 3761 724 3809 T.
749 3757 818 3808 iilius
841 3758 931 3818 dedit,
962 3759 1007 3822 qui
1034 3757 1124 3808 audite
1146 3755 1222 3807 clade
1307 3817 1310 3827 y

131 3829 200 3893 virg.
215 3833 283 3882 Aen.
296 3833 325 3893 8,
344 3833 407 3884 688:
425 3833 588 3896 sequiturque
599 3833 659 3896 (444-
696 3832 857 3897 Philippensi
890 3833 1001 3883 Parthos
1033 3833 1059 3882 in
1091 3833 1223 3882 Romanos

131 3906 247 3968 tontum)
279 3909 364 3971 444444
397 3908 521 3972 44944444
553 3910 656 3960 conitere.
696 3909 838 3960 concitavit
854 3910 882 3957 et
898 3907 951 3958 dux
966 3907 1001 3958 ali
1014 3909 1052 3958 eis
1065 3907 1223 3957 constitutus

130 3980 185 4030 Liv.
205 3979 253 4038 48,
278 3981 307 4031 3;
338 3996 371 4032 sc
398 3983 517 4034 4444444444
541 3984 660 4034 Romanis
696 3996 745 4047 per
762 3982 845 4033 breve
861 3983 1084 4046 tempusSyriam
1097 3979 1223 4031 4444444-

131 4059 153 4102 et
170 4067 203 4104 44
219 4056 340 4118 Hisponis
354 4058 514 4120 mulieribus,
532 4057 658 4118 comput-
696 4058 775 4108 niceo
792 4057 934 4122 occupavit
950 4069 975 4106 a.
988 4070 1014 4106 u.
1026 4070 1049 4106 c.
1066 4053 1133 4114 744,
1154 4054 1224 4103 eius·

130 4127 175 4178 om
199 4131 351 4182 4444444444
375 4147 426 4182 oon
441 4138 516 4194 44444,
540 4137 613 4183 notos
635 4145 660 4181 44
697 4145 749 4195 que
773 4145 900 4184 nummus
923 4133 1010 4182 exstat
1032 4142 1094 4181 cum
1112 4125 1222 4178 hadin-

130 4211 306 4258 momorantes.
322 4233 349 4244 -
363 4207 436 4270 44444]
451 4206 575 4258 «Adeone
588 4208 658 4258 vitae
696 4208 856 4270 scriptione:
876 4209 905 4268 0.
924 4206 1085 4258 LABIENVS
1100 4201 1224 4254 PARTHI-

132 4279 246 4342 cupidus
264 4281 323 4342 luit,
350 4285 379 4332 ut
401 4283 469 4332 hanc
487 4282 659 4345 ignominiam
697 4283 763 4334 CVS.
793 4282 859 4332 [ΜΡ.
887 4281 939 4331 Cir.
967 4281 1079 4330 Dionem
1105 4277 1152 4338 48,
1179 4275 1220 4324 86.
