<?xml version="1.0" encoding="UTF-8"?>
<!DOCTYPE html PUBLIC "-//W3C//DTD XHTML 1.0 Transitional//EN"
    "http://www.w3.org/TR/xhtml1/DTD/xhtml1-transitional.dtd">
<html xmlns="http://www.w3.org/1999/xhtml" xml:lang="en" lang="en">
 <head>
  <title>
</title>
<meta http-equiv="Content-Type" content="text/html;charset=utf-8" />
  <meta name='ocr-system' content='tesseract 3.04.00' />
  <meta name='ocr-capabilities' content='ocr_page ocr_carea ocr_par ocr_line ocrx_word'/>
</head>
<body>
  <div class='ocr_page' id='page_1' title='image "./qhoratiusflaccu02baitgoog/qhoratiusflaccu02baitgoog_0423.png"; bbox 0 0 2992 4978; ppageno 0'>
   <div class='ocr_carea' id='block_1_1' title="bbox 653 463 1004 515">
    <p class='ocr_par' dir='ltr' id='par_1_1' title="bbox 653 463 1004 515">
     <span class='ocr_line' id='line_1_1' title="bbox 653 463 1004 515; baseline 0.014 -6"><span class='ocrx_word' id='word_1_1' title='bbox 653 503 655 508; x_wconf 95' lang='lat'><em>.</em></span> <span class='ocrx_word' id='word_1_2' title='bbox 686 465 815 515; x_wconf 78' lang='lat' dir='ltr'><strong>nouam</strong></span> <span class='ocrx_word' id='word_1_3' title='bbox 833 463 1004 515; x_wconf 71' lang='lat' dir='ltr'><strong>candiduli</strong></span> 
     </span>
    </p>
   </div>
   <div class='ocr_carea' id='block_1_2' title="bbox 467 618 1076 1073">
    <p class='ocr_par' dir='ltr' id='par_1_2' title="bbox 467 618 1076 950">
     <span class='ocr_line' id='line_1_2' title="bbox 555 618 1076 706; baseline -0.012 -17"><span class='ocrx_word' id='word_1_4' title='bbox 555 624 602 689; x_wconf 88' lang='lat' dir='ltr'><strong>De</strong></span> <span class='ocrx_word' id='word_1_5' title='bbox 626 631 737 688; x_wconf 89' lang='lat' dir='ltr'><strong>tenero</strong></span> <span class='ocrx_word' id='word_1_6' title='bbox 759 618 933 686; x_wconf 79' lang='lat' dir='ltr'><strong>meditatur</strong></span> <span class='ocrx_word' id='word_1_7' title='bbox 955 619 1076 706; x_wconf 77' lang='lat' dir='ltr'><strong>ungui;</strong></span> 
     </span>
     <span class='ocr_line' id='line_1_3' title="bbox 467 719 1043 830; baseline -0.012 -18"><span class='ocrx_word' id='word_1_8' title='bbox 467 719 539 812; x_wconf 84' lang='lat' dir='ltr'><strong>Mox</strong></span> <span class='ocrx_word' id='word_1_9' title='bbox 562 743 704 809; x_wconf 90' lang='lat' dir='ltr'><strong>iuniores</strong></span> <span class='ocrx_word' id='word_1_10' title='bbox 726 741 856 830; x_wconf 89' lang='lat' dir='ltr'><strong>quaerit</strong></span> <span class='ocrx_word' id='word_1_11' title='bbox 877 739 1043 807; x_wconf 88' lang='lat' dir='ltr'><strong>adulteros</strong></span> 
     </span>
     <span class='ocr_line' id='line_1_4' title="bbox 467 861 1026 950; baseline -0.009 -18"><span class='ocrx_word' id='word_1_12' title='bbox 467 869 552 933; x_wconf 83' lang='lat' dir='ltr'><strong>Inter</strong></span> <span class='ocrx_word' id='word_1_13' title='bbox 574 863 677 931; x_wconf 85' lang='lat' dir='ltr'><strong>mariti</strong></span> <span class='ocrx_word' id='word_1_14' title='bbox 700 863 783 940; x_wconf 84' lang='lat' dir='ltr'><strong>vina,</strong></span> <span class='ocrx_word' id='word_1_15' title='bbox 808 882 916 950; x_wconf 86' lang='lat' dir='ltr'><strong>neque</strong></span> <span class='ocrx_word' id='word_1_16' title='bbox 939 861 1026 950; x_wconf 84' lang='lat' dir='ltr'><strong>eligit</strong></span> 
     </span>
    </p>

    <p class='ocr_par' dir='ltr' id='par_1_3' title="bbox 510 981 1050 1073">
     <span class='ocr_line' id='line_1_5' title="bbox 510 981 1050 1073; baseline -0.011 -19"><span class='ocrx_word' id='word_1_17' title='bbox 510 988 567 1054; x_wconf 88' lang='lat' dir='ltr'><strong>Cui</strong></span> <span class='ocrx_word' id='word_1_18' title='bbox 589 987 688 1054; x_wconf 88' lang='lat' dir='ltr'><strong>donet</strong></span> <span class='ocrx_word' id='word_1_19' title='bbox 709 983 913 1073; x_wconf 82' lang='lat' dir='ltr'><strong>impermisse</strong></span> <span class='ocrx_word' id='word_1_20' title='bbox 935 981 1050 1070; x_wconf 88' lang='lat' dir='ltr'><strong>raptim</strong></span> 
     </span>
    </p>
   </div>
   <div class='ocr_carea' id='block_1_3' title="bbox 327 1208 1352 1348">
    <p class='ocr_par' dir='ltr' id='par_1_4' title="bbox 327 1208 1352 1348">
     <span class='ocr_line' id='line_1_6' title="bbox 362 1208 1352 1277; baseline -0.009 -10"><span class='ocrx_word' id='word_1_21' title='bbox 362 1219 402 1268; x_wconf 75' lang='lat' dir='ltr'><strong>al.</strong></span> <span class='ocrx_word' id='word_1_22' title='bbox 428 1217 570 1266; x_wconf 69' lang='lat' dir='ltr'><strong>intermisto</strong></span> <span class='ocrx_word' id='word_1_23' title='bbox 587 1209 665 1277; x_wconf 59' lang='lat' dir='ltr'><strong>SM,</strong></span> <span class='ocrx_word' id='word_1_24' title='bbox 691 1215 757 1264; x_wconf 85' lang='lat' dir='ltr'><strong>Potl.</strong></span> <span class='ocrx_word' id='word_1_25' title='bbox 777 1214 850 1270; x_wconf 88' lang='lat' dir='ltr'><strong>tres,</strong></span> <span class='ocrx_word' id='word_1_26' title='bbox 876 1209 1014 1271; x_wconf 73' lang='lat' dir='ltr'><strong>improvisa</strong></span> <span class='ocrx_word' id='word_1_27' title='bbox 1030 1208 1169 1260; x_wconf 87' lang='lat' dir='ltr'><strong>Pulmannl</strong></span> <span class='ocrx_word' id='word_1_28' title='bbox 1187 1209 1252 1260; x_wconf 91' lang='lat' dir='ltr'><strong>Cod.</strong></span> <span class='ocrx_word' id='word_1_29' title='bbox 1271 1210 1352 1273; x_wconf 86' lang='lat' dir='ltr'><strong>quin-</strong></span> 
     </span>
     <span class='ocr_line' id='line_1_7' title="bbox 327 1282 951 1348; baseline -0.011 -8"><span class='ocrx_word' id='word_1_30' title='bbox 327 1295 369 1343; x_wconf 87' lang='lat' dir='ltr'><strong>ius</strong></span> <span class='ocrx_word' id='word_1_31' title='bbox 387 1293 414 1341; x_wconf 88' lang='lat' dir='ltr'><strong>el</strong></span> <span class='ocrx_word' id='word_1_32' title='bbox 431 1291 495 1340; x_wconf 83' lang='lat' dir='ltr'><strong>Ach.</strong></span> <span class='ocrx_word' id='word_1_33' title='bbox 516 1289 588 1339; x_wconf 81' lang='lat' dir='ltr'><strong>Statii</strong></span> <span class='ocrx_word' id='word_1_34' title='bbox 606 1286 682 1338; x_wconf 88' lang='lat' dir='ltr'><strong>liber.</strong></span> <span class='ocrx_word' id='word_1_35' title='bbox 720 1286 759 1348; x_wconf 83' lang='lat' dir='ltr'><strong>(Ut</strong></span> <span class='ocrx_word' id='word_1_36' title='bbox 775 1297 837 1346; x_wconf 84' lang='lat' dir='ltr'><strong>nos,</strong></span> <span class='ocrx_word' id='word_1_37' title='bbox 857 1282 951 1345; x_wconf 83' lang='lat' dir='ltr'><strong>Bbcd.)</strong></span> 
     </span>
    </p>
   </div>
   <div class='ocr_carea' id='block_1_4' title="bbox 291 1482 1386 3270">
    <p class='ocr_par' dir='ltr' id='par_1_5' title="bbox 291 1482 1386 2826">
     <span class='ocr_line' id='line_1_8' title="bbox 294 1482 1386 1560; baseline -0.004 -14"><span class='ocrx_word' id='word_1_38' title='bbox 294 1495 403 1546; x_wconf 81' lang='lat' dir='ltr'><strong>artibus.</strong></span> <span class='ocrx_word' id='word_1_39' title='bbox 440 1495 510 1554; x_wconf 88' lang='lat' dir='ltr'><strong>Cur,</strong></span> <span class='ocrx_word' id='word_1_40' title='bbox 529 1505 644 1557; x_wconf 87' lang='lat' dir='ltr'><strong>quaeso,</strong></span> <span class='ocrx_word' id='word_1_41' title='bbox 669 1493 722 1541; x_wconf 87' lang='lat' dir='ltr'><strong>lom</strong></span> <span class='ocrx_word' id='word_1_42' title='bbox 737 1504 818 1552; x_wconf 80' lang='lat' dir='ltr'><strong>nuno,</strong></span> <span class='ocrx_word' id='word_1_43' title='bbox 857 1482 970 1552; x_wconf 79' lang='grc' dir='ltr'><em>ὄνυχες,</em></span> <span class='ocrx_word' id='word_1_44' title='bbox 983 1486 1032 1551; x_wconf 80' lang='grc' dir='ltr'><strong>ύφ·</strong></span> <span class='ocrx_word' id='word_1_45' title='bbox 1040 1484 1085 1552; x_wconf 70' lang='grc' dir='ltr'><strong>οἷς</strong></span> <span class='ocrx_word' id='word_1_46' title='bbox 1093 1485 1130 1540; x_wconf 81' lang='grc' dir='ltr'><strong>τὰ</strong></span> <span class='ocrx_word' id='word_1_47' title='bbox 1140 1487 1227 1560; x_wconf 76' lang='grc' dir='ltr'><strong><em>νεῦρα</em></strong></span> <span class='ocrx_word' id='word_1_48' title='bbox 1238 1485 1386 1542; x_wconf 71' lang='grc' dir='ltr'><strong>παύεσθαι</strong></span> 
     </span>
     <span class='ocr_line' id='line_1_9' title="bbox 293 1561 1384 1632; baseline -0.005 -10"><span class='ocrx_word' id='word_1_49' title='bbox 293 1572 316 1622; x_wconf 88' lang='lat' dir='ltr'><strong>si</strong></span> <span class='ocrx_word' id='word_1_50' title='bbox 333 1571 442 1621; x_wconf 84' lang='lat' dir='ltr'><strong>iamlam</strong></span> <span class='ocrx_word' id='word_1_51' title='bbox 459 1571 563 1618; x_wconf 78' lang='lat' dir='ltr'><strong>mature</strong></span> <span class='ocrx_word' id='word_1_52' title='bbox 581 1569 655 1630; x_wconf 54' lang='lat' dir='ltr'><strong>esta,</strong></span> <span class='ocrx_word' id='word_1_53' title='bbox 669 1568 737 1617; x_wconf 85' lang='lat' dir='ltr'><strong>Num</strong></span> <span class='ocrx_word' id='word_1_54' title='bbox 759 1567 820 1630; x_wconf 89' lang='lat' dir='ltr'><strong>post</strong></span> <span class='ocrx_word' id='word_1_55' title='bbox 857 1561 999 1632; x_wconf 74' lang='grc' dir='ltr'><strong><em>λέγουσιν.</em></strong></span> <span class='ocrx_word' id='word_1_56' title='bbox 1027 1564 1136 1616; x_wconf 82' lang='lat' dir='ltr'><strong>lluflnus</strong></span> <span class='ocrx_word' id='word_1_57' title='bbox 1151 1565 1230 1616; x_wconf 80' lang='lat' dir='ltr'><strong>Anlh.</strong></span> <span class='ocrx_word' id='word_1_58' title='bbox 1248 1563 1301 1615; x_wconf 85' lang='lat' dir='ltr'><strong>Pal.</strong></span> <span class='ocrx_word' id='word_1_59' title='bbox 1320 1568 1340 1616; x_wconf 92' lang='lat' dir='ltr'><strong>l.</strong></span> <span class='ocrx_word' id='word_1_60' title='bbox 1359 1579 1384 1630; x_wconf 94' lang='lat' dir='ltr'><strong>p.</strong></span> 
     </span>
     <span class='ocr_line' id='line_1_10' title="bbox 292 1633 1386 1705; baseline -0.005 -10"><span class='ocrx_word' id='word_1_61' title='bbox 292 1645 473 1695; x_wconf 73' lang='lat' dir='ltr'><strong>maturitatem</strong></span> <span class='ocrx_word' id='word_1_62' title='bbox 484 1642 594 1694; x_wconf 90' lang='lat' dir='ltr'><strong>demum</strong></span> <span class='ocrx_word' id='word_1_63' title='bbox 607 1640 663 1692; x_wconf 83' lang='lat' dir='ltr'><strong>illes</strong></span> <span class='ocrx_word' id='word_1_64' title='bbox 679 1641 819 1692; x_wconf 78' lang='lat' dir='ltr'><strong>addiscere</strong></span> <span class='ocrx_word' id='word_1_65' title='bbox 857 1637 906 1689; x_wconf 75' lang='lat'><strong>87:</strong></span> <span class='ocrx_word' id='word_1_66' title='bbox 935 1634 990 1705; x_wconf 79' lang='grc' dir='ltr'><strong><em>τὴν</em></strong></span> <span class='ocrx_word' id='word_1_67' title='bbox 1006 1633 1113 1704; x_wconf 77' lang='grc' dir='ltr'><strong><em>ψυχὴν</em></strong></span> <span class='ocrx_word' id='word_1_68' title='bbox 1129 1635 1160 1703; x_wconf 80' lang='grc' dir='ltr'><strong>ἐξ</strong></span> <span class='ocrx_word' id='word_1_69' title='bbox 1179 1633 1295 1699; x_wconf 78' lang='grc' dir='ltr'><strong><em>ὀνύχων</em></strong></span> <span class='ocrx_word' id='word_1_70' title='bbox 1313 1633 1386 1690; x_wconf 81' lang='grc' dir='ltr'><strong><em>ὀνά-</em></strong></span> 
     </span>
     <span class='ocr_line' id='line_1_11' title="bbox 291 1713 1383 1780; baseline -0.005 -11"><span class='ocrx_word' id='word_1_71' title='bbox 291 1717 431 1769; x_wconf 83' lang='lat' dir='ltr'><strong>debebel‘l</strong></span> <span class='ocrx_word' id='word_1_72' title='bbox 474 1719 560 1767; x_wconf 87' lang='lat' dir='ltr'><strong>immo</strong></span> <span class='ocrx_word' id='word_1_73' title='bbox 588 1715 720 1779; x_wconf 78' lang='lat' dir='ltr'><strong>iungenda</strong></span> <span class='ocrx_word' id='word_1_74' title='bbox 751 1714 819 1765; x_wconf 84' lang='lat' dir='ltr'><strong>haee</strong></span> <span class='ocrx_word' id='word_1_75' title='bbox 856 1727 908 1780; x_wconf 79' lang='grc' dir='ltr'><strong>γει.</strong></span> <span class='ocrx_word' id='word_1_76' title='bbox 944 1713 1011 1765; x_wconf 89' lang='lat' dir='ltr'><strong>Plut.</strong></span> <span class='ocrx_word' id='word_1_77' title='bbox 1036 1713 1070 1765; x_wconf 89' lang='lat' dir='ltr'><strong>de</strong></span> <span class='ocrx_word' id='word_1_78' title='bbox 1094 1713 1176 1765; x_wconf 87' lang='lat' dir='ltr'><strong>Edue.</strong></span> <span class='ocrx_word' id='word_1_79' title='bbox 1202 1713 1248 1764; x_wconf 88' lang='lat' dir='ltr'><strong>lib.</strong></span> <span class='ocrx_word' id='word_1_80' title='bbox 1268 1716 1293 1765; x_wconf 79' lang='lat' dir='ltr'><strong>t.</strong></span> <span class='ocrx_word' id='word_1_81' title='bbox 1315 1729 1342 1780; x_wconf 92' lang='lat' dir='ltr'><strong>p.</strong></span> <span class='ocrx_word' id='word_1_82' title='bbox 1360 1715 1383 1766; x_wconf 83' lang='lat'><strong>³.</strong></span> 
     </span>
     <span class='ocr_line' id='line_1_12' title="bbox 292 1785 1384 1860; baseline -0.005 -15"><span class='ocrx_word' id='word_1_83' title='bbox 292 1806 355 1845; x_wconf 88' lang='lat' dir='ltr'><strong>eum</strong></span> <span class='ocrx_word' id='word_1_84' title='bbox 371 1790 565 1855; x_wconf 79' lang='lat' dir='ltr'><strong>sequentibus:</strong></span> <span class='ocrx_word' id='word_1_85' title='bbox 585 1791 652 1840; x_wconf 77' lang='lat' dir='ltr'><strong>«inm</strong></span> <span class='ocrx_word' id='word_1_86' title='bbox 662 1803 741 1851; x_wconf 82' lang='lat' dir='ltr'><strong>nono,</strong></span> <span class='ocrx_word' id='word_1_87' title='bbox 760 1802 820 1840; x_wconf 84' lang='lat' dir='ltr'><strong>me·</strong></span> <span class='ocrx_word' id='word_1_88' title='bbox 856 1789 904 1840; x_wconf 88' lang='lat' dir='ltr'><strong>Ed.</strong></span> <span class='ocrx_word' id='word_1_89' title='bbox 917 1787 1012 1839; x_wconf 84' lang='lat' dir='ltr'><strong>Didot:</strong></span> <span class='ocrx_word' id='word_1_90' title='bbox 1033 1785 1274 1860; x_wconf 73' lang='grc' dir='ltr'><em>συμπαθέστερόν</em></span> <span class='ocrx_word' id='word_1_91' title='bbox 1286 1803 1321 1841; x_wconf 72' lang='grc' dir='ltr'><strong>τε</strong></span> <span class='ocrx_word' id='word_1_92' title='bbox 1331 1785 1384 1860; x_wconf 78' lang='grc' dir='ltr'><strong>γὰρ</strong></span> 
     </span>
     <span class='ocr_line' id='line_1_13' title="bbox 292 1859 1384 1936; baseline -0.003 -18"><span class='ocrx_word' id='word_1_93' title='bbox 292 1871 351 1918; x_wconf 89' lang='lat' dir='ltr'><strong>tura</strong></span> <span class='ocrx_word' id='word_1_94' title='bbox 368 1866 492 1930; x_wconf 88' lang='lat' dir='ltr'><strong>quidem,</strong></span> <span class='ocrx_word' id='word_1_95' title='bbox 517 1864 567 1915; x_wconf 89' lang='lat' dir='ltr'><strong>sed</strong></span> <span class='ocrx_word' id='word_1_96' title='bbox 583 1864 703 1915; x_wconf 90' lang='lat' dir='ltr'><strong>nondum</strong></span> <span class='ocrx_word' id='word_1_97' title='bbox 725 1865 816 1928; x_wconf 85' lang='lat' dir='ltr'><strong>nupta,</strong></span> <span class='ocrx_word' id='word_1_98' title='bbox 855 1863 1004 1936; x_wconf 75' lang='grc' dir='ltr'><strong><em>θρέψουσι</em></strong></span> <span class='ocrx_word' id='word_1_99' title='bbox 1029 1863 1079 1915; x_wconf 75' lang='grc' dir='ltr'><strong>καὶ</strong></span> <span class='ocrx_word' id='word_1_100' title='bbox 1106 1859 1154 1916; x_wconf 80' lang='grc' dir='ltr'><strong>διὰ</strong></span> <span class='ocrx_word' id='word_1_101' title='bbox 1170 1863 1306 1928; x_wconf 74' lang='grc' dir='ltr'><strong><em>πλείονος</em></strong></span> <span class='ocrx_word' id='word_1_102' title='bbox 1324 1863 1384 1916; x_wconf 73' lang='grc' dir='ltr'><strong>ὀπι-</strong></span> 
     </span>
     <span class='ocr_line' id='line_1_14' title="bbox 294 1931 1385 2004; baseline -0.002 -13"><span class='ocrx_word' id='word_1_103' title='bbox 294 1943 385 1993; x_wconf 85' lang='lat' dir='ltr'><strong>animo</strong></span> <span class='ocrx_word' id='word_1_104' title='bbox 402 1941 483 2002; x_wconf 80' lang='lat' dir='ltr'><strong>agitat</strong></span> <span class='ocrx_word' id='word_1_105' title='bbox 499 1951 606 1989; x_wconf 84' lang='lat' dir='ltr'><strong>amores</strong></span> <span class='ocrx_word' id='word_1_106' title='bbox 623 1940 740 1999; x_wconf 77' lang='lat' dir='ltr'><strong>incestos,</strong></span> <span class='ocrx_word' id='word_1_107' title='bbox 761 1935 819 1988; x_wconf 79' lang='lat' dir='ltr'><strong>«vel</strong></span> <span class='ocrx_word' id='word_1_108' title='bbox 854 1937 984 2004; x_wconf 68' lang='grc' dir='ltr'><strong><em>μελεὶας,</em></strong></span> <span class='ocrx_word' id='word_1_109' title='bbox 1008 1932 1049 2001; x_wconf 78' lang='grc' dir='ltr'><strong>ὥς</strong></span> <span class='ocrx_word' id='word_1_110' title='bbox 1065 1931 1104 1987; x_wconf 74' lang='grc' dir='ltr'><strong><em>ἂν</em></strong></span> <span class='ocrx_word' id='word_1_111' title='bbox 1120 1931 1239 1989; x_wconf 72' lang='grc' dir='ltr'><strong><em>ἔνδοθεν</em></strong></span> <span class='ocrx_word' id='word_1_112' title='bbox 1255 1940 1327 2001; x_wconf 64' lang='grc' dir='ltr'><strong>καὶ,</strong></span> <span class='ocrx_word' id='word_1_113' title='bbox 1351 1934 1385 1990; x_wconf 80' lang='grc' dir='ltr'><strong>τὸ</strong></span> 
     </span>
     <span class='ocr_line' id='line_1_15' title="bbox 294 2007 1384 2081; baseline -0.003 -14"><span class='ocrx_word' id='word_1_114' title='bbox 294 2015 547 2080; x_wconf 76' lang='lat' dir='ltr'><strong>impudicissimos»,</strong></span> <span class='ocrx_word' id='word_1_115' title='bbox 558 2014 763 2077; x_wconf 79' lang='lat' dir='ltr'><strong>moronupteoet.</strong></span> <span class='ocrx_word' id='word_1_116' title='bbox 778 2012 819 2062; x_wconf 78' lang='lat' dir='ltr'><strong>nd</strong></span> <span class='ocrx_word' id='word_1_117' title='bbox 854 2009 890 2080; x_wconf 79' lang='grc' dir='ltr'><strong>δὴ</strong></span> <span class='ocrx_word' id='word_1_118' title='bbox 902 2009 1069 2081; x_wconf 75' lang='grc' dir='ltr'><strong><em>λεγόμενον,</em></strong></span> <span class='ocrx_word' id='word_1_119' title='bbox 1079 2009 1111 2078; x_wconf 78' lang='grc' dir='ltr'><strong>ἐξ</strong></span> <span class='ocrx_word' id='word_1_120' title='bbox 1119 2007 1236 2074; x_wconf 80' lang='grc' dir='ltr'><strong><em>ὀνύχων</em></strong></span> <span class='ocrx_word' id='word_1_121' title='bbox 1245 2007 1384 2078; x_wconf 70' lang='grc' dir='ltr'><strong><em>[ἁπαλῶν]</em></strong></span> 
     </span>
     <span class='ocr_line' id='line_1_16' title="bbox 292 2083 1382 2156; baseline 0.001 -17"><span class='ocrx_word' id='word_1_122' title='bbox 292 2091 372 2156; x_wconf 84' lang='lat' dir='ltr'><strong>parit.</strong></span> <span class='ocrx_word' id='word_1_123' title='bbox 391 2090 444 2138; x_wconf 83' lang='lat' dir='ltr'><strong>lom</strong></span> <span class='ocrx_word' id='word_1_124' title='bbox 460 2102 526 2138; x_wconf 72' lang='lat' dir='ltr'><strong>nmio</strong></span> <span class='ocrx_word' id='word_1_125' title='bbox 543 2087 590 2138; x_wconf 87' lang='lat' dir='ltr'><strong>olr.</strong></span> <span class='ocrx_word' id='word_1_126' title='bbox 605 2086 652 2138; x_wconf 91' lang='lat' dir='ltr'><strong>0d.</strong></span> <span class='ocrx_word' id='word_1_127' title='bbox 666 2088 696 2150; x_wconf 73' lang='lat'><strong>2,</strong></span> <span class='ocrx_word' id='word_1_128' title='bbox 717 2088 746 2150; x_wconf 91' lang='lat' dir='ltr'><strong>l,</strong></span> <span class='ocrx_word' id='word_1_129' title='bbox 764 2087 816 2148; x_wconf 72' lang='lat' dir='ltr'><strong>ll..</strong></span> <span class='ocrx_word' id='word_1_130' title='bbox 854 2083 1008 2156; x_wconf 77' lang='grc' dir='ltr'><strong>ἀγαπῶσαι</strong></span> <span class='ocrx_word' id='word_1_131' title='bbox 1024 2083 1175 2152; x_wconf 76' lang='grc' dir='ltr'><strong><em>τὰτέκνα,</em></strong></span> <span class='ocrx_word' id='word_1_132' title='bbox 1194 2088 1255 2152; x_wconf 88' lang='lat' dir='ltr'><strong>ubi,</strong></span> <span class='ocrx_word' id='word_1_133' title='bbox 1275 2103 1339 2140; x_wconf 88' lang='lat' dir='ltr'><strong>oum</strong></span> <span class='ocrx_word' id='word_1_134' title='bbox 1350 2089 1382 2140; x_wconf 87' lang='lat' dir='ltr'><strong>de</strong></span> 
     </span>
     <span class='ocr_line' id='line_1_17' title="bbox 295 2162 1383 2228; baseline 0 -14"><span class='ocrx_word' id='word_1_135' title='bbox 295 2166 323 2214; x_wconf 89' lang='lat' dir='ltr'><strong>et</strong></span> <span class='ocrx_word' id='word_1_136' title='bbox 339 2162 450 2226; x_wconf 89' lang='lat' dir='ltr'><strong>crebro,</strong></span> <span class='ocrx_word' id='word_1_137' title='bbox 469 2176 522 2214; x_wconf 90' lang='lat' dir='ltr'><strong>uon</strong></span> <span class='ocrx_word' id='word_1_138' title='bbox 540 2164 629 2213; x_wconf 89' lang='lat' dir='ltr'><strong>tamen</strong></span> <span class='ocrx_word' id='word_1_139' title='bbox 641 2175 758 2228; x_wconf 83' lang='lat' dir='ltr'><strong>semper,</strong></span> <span class='ocrx_word' id='word_1_140' title='bbox 772 2175 819 2226; x_wconf 92' lang='lat' dir='ltr'><strong>po-</strong></span> <span class='ocrx_word' id='word_1_141' title='bbox 854 2164 986 2216; x_wconf 83' lang='lat' dir='ltr'><strong>metribue</strong></span> <span class='ocrx_word' id='word_1_142' title='bbox 1002 2163 1145 2214; x_wconf 78' lang='lat' dir='ltr'><strong>manifesto</strong></span> <span class='ocrx_word' id='word_1_143' title='bbox 1162 2167 1265 2227; x_wconf 76' lang='lat' dir='ltr'><strong>agatur,</strong></span> <span class='ocrx_word' id='word_1_144' title='bbox 1284 2164 1383 2228; x_wconf 58' lang='lat' dir='ltr'><strong>fignifi-</strong></span> 
     </span>
     <span class='ocr_line' id='line_1_18' title="bbox 293 2236 1382 2303; baseline 0 -14"><span class='ocrx_word' id='word_1_145' title='bbox 293 2241 393 2289; x_wconf 89' lang='lat' dir='ltr'><strong>nuntur</strong></span> <span class='ocrx_word' id='word_1_146' title='bbox 401 2237 589 2303; x_wconf 81' lang='lat' dir='ltr'><strong>propositionis</strong></span> <span class='ocrx_word' id='word_1_147' title='bbox 600 2238 687 2298; x_wconf 87' lang='lat' dir='ltr'><strong>initio,</strong></span> <span class='ocrx_word' id='word_1_148' title='bbox 704 2239 734 2286; x_wconf 90' lang='lat' dir='ltr'><strong>ul</strong></span> <span class='ocrx_word' id='word_1_149' title='bbox 745 2236 816 2301; x_wconf 90' lang='lat' dir='ltr'><strong>apud</strong></span> <span class='ocrx_word' id='word_1_150' title='bbox 854 2240 898 2289; x_wconf 86' lang='lat' dir='ltr'><strong>cat</strong></span> <span class='ocrx_word' id='word_1_151' title='bbox 923 2239 1070 2303; x_wconf 73' lang='lat' dir='ltr'><strong>«penitae»</strong></span> <span class='ocrx_word' id='word_1_152' title='bbox 1118 2239 1185 2289; x_wconf 90' lang='lat' dir='ltr'><strong>item</strong></span> <span class='ocrx_word' id='word_1_153' title='bbox 1213 2237 1382 2290; x_wconf 76' lang='lat' dir='ltr'><strong>Automedon</strong></span> 
     </span>
     <span class='ocr_line' id='line_1_19' title="bbox 292 2306 1382 2378; baseline -0.001 -15"><span class='ocrx_word' id='word_1_154' title='bbox 292 2313 375 2364; x_wconf 88' lang='lat' dir='ltr'><strong>Pleut.</strong></span> <span class='ocrx_word' id='word_1_155' title='bbox 403 2311 454 2362; x_wconf 86' lang='lat' dir='ltr'><strong>llll.</strong></span> <span class='ocrx_word' id='word_1_156' title='bbox 481 2311 546 2376; x_wconf 80' lang='lat' dir='ltr'><strong>glor.</strong></span> <span class='ocrx_word' id='word_1_157' title='bbox 571 2313 600 2372; x_wconf 78' lang='lat'><strong>2,</strong></span> <span class='ocrx_word' id='word_1_158' title='bbox 618 2313 648 2372; x_wconf 89' lang='grc'><strong>6,</strong></span> <span class='ocrx_word' id='word_1_159' title='bbox 668 2311 732 2362; x_wconf 84' lang='lat' dir='ltr'><strong>l03:</strong></span> <span class='ocrx_word' id='word_1_160' title='bbox 762 2313 818 2362; x_wconf 87' lang='lat' dir='ltr'><strong>lom</strong></span> <span class='ocrx_word' id='word_1_161' title='bbox 853 2314 933 2364; x_wconf 74' lang='lat' dir='ltr'><strong>Anile.</strong></span> <span class='ocrx_word' id='word_1_162' title='bbox 961 2311 1014 2363; x_wconf 84' lang='lat' dir='ltr'><strong>Pal.</strong></span> <span class='ocrx_word' id='word_1_163' title='bbox 1040 2313 1061 2362; x_wconf 92' lang='lat'><strong>1.</strong></span> <span class='ocrx_word' id='word_1_164' title='bbox 1088 2325 1115 2376; x_wconf 89' lang='lat' dir='ltr'><strong>p.</strong></span> <span class='ocrx_word' id='word_1_165' title='bbox 1143 2312 1208 2362; x_wconf 82' lang='lat' dir='ltr'><strong>llll:</strong></span> <span class='ocrx_word' id='word_1_166' title='bbox 1239 2307 1302 2378; x_wconf 75' lang='grc' dir='ltr'><strong><em>Τὴν</em></strong></span> <span class='ocrx_word' id='word_1_167' title='bbox 1325 2306 1382 2364; x_wconf 74' lang='grc' dir='ltr'><strong>ἀπὸ</strong></span> 
     </span>
     <span class='ocr_line' id='line_1_20' title="bbox 291 2380 1383 2458; baseline 0.002 -22"><span class='ocrx_word' id='word_1_168' title='bbox 291 2401 358 2436; x_wconf 81' lang='lat' dir='ltr'><strong>nuno</strong></span> <span class='ocrx_word' id='word_1_169' title='bbox 376 2389 438 2436; x_wconf 75' lang='lat' dir='ltr'><strong>ealle</strong></span> <span class='ocrx_word' id='word_1_170' title='bbox 454 2392 477 2437; x_wconf 84' lang='lat' dir='ltr'><strong>et</strong></span> <span class='ocrx_word' id='word_1_171' title='bbox 489 2387 729 2448; x_wconf 74' lang='lat' dir='ltr'><strong>pirenimr&#39;omernl</strong></span> <span class='ocrx_word' id='word_1_172' title='bbox 744 2387 815 2437; x_wconf 84' lang='lat' dir='ltr'><strong>moll.</strong></span> <span class='ocrx_word' id='word_1_173' title='bbox 854 2385 907 2453; x_wconf 84' lang='grc' dir='ltr'><strong>τῆς</strong></span> <span class='ocrx_word' id='word_1_174' title='bbox 921 2381 1016 2452; x_wconf 70' lang='grc' dir='ltr'><em>Ἀσίης</em></span> <span class='ocrx_word' id='word_1_175' title='bbox 1033 2380 1227 2458; x_wconf 77' lang='grc' dir='ltr'><strong><em>ὀρχηστρίδα,</em></strong></span> <span class='ocrx_word' id='word_1_176' title='bbox 1259 2384 1316 2452; x_wconf 79' lang='grc' dir='ltr'><strong><em>τὴν</em></strong></span> <span class='ocrx_word' id='word_1_177' title='bbox 1332 2403 1383 2438; x_wconf 76' lang='grc' dir='ltr'><strong>κα-</strong></span> 
     </span>
     <span class='ocr_line' id='line_1_21' title="bbox 292 2456 1384 2527; baseline 0.002 -17"><span class='ocrx_word' id='word_1_178' title='bbox 292 2461 391 2511; x_wconf 84' lang='lat' dir='ltr'><strong>Contra</strong></span> <span class='ocrx_word' id='word_1_179' title='bbox 408 2463 519 2525; x_wconf 87' lang='lat' dir='ltr'><strong>Propert</strong></span> <span class='ocrx_word' id='word_1_180' title='bbox 538 2460 568 2522; x_wconf 80' lang='lat' dir='ltr'><strong>l,</strong></span> <span class='ocrx_word' id='word_1_181' title='bbox 590 2462 637 2521; x_wconf 91' lang='lat' dir='ltr'><strong>ll,</strong></span> <span class='ocrx_word' id='word_1_182' title='bbox 654 2461 700 2511; x_wconf 79' lang='lat'><strong>93:</strong></span> <span class='ocrx_word' id='word_1_183' title='bbox 725 2463 818 2512; x_wconf 75' lang='lat' dir='ltr'><strong>Discite</strong></span> <span class='ocrx_word' id='word_1_184' title='bbox 854 2463 1004 2524; x_wconf 82' lang='grc' dir='ltr'><strong><em>κοτέχνοις</em></strong></span> <span class='ocrx_word' id='word_1_185' title='bbox 1028 2457 1183 2527; x_wconf 79' lang='grc' dir='ltr'><strong><em>Σχήμασιν</em></strong></span> <span class='ocrx_word' id='word_1_186' title='bbox 1208 2457 1240 2526; x_wconf 75' lang='grc' dir='ltr'><strong>ἐξ</strong></span> <span class='ocrx_word' id='word_1_187' title='bbox 1263 2456 1384 2514; x_wconf 77' lang='grc' dir='ltr'><strong><em>ἁπαλῶν</em></strong></span> 
     </span>
     <span class='ocr_line' id='line_1_22' title="bbox 291 2529 1380 2602; baseline 0.006 -17"><span class='ocrx_word' id='word_1_188' title='bbox 291 2541 425 2586; x_wconf 64' lang='lat' dir='ltr'><strong>venturam</strong></span> <span class='ocrx_word' id='word_1_189' title='bbox 441 2537 570 2586; x_wconf 74' lang='lat' dir='ltr'><strong>mmnmro</strong></span> <span class='ocrx_word' id='word_1_190' title='bbox 581 2537 671 2587; x_wconf 71' lang='grc' dir='ltr'><strong><em>ωνιλνο</em></strong></span> <span class='ocrx_word' id='word_1_191' title='bbox 684 2541 815 2586; x_wconf 74' lang='lat' dir='ltr'><strong>senectam.</strong></span> <span class='ocrx_word' id='word_1_192' title='bbox 854 2537 1010 2602; x_wconf 72' lang='grc' dir='ltr'><strong><em>κιννμένην</em></strong></span> <span class='ocrx_word' id='word_1_193' title='bbox 1027 2529 1141 2596; x_wconf 87' lang='grc' dir='ltr'><strong><em>ὀνύχων</em></strong></span> <span class='ocrx_word' id='word_1_194' title='bbox 1169 2538 1273 2601; x_wconf 74' lang='grc' dir='ltr'>(ιοιιίιιε</span> <span class='ocrx_word' id='word_1_195' title='bbox 1294 2541 1380 2590; x_wconf 83' lang='lat' dir='ltr'><strong>metue</strong></span> 
     </span>
     <span class='ocr_line' id='line_1_23' title="bbox 291 2607 1380 2676; baseline 0.003 -16"><span class='ocrx_word' id='word_1_196' title='bbox 291 2612 322 2660; x_wconf 89' lang='lat' dir='ltr'><strong>ln</strong></span> <span class='ocrx_word' id='word_1_197' title='bbox 352 2607 485 2660; x_wconf 77' lang='lat' dir='ltr'><strong>clausulae</strong></span> <span class='ocrx_word' id='word_1_198' title='bbox 514 2612 604 2660; x_wconf 87' lang='lat' dir='ltr'><strong>entem</strong></span> <span class='ocrx_word' id='word_1_199' title='bbox 632 2610 683 2660; x_wconf 85' lang='lat' dir='ltr'><strong>fine</strong></span> <span class='ocrx_word' id='word_1_200' title='bbox 713 2611 751 2675; x_wconf 87' lang='lat' dir='ltr'><strong>(ut</strong></span> <span class='ocrx_word' id='word_1_201' title='bbox 774 2611 817 2662; x_wconf 87' lang='lat' dir='ltr'><strong>hic</strong></span> <span class='ocrx_word' id='word_1_202' title='bbox 855 2610 1380 2676; x_wconf 77' lang='lat' dir='ltr'><strong>lascivivelutextenerisungulbusorti</strong></span> 
     </span>
     <span class='ocr_line' id='line_1_24' title="bbox 293 2682 1380 2750; baseline -0.001 -17"><span class='ocrx_word' id='word_1_203' title='bbox 293 2682 420 2735; x_wconf 80' lang='lat' dir='ltr'><strong>volebant</strong></span> <span class='ocrx_word' id='word_1_204' title='bbox 435 2684 560 2748; x_wconf 83' lang='lat' dir='ltr'><strong>nonnulli)</strong></span> <span class='ocrx_word' id='word_1_205' title='bbox 579 2685 667 2736; x_wconf 87' lang='lat' dir='ltr'><strong>locum</strong></span> <span class='ocrx_word' id='word_1_206' title='bbox 681 2699 817 2750; x_wconf 87' lang='lat' dir='ltr'><strong>nunquam</strong></span> <span class='ocrx_word' id='word_1_207' title='bbox 855 2690 941 2738; x_wconf 85' lang='lat' dir='ltr'><strong>totum</strong></span> <span class='ocrx_word' id='word_1_208' title='bbox 966 2699 1015 2750; x_wconf 90' lang='lat' dir='ltr'><strong>per</strong></span> <span class='ocrx_word' id='word_1_209' title='bbox 1037 2697 1135 2750; x_wconf 78' lang='lat' dir='ltr'><strong>corpus</strong></span> <span class='ocrx_word' id='word_1_210' title='bbox 1165 2687 1380 2750; x_wconf 55' lang='lat' dir='ltr'><strong>propagentur-„l</strong></span> 
     </span>
     <span class='ocr_line' id='line_1_25' title="bbox 292 2758 1382 2826; baseline 0.004 -18"><span class='ocrx_word' id='word_1_211' title='bbox 292 2758 383 2810; x_wconf 85' lang='lat' dir='ltr'><strong>habet.</strong></span> <span class='ocrx_word' id='word_1_212' title='bbox 404 2758 456 2810; x_wconf 88' lang='lat' dir='ltr'><strong>Cir.</strong></span> <span class='ocrx_word' id='word_1_213' title='bbox 471 2759 546 2811; x_wconf 86' lang='lat' dir='ltr'><strong>Hand</strong></span> <span class='ocrx_word' id='word_1_214' title='bbox 558 2761 632 2812; x_wconf 79' lang='lat' dir='ltr'><strong>Ture.</strong></span> <span class='ocrx_word' id='word_1_215' title='bbox 653 2761 694 2811; x_wconf 90' lang='lat' dir='ltr'><strong>ill.</strong></span> <span class='ocrx_word' id='word_1_216' title='bbox 714 2775 741 2826; x_wconf 92' lang='lat' dir='ltr'><strong>p.</strong></span> <span class='ocrx_word' id='word_1_217' title='bbox 759 2761 816 2811; x_wconf 79' lang='grc'><strong>453.</strong></span> <span class='ocrx_word' id='word_1_218' title='bbox 855 2761 955 2812; x_wconf 80' lang='grc' dir='ltr'><strong><em>Αἰνέω.</em></strong></span> <span class='ocrx_word' id='word_1_219' title='bbox 974 2759 1056 2811; x_wconf 86' lang='lat' dir='ltr'><strong>Plaut.</strong></span> <span class='ocrx_word' id='word_1_220' title='bbox 1068 2760 1148 2812; x_wconf 81' lang='lat' dir='ltr'><strong>Stich.</strong></span> <span class='ocrx_word' id='word_1_221' title='bbox 1168 2762 1199 2822; x_wconf 84' lang='lat' dir='ltr'><strong>ll,</strong></span> <span class='ocrx_word' id='word_1_222' title='bbox 1218 2762 1249 2821; x_wconf 83' lang='lat' dir='ltr'><strong>e,</strong></span> <span class='ocrx_word' id='word_1_223' title='bbox 1269 2762 1319 2812; x_wconf 73' lang='lat'><strong>⁴9:</strong></span> <span class='ocrx_word' id='word_1_224' title='bbox 1337 2763 1382 2812; x_wconf 79' lang='lat' dir='ltr'><strong>to-</strong></span> 
     </span>
    </p>

    <p class='ocr_par' dir='ltr' id='par_1_6' title="bbox 291 2833 1384 3270">
     <span class='ocr_line' id='line_1_26' title="bbox 323 2833 1383 2900; baseline 0.002 -16"><span class='ocrx_word' id='word_1_225' title='bbox 323 2833 365 2885; x_wconf 80' lang='lat' dir='ltr'><strong>at.</strong></span> <span class='ocrx_word' id='word_1_226' title='bbox 384 2835 423 2884; x_wconf 84' lang='lat' dir='ltr'><strong>De</strong></span> <span class='ocrx_word' id='word_1_227' title='bbox 433 2836 635 2900; x_wconf 77' lang='lat' dir='ltr'><strong>tenero-unpm]</strong></span> <span class='ocrx_word' id='word_1_228' title='bbox 654 2837 818 2887; x_wconf 86' lang='lat' dir='ltr'><strong>Greeoorum</strong></span> <span class='ocrx_word' id='word_1_229' title='bbox 851 2837 941 2899; x_wconf 80' lang='lat' dir='ltr'><strong>pidem</strong></span> <span class='ocrx_word' id='word_1_230' title='bbox 957 2839 981 2885; x_wconf 84' lang='lat' dir='ltr'><strong>et</strong></span> <span class='ocrx_word' id='word_1_231' title='bbox 997 2847 1100 2885; x_wconf 77' lang='lat' dir='ltr'><strong>eoooem</strong></span> <span class='ocrx_word' id='word_1_232' title='bbox 1116 2835 1258 2886; x_wconf 81' lang='lat' dir='ltr'><strong>contionem</strong></span> <span class='ocrx_word' id='word_1_233' title='bbox 1270 2835 1383 2899; x_wconf 71' lang='lat' dir='ltr'><strong>oliorum</strong></span> 
     </span>
     <span class='ocr_line' id='line_1_27' title="bbox 291 2901 1383 2974; baseline 0.001 -14"><span class='ocrx_word' id='word_1_234' title='bbox 291 2904 323 2973; x_wconf 79' lang='grc' dir='ltr'><strong>ἐξ</strong></span> <span class='ocrx_word' id='word_1_235' title='bbox 347 2901 466 2960; x_wconf 81' lang='grc' dir='ltr'><strong><em>ἁπαλῶν</em></strong></span> <span class='ocrx_word' id='word_1_236' title='bbox 492 2903 614 2971; x_wconf 78' lang='grc' dir='ltr'><strong><em>ὀνύχων.</em></strong></span> <span class='ocrx_word' id='word_1_237' title='bbox 660 2913 717 2963; x_wconf 84' lang='lat' dir='ltr'><strong>lem</strong></span> <span class='ocrx_word' id='word_1_238' title='bbox 741 2910 818 2962; x_wconf 83' lang='lat' dir='ltr'><strong>solita</strong></span> <span class='ocrx_word' id='word_1_239' title='bbox 855 2911 960 2973; x_wconf 75' lang='lat' dir='ltr'><strong>occipito</strong></span> <span class='ocrx_word' id='word_1_240' title='bbox 985 2909 1158 2971; x_wconf 63' lang='lat' dir='ltr'><strong>emmone,</strong></span> <span class='ocrx_word' id='word_1_241' title='bbox 1189 2909 1235 2960; x_wconf 84' lang='lat' dir='ltr'><strong>Uti</strong></span> <span class='ocrx_word' id='word_1_242' title='bbox 1246 2911 1383 2974; x_wconf 73' lang='lat' dir='ltr'><strong>perpruri-</strong></span> 
     </span>
     <span class='ocr_line' id='line_1_28' title="bbox 292 2985 1384 3051; baseline 0.003 -18"><span class='ocrx_word' id='word_1_243' title='bbox 292 2985 335 3034; x_wconf 88' lang='lat' dir='ltr'><strong>est</strong></span> <span class='ocrx_word' id='word_1_244' title='bbox 351 2985 550 3049; x_wconf 74' lang='lat' dir='ltr'><strong>interpretatio:</strong></span> <span class='ocrx_word' id='word_1_245' title='bbox 580 2986 656 3038; x_wconf 70' lang='lat' dir='ltr'><strong>«inde</strong></span> <span class='ocrx_word' id='word_1_246' title='bbox 674 3001 688 3036; x_wconf 85' lang='lat' dir='ltr'><strong>a</strong></span> <span class='ocrx_word' id='word_1_247' title='bbox 707 2985 818 3051; x_wconf 80' lang='lat' dir='ltr'><strong>puellari</strong></span> <span class='ocrx_word' id='word_1_248' title='bbox 855 2999 956 3036; x_wconf 74' lang='lat' dir='ltr'><strong>reamur</strong></span> <span class='ocrx_word' id='word_1_249' title='bbox 971 2997 1050 3046; x_wconf 74' lang='lat' dir='ltr'><strong>repre</strong></span> <span class='ocrx_word' id='word_1_250' title='bbox 1066 2997 1099 3034; x_wconf 76' lang='lat' dir='ltr'><strong>ee</strong></span> <span class='ocrx_word' id='word_1_251' title='bbox 1115 2985 1276 3048; x_wconf 73' lang='lat' dir='ltr'><strong>unprticnlie,</strong></span> <span class='ocrx_word' id='word_1_252' title='bbox 1304 2997 1384 3050; x_wconf 88' lang='lat' dir='ltr'><strong>quem</strong></span> 
     </span>
     <span class='ocr_line' id='line_1_29' title="bbox 292 3057 1382 3124; baseline 0 -16"><span class='ocrx_word' id='word_1_253' title='bbox 292 3059 392 3119; x_wconf 73' lang='lat' dir='ltr'><strong>aetate,</strong></span> <span class='ocrx_word' id='word_1_254' title='bbox 411 3059 524 3123; x_wconf 84' lang='lat' dir='ltr'><strong>aprima</strong></span> <span class='ocrx_word' id='word_1_255' title='bbox 535 3060 745 3117; x_wconf 64' lang='lat' dir='ltr'><strong>adolescentiae:</strong></span> <span class='ocrx_word' id='word_1_256' title='bbox 764 3073 818 3123; x_wconf 74' lang='lat' dir='ltr'><strong>(lue</strong></span> <span class='ocrx_word' id='word_1_257' title='bbox 855 3059 945 3112; x_wconf 84' lang='lat' dir='ltr'><strong>locum</strong></span> <span class='ocrx_word' id='word_1_258' title='bbox 968 3059 1101 3124; x_wconf 80' lang='lat' dir='ltr'><strong>expressit</strong></span> <span class='ocrx_word' id='word_1_259' title='bbox 1123 3057 1251 3124; x_wconf 74' lang='lat' dir='ltr'><strong>apuleius</strong></span> <span class='ocrx_word' id='word_1_260' title='bbox 1277 3061 1340 3112; x_wconf 84' lang='lat' dir='ltr'><strong>liet.</strong></span> <span class='ocrx_word' id='word_1_261' title='bbox 1357 3071 1382 3124; x_wconf 89' lang='lat' dir='ltr'><strong>p.</strong></span> 
     </span>
     <span class='ocr_line' id='line_1_30' title="bbox 292 3129 1382 3198; baseline 0.001 -15"><span class='ocrx_word' id='word_1_262' title='bbox 292 3132 403 3195; x_wconf 85' lang='lat' dir='ltr'><strong>quidem</strong></span> <span class='ocrx_word' id='word_1_263' title='bbox 428 3135 537 3198; x_wconf 80' lang='lat' dir='ltr'><strong>recepte</strong></span> <span class='ocrx_word' id='word_1_264' title='bbox 563 3148 616 3186; x_wconf 91' lang='lat' dir='ltr'><strong>non</strong></span> <span class='ocrx_word' id='word_1_265' title='bbox 641 3139 732 3186; x_wconf 86' lang='lat' dir='ltr'><strong>tamen</strong></span> <span class='ocrx_word' id='word_1_266' title='bbox 760 3135 817 3186; x_wconf 82' lang='lat' dir='ltr'><strong>sine</strong></span> <span class='ocrx_word' id='word_1_267' title='bbox 855 3135 913 3186; x_wconf 80' lang='lat'><strong>938.</strong></span> <span class='ocrx_word' id='word_1_268' title='bbox 940 3135 987 3195; x_wconf 70' lang='lat' dir='ltr'><strong>lt,</strong></span> <span class='ocrx_word' id='word_1_269' title='bbox 1018 3132 1064 3183; x_wconf 89' lang='lat' dir='ltr'><strong>uhi</strong></span> <span class='ocrx_word' id='word_1_270' title='bbox 1090 3131 1308 3186; x_wconf 81' lang='lat' dir='ltr'><strong>Hildebrendue:</strong></span> <span class='ocrx_word' id='word_1_271' title='bbox 1340 3129 1382 3196; x_wconf 77' lang='grc' dir='ltr'><strong>«ἐξ</strong></span> 
     </span>
     <span class='ocr_line' id='line_1_31' title="bbox 292 3203 1382 3270; baseline 0.003 -12"><span class='ocrx_word' id='word_1_272' title='bbox 292 3221 373 3258; x_wconf 82' lang='lat' dir='ltr'><strong>eausa</strong></span> <span class='ocrx_word' id='word_1_273' title='bbox 396 3209 423 3259; x_wconf 89' lang='lat' dir='ltr'><strong>in</strong></span> <span class='ocrx_word' id='word_1_274' title='bbox 444 3211 499 3259; x_wconf 89' lang='lat' dir='ltr'><strong>toto</strong></span> <span class='ocrx_word' id='word_1_275' title='bbox 521 3207 580 3260; x_wconf 86' lang='lat' dir='ltr'><strong>loco</strong></span> <span class='ocrx_word' id='word_1_276' title='bbox 602 3209 689 3262; x_wconf 80' lang='lat' dir='ltr'><strong>haesit</strong></span> <span class='ocrx_word' id='word_1_277' title='bbox 706 3209 818 3261; x_wconf 83' lang='lat' dir='ltr'><strong>Hofman</strong></span> <span class='ocrx_word' id='word_1_278' title='bbox 856 3203 971 3269; x_wconf 89' lang='grc' dir='ltr'><strong><em>ὀνύχων</em></strong></span> <span class='ocrx_word' id='word_1_279' title='bbox 987 3205 1100 3270; x_wconf 80' lang='grc' dir='ltr'><strong><em>φιλεῖν,</em></strong></span> <span class='ocrx_word' id='word_1_280' title='bbox 1123 3209 1222 3268; x_wconf 84' lang='lat' dir='ltr'><strong>idest,</strong></span> <span class='ocrx_word' id='word_1_281' title='bbox 1242 3211 1382 3261; x_wconf 74' lang='lat' dir='ltr'><strong>exindere</strong></span> 
     </span>
    </p>
   </div>
   <div class='ocr_carea' id='block_1_5' title="bbox 293 3281 1485 3350">
    <p class='ocr_par' dir='ltr' id='par_1_7' title="bbox 293 3281 1485 3350">
     <span class='ocr_line' id='line_1_32' title="bbox 293 3281 1485 3350; baseline 0.003 -16"><span class='ocrx_word' id='word_1_282' title='bbox 293 3281 465 3348; x_wconf 79' lang='lat' dir='ltr'><strong>Peerlkamp,</strong></span> <span class='ocrx_word' id='word_1_283' title='bbox 487 3286 609 3335; x_wconf 83' lang='lat' dir='ltr'><strong>ceterum</strong></span> <span class='ocrx_word' id='word_1_284' title='bbox 630 3287 698 3336; x_wconf 87' lang='lat' dir='ltr'><strong>mire</strong></span> <span class='ocrx_word' id='word_1_285' title='bbox 719 3297 820 3350; x_wconf 90' lang='lat' dir='ltr'><strong>propo-</strong></span> <span class='ocrx_word' id='word_1_286' title='bbox 856 3286 983 3349; x_wconf 88' lang='lat' dir='ltr'><strong>peetore,</strong></span> <span class='ocrx_word' id='word_1_287' title='bbox 1002 3283 1122 3348; x_wconf 78' lang='lat' dir='ltr'><strong>penitus,</strong></span> <span class='ocrx_word' id='word_1_288' title='bbox 1142 3281 1313 3344; x_wconf 85' lang='lat' dir='ltr'><strong>medullltos;</strong></span> <span class='ocrx_word' id='word_1_289' title='bbox 1341 3282 1382 3347; x_wconf 82' lang='lat' dir='ltr'><strong>qui</strong></span> <span class='ocrx_word' id='word_1_290' title='bbox 1484 3339 1485 3350; x_wconf 53' lang='lat'><strong>,</strong></span> 
     </span>
    </p>
   </div>
   <div class='ocr_carea' id='block_1_6' title="bbox 293 3357 1383 3498">
    <p class='ocr_par' dir='ltr' id='par_1_8' title="bbox 293 3357 1383 3498">
     <span class='ocr_line' id='line_1_33' title="bbox 295 3357 1382 3424; baseline 0.003 -18"><span class='ocrx_word' id='word_1_291' title='bbox 295 3370 362 3409; x_wconf 79' lang='lat' dir='ltr'><strong>nene</strong></span> <span class='ocrx_word' id='word_1_292' title='bbox 371 3371 396 3408; x_wconf 77' lang='lat' dir='ltr'><strong>v.</strong></span> <span class='ocrx_word' id='word_1_293' title='bbox 408 3359 453 3408; x_wconf 74' lang='lat' dir='ltr'><strong>ia:</strong></span> <span class='ocrx_word' id='word_1_294' title='bbox 463 3357 661 3424; x_wconf 78' lang='lat' dir='ltr'><strong>Amotreulrpo.</strong></span> <span class='ocrx_word' id='word_1_295' title='bbox 675 3359 818 3420; x_wconf 76' lang='lat' dir='ltr'><strong>«Matura»,</strong></span> <span class='ocrx_word' id='word_1_296' title='bbox 857 3359 929 3409; x_wconf 89' lang='lat' dir='ltr'><strong>enlm</strong></span> <span class='ocrx_word' id='word_1_297' title='bbox 947 3357 1112 3421; x_wconf 82' lang='lat' dir='ltr'><strong>expertibus</strong></span> <span class='ocrx_word' id='word_1_298' title='bbox 1124 3357 1247 3422; x_wconf 73' lang='lat' dir='ltr'><strong>corporis</strong></span> <span class='ocrx_word' id='word_1_299' title='bbox 1258 3357 1382 3409; x_wconf 74' lang='lat' dir='ltr'><strong>extreme</strong></span> 
     </span>
     <span class='ocr_line' id='line_1_34' title="bbox 293 3429 1383 3498; baseline 0.001 -16"><span class='ocrx_word' id='word_1_300' title='bbox 293 3433 386 3495; x_wconf 86' lang='lat' dir='ltr'><strong>inquil,</strong></span> <span class='ocrx_word' id='word_1_301' title='bbox 401 3431 696 3484; x_wconf 75' lang='lat' dir='ltr'><strong>«meleoonvenilcum</strong></span> <span class='ocrx_word' id='word_1_302' title='bbox 706 3447 821 3498; x_wconf 83' lang='lat' dir='ltr'><strong>sequeu-</strong></span> <span class='ocrx_word' id='word_1_303' title='bbox 856 3433 932 3497; x_wconf 82' lang='lat' dir='ltr'><strong>quael</strong></span> <span class='ocrx_word' id='word_1_304' title='bbox 949 3432 1044 3495; x_wconf 76' lang='lat' dir='ltr'><strong>llagrat</strong></span> <span class='ocrx_word' id='word_1_305' title='bbox 1060 3435 1088 3482; x_wconf 89' lang='lat' dir='ltr'><strong>et</strong></span> <span class='ocrx_word' id='word_1_306' title='bbox 1105 3429 1223 3494; x_wconf 79' lang='lat' dir='ltr'><strong>laseivit,</strong></span> <span class='ocrx_word' id='word_1_307' title='bbox 1250 3435 1308 3483; x_wconf 88' lang='lat' dir='ltr'><strong>toto</strong></span> <span class='ocrx_word' id='word_1_308' title='bbox 1325 3443 1383 3483; x_wconf 82' lang='lat' dir='ltr'><strong>eor·</strong></span> 
     </span>
    </p>
   </div>
   <div class='ocr_carea' id='block_1_7' title="bbox 293 3505 1484 3572">
    <p class='ocr_par' dir='ltr' id='par_1_9' title="bbox 293 3505 1484 3572">
     <span class='ocr_line' id='line_1_35' title="bbox 293 3505 1484 3572; baseline 0 -16"><span class='ocrx_word' id='word_1_309' title='bbox 293 3505 380 3566; x_wconf 81' lang='lat' dir='ltr'><strong>tibus,</strong></span> <span class='ocrx_word' id='word_1_310' title='bbox 417 3506 464 3556; x_wconf 83' lang='lat' dir='ltr'><strong>uhi</strong></span> <span class='ocrx_word' id='word_1_311' title='bbox 492 3507 589 3558; x_wconf 87' lang='lat' dir='ltr'><strong>eadem</strong></span> <span class='ocrx_word' id='word_1_312' title='bbox 617 3509 691 3572; x_wconf 75' lang='lat' dir='ltr'><strong>virgo</strong></span> <span class='ocrx_word' id='word_1_313' title='bbox 724 3508 821 3559; x_wconf 89' lang='lat' dir='ltr'><strong>dieitur</strong></span> <span class='ocrx_word' id='word_1_314' title='bbox 857 3519 922 3571; x_wconf 88' lang='lat' dir='ltr'><strong>pore</strong></span> <span class='ocrx_word' id='word_1_315' title='bbox 948 3507 1140 3571; x_wconf 79' lang='lat' dir='ltr'><strong>concupiscit.»</strong></span> <span class='ocrx_word' id='word_1_316' title='bbox 1174 3507 1230 3558; x_wconf 88' lang='lat' dir='ltr'><strong>Cio.</strong></span> <span class='ocrx_word' id='word_1_317' title='bbox 1258 3507 1295 3558; x_wconf 81' lang='lat' dir='ltr'><strong>ed</strong></span> <span class='ocrx_word' id='word_1_318' title='bbox 1312 3509 1379 3558; x_wconf 79' lang='lat' dir='ltr'><strong>Fam.</strong></span> <span class='ocrx_word' id='word_1_319' title='bbox 1483 3535 1484 3572; x_wconf 77' lang='lat'>3</span> 
     </span>
    </p>
   </div>
   <div class='ocr_carea' id='block_1_8' title="bbox 203 3578 1484 3643">
    <p class='ocr_par' dir='ltr' id='par_1_10' title="bbox 203 3578 1484 3643">
     <span class='ocr_line' id='line_1_36' title="bbox 203 3578 1484 3643; baseline -0.009 -10"><span class='ocrx_word' id='word_1_320' title='bbox 203 3585 208 3600; x_wconf 91' lang='lat'>&#39;</span> <span class='ocrx_word' id='word_1_321' title='bbox 294 3583 820 3634; x_wconf 82' lang='lat' dir='ltr'><strong>emoreeineeetosmediteridetenero</strong></span> <span class='ocrx_word' id='word_1_322' title='bbox 857 3581 963 3642; x_wconf 76' lang='lat' dir='ltr'><strong>l‚6‚2:</strong></span> <span class='ocrx_word' id='word_1_323' title='bbox 982 3578 1381 3643; x_wconf 71' lang='lat' dir='ltr'><strong>sedprnemouown,partniti</strong></span> <span class='ocrx_word' id='word_1_324' title='bbox 1483 3589 1484 3598; x_wconf 51' lang='lat'>¹</span> 
     </span>
    </p>
   </div>
   <div class='ocr_carea' id='block_1_9' title="bbox 294 3653 1381 3797">
    <p class='ocr_par' dir='ltr' id='par_1_11' title="bbox 294 3653 1381 3797">
     <span class='ocr_line' id='line_1_37' title="bbox 294 3653 1380 3720; baseline 0.003 -16"><span class='ocrx_word' id='word_1_325' title='bbox 294 3655 400 3718; x_wconf 69' lang='lat' dir='ltr'><strong>unani.»</strong></span> <span class='ocrx_word' id='word_1_326' title='bbox 438 3655 490 3707; x_wconf 87' lang='lat' dir='ltr'><strong>Sed</strong></span> <span class='ocrx_word' id='word_1_327' title='bbox 516 3670 613 3708; x_wconf 84' lang='lat' dir='ltr'><strong>novem</strong></span> <span class='ocrx_word' id='word_1_328' title='bbox 629 3659 762 3710; x_wconf 78' lang='lat' dir='ltr'><strong>rationem</strong></span> <span class='ocrx_word' id='word_1_329' title='bbox 779 3660 821 3710; x_wconf 91' lang='lat' dir='ltr'><strong>in·</strong></span> <span class='ocrx_word' id='word_1_330' title='bbox 858 3669 876 3706; x_wconf 85' lang='lat' dir='ltr'><strong>a</strong></span> <span class='ocrx_word' id='word_1_331' title='bbox 892 3655 993 3717; x_wconf 72' lang='lat' dir='ltr'><strong>oneris,</strong></span> <span class='ocrx_word' id='word_1_332' title='bbox 1011 3659 1040 3705; x_wconf 81' lang='lat' dir='ltr'><strong>ot</strong></span> <span class='ocrx_word' id='word_1_333' title='bbox 1056 3655 1148 3706; x_wconf 76' lang='lat' dir='ltr'><strong>Graeci</strong></span> <span class='ocrx_word' id='word_1_334' title='bbox 1164 3655 1263 3716; x_wconf 71' lang='grc' dir='ltr'><strong><em>ύλνιωύ,</em></strong></span> <span class='ocrx_word' id='word_1_335' title='bbox 1290 3653 1380 3720; x_wconf 61' lang='grc' dir='ltr'><strong><em>πηχύ-</em></strong></span> 
     </span>
     <span class='ocr_line' id='line_1_38' title="bbox 294 3729 1381 3797; baseline 0.001 -18"><span class='ocrx_word' id='word_1_336' title='bbox 294 3729 402 3792; x_wconf 79' lang='lat' dir='ltr'><strong>geniose</strong></span> <span class='ocrx_word' id='word_1_337' title='bbox 420 3732 448 3779; x_wconf 92' lang='lat' dir='ltr'><strong>et</strong></span> <span class='ocrx_word' id='word_1_338' title='bbox 464 3730 542 3781; x_wconf 87' lang='lat' dir='ltr'><strong>docte</strong></span> <span class='ocrx_word' id='word_1_339' title='bbox 554 3744 641 3796; x_wconf 88' lang='lat' dir='ltr'><strong>nuper</strong></span> <span class='ocrx_word' id='word_1_340' title='bbox 655 3733 823 3797; x_wconf 75' lang='lat' dir='ltr'><strong>investigarit</strong></span> <span class='ocrx_word' id='word_1_341' title='bbox 857 3730 920 3782; x_wconf 72' lang='lat' dir='ltr'><strong>nelis</strong></span> <span class='ocrx_word' id='word_1_342' title='bbox 945 3743 970 3780; x_wconf 77' lang='lat' dir='ltr'><strong>ee</strong></span> <span class='ocrx_word' id='word_1_343' title='bbox 994 3731 1125 3794; x_wconf 73' lang='grc' dir='ltr'><strong><em>ωρνίιω,</em></strong></span> <span class='ocrx_word' id='word_1_344' title='bbox 1153 3729 1304 3790; x_wconf 77' lang='lat' dir='ltr'><strong>«intime»,</strong></span> <span class='ocrx_word' id='word_1_345' title='bbox 1333 3739 1381 3780; x_wconf 85' lang='lat' dir='ltr'><strong>non</strong></span> 
     </span>
    </p>
   </div>
   <div class='ocr_carea' id='block_1_10' title="bbox 294 3804 1483 3869">
    <p class='ocr_par' dir='ltr' id='par_1_12' title="bbox 294 3804 1483 3869">
     <span class='ocr_line' id='line_1_39' title="bbox 294 3804 1483 3869; baseline 0.001 -14"><span class='ocrx_word' id='word_1_346' title='bbox 294 3805 382 3865; x_wconf 78' lang='lat' dir='ltr'><strong>Unger</strong></span> <span class='ocrx_word' id='word_1_347' title='bbox 398 3804 429 3854; x_wconf 88' lang='lat' dir='ltr'><strong>V.</strong></span> <span class='ocrx_word' id='word_1_348' title='bbox 448 3805 476 3855; x_wconf 87' lang='lat' dir='ltr'><strong>ll.</strong></span> <span class='ocrx_word' id='word_1_349' title='bbox 495 3817 521 3869; x_wconf 90' lang='lat' dir='ltr'><strong>p.</strong></span> <span class='ocrx_word' id='word_1_350' title='bbox 541 3805 618 3866; x_wconf 73' lang='lat' dir='ltr'><strong>iol,</strong></span> <span class='ocrx_word' id='word_1_351' title='bbox 636 3819 719 3869; x_wconf 87' lang='lat' dir='ltr'><strong>quem</strong></span> <span class='ocrx_word' id='word_1_352' title='bbox 735 3806 823 3858; x_wconf 88' lang='lat' dir='ltr'><strong>brevi·</strong></span> <span class='ocrx_word' id='word_1_353' title='bbox 860 3804 937 3856; x_wconf 80' lang='lat' dir='ltr'><strong>«inde</strong></span> <span class='ocrx_word' id='word_1_354' title='bbox 954 3817 970 3854; x_wconf 85' lang='lat' dir='ltr'><strong>a</strong></span> <span class='ocrx_word' id='word_1_355' title='bbox 987 3805 1072 3868; x_wconf 86' lang='lat' dir='ltr'><strong>prima</strong></span> <span class='ocrx_word' id='word_1_356' title='bbox 1089 3805 1233 3869; x_wconf 65' lang='lat' dir='ltr'><strong>pueritiam</strong></span> <span class='ocrx_word' id='word_1_357' title='bbox 1262 3817 1313 3868; x_wconf 93' lang='lat' dir='ltr'><strong>pro</strong></span> <span class='ocrx_word' id='word_1_358' title='bbox 1332 3813 1380 3866; x_wconf 73' lang='lat' dir='ltr'><strong>qne</strong></span> <span class='ocrx_word' id='word_1_359' title='bbox 1482 3813 1483 3838; x_wconf 61' lang='lat' dir='ltr'><strong>i</strong></span> 
     </span>
    </p>
   </div>
   <div class='ocr_carea' id='block_1_11' title="bbox 295 3873 1382 4018">
    <p class='ocr_par' dir='ltr' id='par_1_13' title="bbox 295 3873 1382 4018">
     <span class='ocr_line' id='line_1_40' title="bbox 295 3873 1382 3945; baseline -0.002 -17"><span class='ocrx_word' id='word_1_360' title='bbox 295 3877 396 3928; x_wconf 83' lang='lat' dir='ltr'><strong>tortile</strong></span> <span class='ocrx_word' id='word_1_361' title='bbox 414 3891 555 3942; x_wconf 78' lang='lat' dir='ltr'><strong>exponam.</strong></span> <span class='ocrx_word' id='word_1_362' title='bbox 590 3879 695 3931; x_wconf 85' lang='lat' dir='ltr'><strong>Seilieet</strong></span> <span class='ocrx_word' id='word_1_363' title='bbox 711 3876 824 3945; x_wconf 79' lang='grc' dir='ltr'><strong><em>ἐξόνύ-</em></strong></span> <span class='ocrx_word' id='word_1_364' title='bbox 858 3883 948 3932; x_wconf 81' lang='lat' dir='ltr'><strong>tamen</strong></span> <span class='ocrx_word' id='word_1_365' title='bbox 973 3879 1165 3944; x_wconf 76' lang='lat' dir='ltr'><strong>significatione</strong></span> <span class='ocrx_word' id='word_1_366' title='bbox 1191 3881 1280 3944; x_wconf 71' lang='lat' dir='ltr'><strong>linger</strong></span> <span class='ocrx_word' id='word_1_367' title='bbox 1301 3873 1382 3928; x_wconf 72' lang='lat' dir='ltr'><strong>attuit</strong></span> 
     </span>
     <span class='ocr_line' id='line_1_41' title="bbox 296 3947 1379 4018; baseline 0.004 -18"><span class='ocrx_word' id='word_1_368' title='bbox 296 3965 357 4014; x_wconf 86' lang='grc' dir='ltr'><strong>χων</strong></span> <span class='ocrx_word' id='word_1_369' title='bbox 383 3954 410 4002; x_wconf 89' lang='lat' dir='ltr'><strong>el</strong></span> <span class='ocrx_word' id='word_1_370' title='bbox 434 3948 465 4017; x_wconf 83' lang='grc' dir='ltr'><strong>ἐξ</strong></span> <span class='ocrx_word' id='word_1_371' title='bbox 489 3948 610 4004; x_wconf 77' lang='grc' dir='ltr'><strong><em>ἁπαλῶν</em></strong></span> <span class='ocrx_word' id='word_1_372' title='bbox 638 3947 753 4016; x_wconf 86' lang='grc' dir='ltr'><strong><em>ὀνύχων</em></strong></span> <span class='ocrx_word' id='word_1_373' title='bbox 780 3959 823 4008; x_wconf 86' lang='lat' dir='ltr'><strong>eei</strong></span> <span class='ocrx_word' id='word_1_374' title='bbox 859 3956 984 4007; x_wconf 77' lang='lat' dir='ltr'><strong>laurent.</strong></span> <span class='ocrx_word' id='word_1_375' title='bbox 1004 3954 1071 4017; x_wconf 79' lang='lat' dir='ltr'><strong>Lyd.</strong></span> <span class='ocrx_word' id='word_1_376' title='bbox 1090 3953 1124 4004; x_wconf 85' lang='lat' dir='ltr'><strong>de</strong></span> <span class='ocrx_word' id='word_1_377' title='bbox 1142 3955 1227 4018; x_wconf 73' lang='lat' dir='ltr'><strong>llegg.</strong></span> <span class='ocrx_word' id='word_1_378' title='bbox 1245 3955 1278 4014; x_wconf 73' lang='lat'><strong>2,</strong></span> <span class='ocrx_word' id='word_1_379' title='bbox 1298 3954 1338 4004; x_wconf 75' lang='lat'><strong>26.</strong></span> <span class='ocrx_word' id='word_1_380' title='bbox 1354 3963 1379 4015; x_wconf 85' lang='lat' dir='ltr'><strong>p.</strong></span> 
     </span>
    </p>
   </div>
   <div class='ocr_carea' id='block_1_12' title="bbox 297 4023 1482 4094">
    <p class='ocr_par' dir='ltr' id='par_1_14' title="bbox 297 4023 1482 4094">
     <span class='ocr_line' id='line_1_42' title="bbox 297 4023 1482 4094; baseline 0.003 -20"><span class='ocrx_word' id='word_1_381' title='bbox 297 4026 449 4092; x_wconf 79' lang='lat' dir='ltr'><strong>«penitus»,</strong></span> <span class='ocrx_word' id='word_1_382' title='bbox 475 4031 505 4078; x_wconf 92' lang='lat' dir='ltr'><strong>ut</strong></span> <span class='ocrx_word' id='word_1_383' title='bbox 521 4041 570 4080; x_wconf 81' lang='lat' dir='ltr'><strong>noe</strong></span> <span class='ocrx_word' id='word_1_384' title='bbox 587 4029 753 4090; x_wconf 77' lang='lat' dir='ltr'><strong>diceremus,</strong></span> <span class='ocrx_word' id='word_1_385' title='bbox 773 4045 822 4082; x_wconf 80' lang='lat' dir='ltr'><strong>«ex</strong></span> <span class='ocrx_word' id='word_1_386' title='bbox 859 4029 924 4080; x_wconf 74' lang='lat'><strong>⁴38:</strong></span> <span class='ocrx_word' id='word_1_387' title='bbox 941 4023 1011 4091; x_wconf 81' lang='grc' dir='ltr'><strong><em>τούς</em></strong></span> <span class='ocrx_word' id='word_1_388' title='bbox 1027 4025 1059 4079; x_wconf 74' lang='lat' dir='ltr'><strong>ol</strong></span> <span class='ocrx_word' id='word_1_389' title='bbox 1069 4024 1181 4094; x_wconf 77' lang='grc' dir='ltr'><strong><em>νόμους</em></strong></span> <span class='ocrx_word' id='word_1_390' title='bbox 1191 4023 1288 4092; x_wconf 78' lang='grc' dir='ltr'><strong><em>ελόιύς,</em></strong></span> <span class='ocrx_word' id='word_1_391' title='bbox 1308 4023 1380 4094; x_wconf 66' lang='grc' dir='ltr'><strong>αἴπερ</strong></span> <span class='ocrx_word' id='word_1_392' title='bbox 1481 4051 1482 4062; x_wconf 47' lang='lat' dir='ltr'><strong>r</strong></span> 
     </span>
    </p>
   </div>
   <div class='ocr_carea' id='block_1_13' title="bbox 295 4093 1380 4250">
    <p class='ocr_par' dir='ltr' id='par_1_15' title="bbox 295 4093 1380 4250">
     <span class='ocr_line' id='line_1_43' title="bbox 296 4093 1380 4168; baseline 0 -14"><span class='ocrx_word' id='word_1_393' title='bbox 296 4102 396 4154; x_wconf 80' lang='lat' dir='ltr'><strong>intimis</strong></span> <span class='ocrx_word' id='word_1_394' title='bbox 414 4103 532 4164; x_wconf 74' lang='lat' dir='ltr'><strong>nervia»,</strong></span> <span class='ocrx_word' id='word_1_395' title='bbox 551 4105 581 4153; x_wconf 90' lang='lat' dir='ltr'><strong>ul</strong></span> <span class='ocrx_word' id='word_1_396' title='bbox 597 4103 680 4154; x_wconf 85' lang='lat' dir='ltr'><strong>Latini</strong></span> <span class='ocrx_word' id='word_1_397' title='bbox 697 4103 760 4155; x_wconf 85' lang='lat' dir='ltr'><strong>alibi</strong></span> <span class='ocrx_word' id='word_1_398' title='bbox 781 4105 823 4156; x_wconf 91' lang='lat' dir='ltr'><strong>di·</strong></span> <span class='ocrx_word' id='word_1_399' title='bbox 858 4119 902 4167; x_wconf 77' lang='grc' dir='ltr'><strong>τις</strong></span> <span class='ocrx_word' id='word_1_400' title='bbox 918 4093 1025 4166; x_wconf 77' lang='grc' dir='ltr'><strong><em>ἄλλος,</em></strong></span> <span class='ocrx_word' id='word_1_401' title='bbox 1044 4097 1130 4168; x_wconf 57' lang='lat' dir='ltr'><strong>elge}</strong></span> <span class='ocrx_word' id='word_1_402' title='bbox 1141 4097 1263 4154; x_wconf 65' lang='grc' dir='ltr'><strong><em>ἀναλῶν</em></strong></span> <span class='ocrx_word' id='word_1_403' title='bbox 1273 4097 1380 4162; x_wconf 58' lang='grc' dir='ltr'><strong><em>ὀνύχων</em></strong></span> 
     </span>
     <span class='ocr_line' id='line_1_44' title="bbox 295 4173 1379 4250; baseline 0.001 -23"><span class='ocrx_word' id='word_1_404' title='bbox 295 4179 404 4239; x_wconf 86' lang='lat' dir='ltr'><strong>xerunt,</strong></span> <span class='ocrx_word' id='word_1_405' title='bbox 434 4189 483 4228; x_wconf 73' lang='lat' dir='ltr'><strong>«ex</strong></span> <span class='ocrx_word' id='word_1_406' title='bbox 508 4177 567 4229; x_wconf 82' lang='lat' dir='ltr'><strong>lmie</strong></span> <span class='ocrx_word' id='word_1_407' title='bbox 590 4175 740 4230; x_wconf 74' lang='lat' dir='ltr'><strong>medullis.»</strong></span> <span class='ocrx_word' id='word_1_408' title='bbox 769 4180 823 4230; x_wconf 90' lang='lat' dir='ltr'><strong>Cur</strong></span> <span class='ocrx_word' id='word_1_409' title='bbox 859 4173 1012 4250; x_wconf 74' lang='grc' dir='ltr'><strong><em>ἐνετράφη.</em></strong></span> <span class='ocrx_word' id='word_1_410' title='bbox 1031 4173 1379 4243; x_wconf 75' lang='lat' dir='ltr'><strong>aliateetimoniaproprlo·</strong></span> 
     </span>
    </p>
   </div>
   <div class='ocr_carea' id='block_1_14' title="bbox 183 4251 1233 4318">
    <p class='ocr_par' dir='ltr' id='par_1_16' title="bbox 183 4251 1233 4318">
     <span class='ocr_line' id='line_1_45' title="bbox 183 4251 1233 4318; baseline 0.002 -18"><span class='ocrx_word' id='word_1_411' title='bbox 183 4309 187 4318; x_wconf 31' lang='lat'><strong><em>¹</em></strong></span> <span class='ocrx_word' id='word_1_412' title='bbox 296 4251 387 4302; x_wconf 90' lang='lat' dir='ltr'><strong>autem</strong></span> <span class='ocrx_word' id='word_1_413' title='bbox 422 4252 530 4303; x_wconf 78' lang='lat' dir='ltr'><strong>intimuit</strong></span> <span class='ocrx_word' id='word_1_414' title='bbox 557 4264 655 4305; x_wconf 77' lang='lat' dir='ltr'><strong>aeneus</strong></span> <span class='ocrx_word' id='word_1_415' title='bbox 682 4251 824 4318; x_wconf 67' lang='grc' dir='ltr'><strong>ωριύριιλι</strong></span> <span class='ocrx_word' id='word_1_416' title='bbox 860 4267 890 4304; x_wconf 92' lang='lat' dir='ltr'><strong>re</strong></span> <span class='ocrx_word' id='word_1_417' title='bbox 907 4252 950 4304; x_wconf 87' lang='lat' dir='ltr'><strong>llla</strong></span> <span class='ocrx_word' id='word_1_418' title='bbox 967 4251 1029 4302; x_wconf 84' lang='lat' dir='ltr'><strong>vide</strong></span> <span class='ocrx_word' id='word_1_419' title='bbox 1046 4251 1118 4317; x_wconf 79' lang='lat' dir='ltr'><strong>apud</strong></span> <span class='ocrx_word' id='word_1_420' title='bbox 1135 4252 1233 4316; x_wconf 78' lang='lat' dir='ltr'><strong>ipsum.</strong></span> 
     </span>
    </p>
   </div>
   <div class='ocr_carea' id='block_1_15' title="bbox 297 4291 1481 4393">
    <p class='ocr_par' dir='ltr' id='par_1_17' title="bbox 297 4291 1481 4393">
     <span class='ocr_line' id='line_1_46' title="bbox 297 4291 1481 4393; baseline 0.003 -19"><span class='ocrx_word' id='word_1_421' title='bbox 297 4323 377 4376; x_wconf 80' lang='lat' dir='ltr'><strong>auur</strong></span> <span class='ocrx_word' id='word_1_422' title='bbox 394 4324 749 4393; x_wconf 72' lang='lat' dir='ltr'><strong>perueneapernrounxe,</strong></span> <span class='ocrx_word' id='word_1_423' title='bbox 764 4326 820 4377; x_wconf 80' lang='lat' dir='ltr'><strong>ue</strong></span> <span class='ocrx_word' id='word_1_424' title='bbox 893 4329 934 4378; x_wconf 81' lang='lat' dir='ltr'><strong>ae.</strong></span> <span class='ocrx_word' id='word_1_425' title='bbox 955 4327 997 4378; x_wconf 82' lang='lat' dir='ltr'><strong>m.</strong></span> <span class='ocrx_word' id='word_1_426' title='bbox 1015 4327 1079 4378; x_wconf 77' lang='grc' dir='ltr'><strong>ιιω</strong></span> <span class='ocrx_word' id='word_1_427' title='bbox 1092 4327 1203 4379; x_wconf 75' lang='lat' dir='ltr'><strong>enum</strong></span> <span class='ocrx_word' id='word_1_428' title='bbox 1213 4325 1276 4390; x_wconf 74' lang='lat' dir='ltr'><strong>eea]</strong></span> <span class='ocrx_word' id='word_1_429' title='bbox 1296 4324 1377 4373; x_wconf 73' lang='lat' dir='ltr'><strong>«uun</strong></span> <span class='ocrx_word' id='word_1_430' title='bbox 1480 4291 1481 4302; x_wconf 38' lang='lat'>¹</span> 
     </span>
    </p>
   </div>
   <div class='ocr_carea' id='block_1_16' title="bbox 0 0 1500 4978">
    <p class='ocr_par' dir='ltr' id='par_1_18' title="bbox 0 0 1500 4978">
     <span class='ocr_line' id='line_1_47' title="bbox 0 0 1500 4978; baseline 0 0"><span class='ocrx_word' id='word_1_431' title='bbox 0 0 1500 4978; x_wconf 95' lang='lat' dir='ltr'><strong> </strong></span> 
     </span>
    </p>
   </div>
  </div>
 </body>
</html>
