2986 4974
697 406 825 456 llOllA'l'll
843 406 1012 458 clamauit

652 839 1049 901 cmm

478 1010 507 1074 Ο
530 1010 653 1083 Venus,
676 1008 789 1094 regina
812 1006 904 1074 Cnidi
926 1005 1111 1094 Paphique,

478 1131 602 1215 Sperne
625 1127 776 1194 dilectam
802 1129 949 1216 Cypron,
973 1139 1006 1194 et
1026 1129 1171 1195 vocantis

374 1327 449 1378 XXX.
485 1329 567 1378 inscr.
590 1326 659 1391 vulg.
680 1329 707 1377 et
723 1328 774 1377 S'l':
802 1327 839 1377 Ad
863 1327 985 1377 Venerato.
1012 1353 1039 1361 -
1063 1326 1086 1376 4.
1107 1327 1182 1376 (loidi
1204 1325 1311 1386 bsrdt.
1333 1355 1358 1363 -

341 1403 366 1452 4.
386 1401 494 1464 0444444444
511 1415 646 1466 superscr.
665 1415 684 1452 υ
700 1403 728 1452 B.

330 1579 406 1630 XXX.
419 1578 548 1642 Glycerae
558 1579 671 1641 amicae,
680 1579 778 1630 Veneri
787 1580 834 1630 do-
871 1581 1004 1630 Venerem
1015 1578 1173 1640 Mediceam,
1191 1581 1261 1630 inter
1270 1577 1391 1642 4444444444-

312 1653 348 1702 uri
357 1666 421 1704 suae
431 1653 636 1721 supplicaturae,
650 1667 746 1718 pacem
755 1655 832 1704 divae
870 1655 938 1703 rima
964 1653 1031 1704 deae
1058 1652 1199 1704 simulacra
1221 1652 1391 1704 memoranda

310 1729 444 1790 precatur.
472 1721 832 1795 Ε44ᾀσμιίτιονκλητικόν,
870 1729 932 1779 sunt
953 1727 1070 1778 lielense
1092 1731 1119 1778 et
1136 1729 1305 1792 Campanum
1325 1725 1392 1791 apud

308 1802 351 1850 cui
369 1804 525 1864 comparant
541 1803 714 1853 Anacreontis
728 1803 831 1864 Fragm.
871 1801 1001 1864 llillingen
1016 1802 1078 1851 Aac.
1100 1803 1169 1852 Μοιι
1193 1803 1225 1852 ll.
1249 1801 1278 1862 4,
1304 1803 1334 1862 a,
1360 1799 1391 1860 4.)

307 1874 332 1962 4.
362 1875 456 1935 Bergk
486 1875 521 1924 ad
548 1877 696 1925 Bacchum:
728 1867 900 1939 Ωναξμ-
873 1876 1052 1939 -Poputqoq
1074 1875 1169 1938 Odyss.
1187 1875 1223 1936 49,
1241 1875 1304 1926 3644
1326 1870 1392 1924 ‘Hc

308 1937 332 2015 ᾦ
358 1944 491 2013 δαμάλης
508 1943 600 2018 Ερως
628 1949 685 2000 Καὶ
711 1945 834 2014 Νύμφαι
868 1943 929 2036 ἄρα
953 1946 1070 2035 Κύπρον
1096 1948 1176 2000 ἵκανε
1203 1943 1393 2016 φιλομμειδὴς

309 2018 486 2084 κυανώπιδες
506 2021 665 2094 Πορφυρέη
686 2025 709 2073 π
731 2018 835 2095 Ἀφρο-
868 2018 1018 2095 Ἀφροδίτη
1043 2017 1090 2086 lig
1116 2020 1240 2085 Πάφον·
1270 2017 1344 2074 ἔνθα
1366 2021 1394 2072 δι’
1478 2064 1479 2074 ,

311 2093 375 2162 dlv]
398 2095 623 2161 Συμπαίζουσιν·
643 2097 835 2186 ἐπιστρέφεαι
872 2100 903 2149 ol
935 2101 1053 2164 τέμενος
1087 2095 1188 2164 βωμός
1223 2113 1253 2148 re
1285 2095 1392 2164 θυήεις
1478 2119 1479 2156 3

310 2168 333 2220 d
346 2165 741 2262 Τψηλῶνκορυφὰςόρέων·
760 2175 835 2226 Γου-
871 2173 956 2224 Alcm.
971 2175 1010 2224 Pr.
1025 2175 1065 2225 40.
1076 2175 1173 2238 Bergk:
1193 2170 1395 2262 Κύπρονίμιρ-

310 2243 418 2312 υοῠμαί
443 2260 490 2297 σε·
513 2243 550 2298 οὐ
572 2245 595 2297 δ’
616 2243 739 2314 εὐμενὴς
754 2241 834 2299 ’Eia'
871 2263 924 2299 ταν
935 2246 1063 2299 λιπουσιι
1076 2249 1127 2300 καὶ
1140 2245 1250 2310 Πάφον
1267 2243 1395 2320 περιρρό-

310 2315 394 2385 ἡμῖν,
413 2321 673 2410 κεχαρισμένης44’
695 2317 835 2388 Εὐχωλῆς
871 2339 934 2375 ταν.
953 2324 1023 2387 Virg.
1043 2325 1108 2374 den.
1128 2325 1156 2383 4,
1175 2323 1237 2374 itt:
1259 2324 1320 2386 Ipsa
1338 2323 1394 2386 (Ve-

309 2391 476 2446 ἐπακούειν·
495 2393 667 2484 Κλευβούλιρ
684 2394 706 2446 δ’
722 2391 835 2463 ἀγαθὸς
872 2399 930 2462 nus)
952 2399 1064 2460 Paphum
1086 2397 1197 2448 4444444444
1213 2398 1266 2448 obit
1284 2400 1395 2460 aedesque

310 2467 395 2536 γενοῦ
407 2467 606 2559 Σύμβουλος
635 2468 687 2522 τὸν
715 2468 786 2537 ἐμὸν
813 2470 835 2522 d
871 2473 956 2522 4444444
974 2475 1053 2524 taeta
1069 2485 1136 2522 moa.
1161 2474 1200 2523 De
1218 2471 1291 2523 cultu
1309 2475 1395 2522 autem

310 2537 399 2614 ἔρωτ’,
407 2535 589 2608 ὯΔεύνυσε,
602 2545 749 2607 δέχεσθαι.
762 2549 837 2599 Eius·
871 2547 983 2597 Veneris
994 2546 1109 2611 Paphiae
1122 2545 1231 2597 conside
1240 2547 1324 2598 Taciti
1334 2547 1394 2598 illst.

310 2619 374 2669 dem
391 2622 497 2683 generis
514 2622 561 2671 luit
578 2623 700 2686 Sapphus
715 2636 833 2685 carmen,
871 2625 902 2684 4,
920 2623 945 2672 4.

311 2694 386 2743 cuiue
409 2697 533 2759 superest
555 2695 715 2747 versiculus:
739 2691 779 2746 ”H
801 2712 835 2746 σε
905 2698 929 2747 4.
949 2697 1052 2760 sponte]
1071 2699 1100 2746 ut
1117 2694 1165 2745 0d.
1185 2695 1208 2756 4,
1229 2695 1273 2756 49,
1293 2695 1323 2744 94
1353 2695 1394 2744 Vo-

311 2765 426 2838 Κύπρος
452 2761 473 2832 ἢ
496 2765 602 2832 Πάφος
625 2763 645 2835 ἢ
667 2765 833 2840 Πάνορμος.
871 2785 919 2820 nats
929 2771 1039 2832 Cyprum
1050 2771 1166 2820 4444444444.
1180 2769 1329 2834 -θυρνοιι]
1342 2767 1395 2818 44444-

309 2843 413 2904 Fragm.
432 2844 457 2892 7.
476 2844 569 2907 Bergk.
592 2873 618 2880 —
639 2846 770 2896 «Carmen
787 2859 836 2910 per
872 2846 911 2895 lua
935 2845 976 2894 cui
997 2845 1120 2906 praecutit
1144 2856 1206 2892 uros
1232 2844 1317 2893 Undae
1342 2843 1395 2893 diuo
1479 2907 1480 2910 Ἴ

309 2930 393 2968 annos
410 2919 458 2967 740
476 2921 503 2968 44
521 2919 576 2968 430.
594 2921 772 2984 compositum
785 2924 834 2972 est.
872 2933 968 2970 mentor
983 2919 1101 2981 Paphius.
1119 2921 1217 2969 Lucan.
1236 2918 1267 2978 8,
1287 2917 1346 2968 456.
1479 2951 1480 2954 ,

310 2991 442 3055 siquidem
458 2992 570 3054 Glycera
582 2994 679 3046 eadem
691 2997 740 3055 est,
761 2997 836 3045 cuius
906 2995 930 3043 3.
952 2993 1038 3058 liure]
1058 2994 1105 3045 4444
1118 2990 1264 3057 plurimum
1275 2991 1310 3042 de
1324 2993 1397 3043 4444444
1479 3023 1480 3026 =

310 3079 340 3116 se
358 3078 450 3116 amore
467 3081 626 3131 percussum
639 3083 699 3119 esse
713 3069 776 3118 dicit
787 3069 834 3119 0d.
874 3071 902 3118 et
913 3066 1023 3118 lloribus
1033 3068 1059 3117 ei
1070 3065 1297 3118 sacrificabatur.»
1307 3067 1396 3117 Senot.

311 3142 339 3200 4,
359 3141 403 3201 49,
422 3143 447 3191 t.
467 3145 495 3192 et
511 3143 540 3205 3,
566 3144 597 3193 49
617 3147 684 3194 extr.
709 3144 838 3194 kirchuer
874 3142 1031 3193 Aristaenet.
1050 3143 1075 3200 4,
1095 3142 1139 3191 li:
1165 3137 1285 3204 τιμᾶται
1298 3133 1398 3211 Ἆφρο-

311 3214 393 3264 444444
421 3215 455 3265 ad
483 3228 507 3266 4.
535 3217 614 3267 434.»
644 3219 752 3268 Pmoun.
790 3219 836 3281 (De
874 3214 938 3282 δίτη
956 3211 1105 3280 λιβανωτῷ
1124 3215 1174 3265 καί
1190 3215 1318 3277 θυσίαις.

310 3293 421 3353 poeticis
438 3292 479 3343 his
497 3292 634 3344 amoribus
646 3297 765 3344 nostram
777 3307 839 3346 sen·
908 3291 931 3342 4.
947 3290 1072 3354 Transfer]
1086 3291 1138 3340 qu
1147 3303 1180 3340 ex
1191 3288 1260 3350 loco,
1274 3288 1321 3340 ubi
1332 3301 1398 3339 nunc

313 3365 424 3414 tentiam
442 3367 495 3415 iam
512 3367 599 3428 nosti.)
876 3365 1001 3425 moraris,
1021 3363 1112 3414 confer
1127 3367 1155 3414 te
1172 3366 1241 3414 cet.»
1262 3391 1289 3401 -
1307 3361 1397 3426 44444444]

346 3438 369 3486 4Ι
390 3439 490 3500 Cnidus,
509 3439 583 3491 urbis
595 3439 700 3492 Doridis
712 3443 738 3492 in
750 3443 837 3502 Caria,
876 3439 997 3503 Plerique
1013 3440 1223 3503 interpretantur
1239 3438 1273 3488 de
1285 3439 1399 3490 sacrario

314 3511 360 3562 ubi
378 3511 516 3564 colebatur
532 3515 621 3564 Venus
635 3528 650 3564 4
662 3513 792 3565 Praxitele
804 3515 839 3566 ad
875 3512 974 3577 (equod
981 3513 1223 3563 etiaminaediilcio
1230 3514 1337 3577 privato
1344 3524 1398 3564 4444

313 3587 433 3648 Phrynes
460 3588 597 3653 exemplar
620 3588 731 3653 sculpta.
771 3594 840 3641 Pau·
876 3587 1142 3652 potestatiumve.)
1155 3588 1211 3638 sive
1226 3584 1332 3637 larario.
1352 3583 1398 3636 Sed

313 3673 370 3710 san.
395 3662 447 3711 mi.
479 3665 508 3723 4,
539 3664 568 3724 4,
598 3663 629 3713 34
660 3662 771 3715 Κνίδιοι
797 3680 840 3715 τι·
876 3663 974 3727 partim
985 3662 1063 3713 huius
1072 3661 1400 3726 condicionispuellaemi·

312 3731 407 3799 μῶσιν
421 3729 590 3807 Αφροόίτην
600 3735 737 3802 μαλιστα
764 3739 840 3790 Cnidi
877 3751 928 3789 44444
943 3736 1203 3788 convenirevidetur
1212 3739 1400 3802 propriumse·

313 3811 403 3860 autem
422 3813 490 3861 testo
509 3813 681 3873 Pausaniai,
702 3815 724 3874 4,
744 3813 768 3865 4
790 3815 840 3864 tria
878 3813 1007 3863 crarium:
1018 3811 1136 3862 habebat
1145 3812 1257 3862 44444444
1267 3814 1297 3862 ut
1305 3811 1399 3881 ἑταίρα

314 3887 391 3934 erant
412 3884 539 3945 delubra,
563 3879 730 3972 Ἀφροδίτης
750 3887 841 3958 Δωρί·
878 3887 947 3936 iuter
964 3885 1013 3936 alla
1031 3885 1142 3946 ludicra,
1161 3885 1259 3949 quibus
1276 3886 1399 3937 telettum

313 3954 400 4018 τιδος,
416 3951 554 4030 Ἀκραίας,
574 3954 729 4024 Εὐπλοίοις.
751 3963 841 4013 Venus
879 3963 920 4011 est
937 3961 1059 4012 lluseum
1076 3959 1333 4012 illudBorbouicum
1345 3970 1399 4008 444·-

314 4031 424 4092 Cnidia,
465 4032 671 4085 illustrissimum
706 4035 841 4086 Praxitelis
879 4048 996 4086 canum»
1005 4073 1010 4096 ‚
1041 4034 1155 4099 sigillum
1183 4037 1264 4086 etiam
1292 4033 1398 4086 veneris

314 4117 396 4168 opus,
424 4107 620 4170 quadamtenus
646 4122 774 4173 expressa
801 4111 842 4160 est
879 4122 1004 4170 aereum,
1023 4110 1174 4162 cuiusmodi
1191 4108 1273 4174 sigilla
1290 4110 1398 4161 deorum

296 4180 340 4227 ·in
370 4180 528 4231 ΚΝΙΔΙΩΝ
554 4183 679 4234 nummis.
725 4185 842 4244 (Praeter
879 4187 959 4235 etiam
972 4185 1117 4250 apudnos,
1135 4185 1322 4246 Vindonissae,
1335 4183 1399 4232 vito

314 4253 393 4306 huius
405 4255 644 4309 celebmtissimam
656 4259 838 4319 imitationem,
879 4259 947 4320 duri,
961 4261 1094 4324 Augustae
1104 4261 1296 4319 Rauracorum,
1311 4253 1398 4322 sionei
