3014 4978
471 491 529 540 tiit.
549 493 590 540 lll.
627 493 655 540 C.
675 492 761 541 XXlV.

193 647 332 714 Haerere
355 645 514 732 ingenuus
536 667 619 734 puer

231 768 411 855 Venerique
434 767 536 844 timet,
561 767 674 834 ludere
698 769 836 844 doctior,

192 927 254 992 Seu
277 925 401 994 Graeco
424 925 536 993 iubeas
559 928 670 994 trocho

232 1051 296 1117 Seu
319 1049 411 1117 malis
433 1050 529 1118 vetita
552 1049 677 1136 legibus
701 1050 785 1126 alea,

192 1173 270 1238 Cum
291 1173 424 1260 periura
446 1172 546 1260 patris
569 1170 650 1238 fides

229 1295 418 1362 Consortem
440 1293 564 1360 socium
585 1291 670 1359 lallat
692 1302 724 1359 et
746 1293 904 1380 hospitem

190 1452 388 1542 indignoque
410 1451 582 1539 pecunia'm

228 1573 348 1682 Herodi
371 1583 533 1661 properet.
578 1571 707 1640 Scilicet
729 1573 896 1660 improbae

170 1744 208 1794 te.
230 1745 325 1806 petam
345 1743 373 1792 Τ.
395 1769 422 1778 -
441 1742 482 1792 60.
502 1742 645 1792 Οωιεονιοηι
664 1747 687 1794 ct
706 1744 800 1794 sociem
823 1743 941 1796 malebat
957 1744 1099 1816 Bentplus.
1128 1775 1154 1784 -

140 1819 238 1881 lomim
247 1821 275 1878 Τ,
295 1829 391 1869 omnes
402 1815 533 1878 blandin,
545 1815 595 1884 βγι
607 1830 685 1867 «curn
697 1816 786 1870 multis
798 1817 880 1869 aliis.»
893 1821 1002 1884 Recepit
1012 1819 1154 1872 Bentlelus.

112 1973 170 2026 soit,
188 1969 416 2030 erectaerecta
433 1981 461 2018 eo
478 1980 553 2018 roceo
565 1981 627 2030 poa·
665 1979 717 2031 que
743 1967 843 2019 fraudis
866 1981 965 2031 genere
982 1971 1091 2020 utamur
1108 1971 1189 2023 etiam

112 2045 153 2104 et,
170 2044 292 2112 odadrori
303 2043 450 2094 solebamus.
476 2041 550 2093 ovid.
564 2043 625 2092 liet.
664 2041 794 2094 adversus
804 2043 927 2107 proprios
940 2044 1055 2094 socios.»
1078 2071 1105 2081 —
1127 2059 1191 2108 por-

112 2113 138 2176 i,
161 2117 207 2168 26:
233 2119 322 2181 pondo
346 2132 397 2168 ooo
420 2117 520 2182 sortiter
543 2117 629 2167 liceret
662 2117 724 2166 loro
737 2117 810 2180 fides]
841 2118 962 2180 «periura
979 2117 1063 2178 iacta,
1094 2119 1190 2170 crebro

112 2191 185 2241 cetto
203 2192 255 2243 Cir.
269 2191 456 2255 Dillenburger
465 2206 493 2256 p.
507 2191 547 2242 33.
663 2192 781 2255 periurio
792 2189 916 2250 violata»,
935 2193 966 2240 ut
976 2191 1024 2241 Od.
1039 2193 1050 2241 l
1063 2229 1069 2252 ,
1083 2192 1128 2253 48,
1142 2193 1188 2243 to:

139 2266 175 2316 tr.
201 2267 240 2317 58.
270 2267 479 2332 Sem-trocho]
510 2265 626 2316 «Contm
663 2266 805 2327 Amovitque
828 2267 890 2330 pictae
913 2265 1031 2329 prodigo.
1074 2267 1189 2329 (Dictum

112 2341 201 2403 optime
217 2344 342 2394 versatus
364 2344 406 2392 est
421 2342 448 2390 in
466 2343 567 2391 Graeco
584 2338 627 2390 illo
665 2343 706 2391 est
722 2343 814 2392 autem
830 2336 906 2390 κατὰ
923 2337 1084 2414 πρόληψιν·
1108 2355 1190 2394 «cum

111 2415 187 2466 trochi
202 2415 292 2467 ludo.»
329 2417 452 2477 Trochus,
470 2417 528 2465 rota
539 2414 627 2466 terrea
664 2416 732 2468 tides
749 2418 823 2481 priua
841 2417 945 2468 sincera
967 2418 1075 2481 periura
1096 2419 1191 2482 postea

111 2501 165 2540 cum
188 2491 272 2544 anulis
299 2490 506 2557 crepitantibus,
545 2503 628 2554 quam
665 2492 828 2556 recteest»)

111 2564 177 2614 radio
201 2555 224 2616 d.
249 2569 326 2630 virga
352 2567 438 2617 terrea
459 2567 627 2628 circumage·
697 2567 737 2617 60.
769 2566 912 2617 Cooortcm
935 2567 1041 2632 roomo]
1076 2565 1103 2617 id
1132 2569 1187 2630 est,

112 2636 175 2690 bant.
209 2639 321 2692 Martial.
342 2640 386 2702 ll,
408 2641 471 2690 tao:
502 2641 628 2692 Garrulus
665 2641 760 2692 «sortis
771 2641 1045 2703 sociumsllter'lltobcr
1057 2641 1191 2694 mallono·

111 2711 213 2764 ialoco
236 2729 283 2766 cor
307 2715 400 2765 molor
422 2715 480 2766 orbe
495 2715 628 2779 vogatio?
663 2716 867 2780 tuopccopitolr.»
902 2715 970 2766 Alibi
995 2729 1060 2766 sane
1087 2729 1189 2766 cooaorr

111 2785 177 2837 Cedat
191 2789 330 2854 moratae
346 2789 420 2840 oboio
436 2788 511 2839 torto
527 2791 626 2841 trochia.
665 2789 834 2852 distinguitur
850 2802 866 2838 a
882 2791 957 2839 accio.
988 2791 1042 2840 Cic.
1060 2790 1134 2840 Bnrt.
1156 2791 1186 2838 t:

112 2887 135 2895 -
155 2861 247 2913 Gracco
272 2865 366 2916 autem
392 2865 566 2928 contemptim
592 2863 626 2914 de
664 2865 758 2913 socimn
778 2869 802 2913 ct
817 2869 956 2914 consortem
971 2864 1074 2928 gloriosi
1096 2863 1190 2914 loboris

110 2945 176 2986 more
191 2939 343 3003 peregrino.
373 2935 628 3009 Κρικηλασίαννο-
664 2938 807 2987 ωηίεονωη.
843 2937 896 2988 sed
920 2939 970 2987 tria
995 2938 1022 2986 h.
1045 2936 1062 2987 l.
1089 2950 1189 3000 genera

109 3008 309 3075 schoenida-aeci,
324 3013 400 3063 cuius
412 3014 556 3076 imaginem
563 3013 625 3062 vide
664 3014 795 3073 statuere,
813 3017 966 3074 consorton,
979 3011 1138 3077 participem
1150 3015 1189 3063 to-

109 3082 296 3139 inWiuolrelm.
310 3088 380 3137 Mon.
398 3087 463 3137 ined.
482 3087 507 3139 i.
525 3101 552 3151 p.
566 3087 623 3137 257.
664 3089 716 3137 tius
738 3087 889 3152 patrimonii
909 3099 961 3136 non
982 3087 1052 3138 iuter
1070 3086 1188 3150 singulos

109 3155 217 3222 luppiter
237 3165 265 3212 et
281 3160 455 3224 Ganymedes
473 3162 566 3211 trocho
583 3160 626 3210 lu·
663 3160 731 3212 tilios
748 3160 847 3212 aliosve
860 3161 1010 3212 coheredes
1030 3160 1119 3222 divisi,
1138 3161 1188 3211 sed

109 3229 194 3285 denes
218 3236 247 3285 in
271 3237 360 3287 Mosco
377 3235 482 3299 (ἕταρον.
510 3237 538 3285 Τ.
558 3236 623 3286 xlv.
661 3237 690 3286 in
721 3248 865 3286 commune
896 3235 1070 3286 administrati
1108 3235 1187 3299 (unda

110 3309 323 3374 -uetitolepibas
333 3309 398 3374 oca]
417 3311 546 3360 Licinium
557 3311 626 3361 Den-
662 3323 763 3360 consors
794 3311 875 3360 etiam
900 3323 949 3374 pro
974 3309 1054 3359 tratre
1080 3310 1188 3374 ponitur

108 3378 207 3434 doulam
231 3383 306 3449 lege,
337 3397 407 3450 quae
433 3387 475 3436 est
495 3384 530 3435 de
548 3383 623 3447 olea,
663 3385 719 3435 Tib.
749 3386 778 3446 2,
808 3385 838 3446 t,
867 3383 915 3435 tl:
952 3385 1054 3435 licerio
1081 3385 1188 3434 corcorti

108 3457 309 3510 condemnatum
332 3463 465 3511 memorat
488 3461 543 3511 Cic.
563 3462 626 3512 Phi·
664 3458 782 3524 (Romuli)
800 3473 850 3509 ooo
866 3457 1004 3509 habitando
1020 3459 1126 3523 licum),
1145 3473 1186 3509 eo-

107 3525 162 3594 lipp,
175 3534 204 3594 2,
218 3535 259 3596 23,
279 3535 321 3586 56.
340 3535 414 3586 Ovid.
428 3536 504 3586 Trist.
518 3537 546 3597 Ξ,
560 3535 623 3588 tat:
661 3535 728 3584 mom
750 3535 776 3584 in
799 3533 983 3597 negotiationis
1001 3533 1139 3584 dumtaxat
1161 3537 1188 3586 et

89 3602 164 3680 ,Smt
183 3609 240 3658 eliis
256 3610 382 3672 scriptae,
407 3610 495 3672 polhoc
511 3611 568 3660 oleo
584 3611 626 3660 tc-
661 3609 736 3660 lucro
754 3611 782 3659 et
798 3609 913 3669 damno,
933 3609 1041 3659 tertium
1056 3610 1184 3673 hospitem,
1225 3621 1227 3630 ¹

107 3677 181 3742 ditor,
193 3688 276 3734 cetea:
293 3683 361 3734 liceo
372 3689 407 3734 ert
423 3685 457 3734 od
467 3690 564 3735 nostrm
574 3699 625 3735 non
661 3686 749 3736 minus
765 3685 900 3748 poeticum
916 3685 1031 3734 videtur.

107 3749 152 3803 loto
172 3757 265 3808 emmor
285 3771 354 3808 ocos.
389 3758 419 3807 V.
439 3759 537 3810 olootor
556 3761 625 3810 inter
693 3759 1055 3824 tidhlrtdipooqcclutpote
1065 3757 1183 3810 aleatori.
1253 3789 1255 3796 =

107 3829 213 3881 maxima
232 3834 291 3883 erat
302 3831 454 3897 opprobria.
480 3835 534 3885 Cic.
548 3833 622 3886 Catil.
663 3861 691 3872 -
700 3835 993 3899 peccantem-properat]
1008 3847 1105 3898 nquam
1117 3835 1186 3886 citis-

107 3899 132 3960 ἲ,
157 3905 200 3966 ld,
226 3907 273 3956 23:
303 3907 332 3956 ln
352 3907 391 3956 his
409 3909 526 3972 propioris
542 3921 625 3958 caroea
660 3909 1187 3972 simeoonadot,coacervent-tmere

108 3974 468 4044 cocomecmnoaootom,
485 3984 625 4034 mnoesinr-
660 3985 714 4050 boc]
733 3985 844 4035 «nimiae
863 3985 944 4048 atque
955 3983 1044 4036 studio
1061 3983 1183 4046 improbo,

105 4051 160 4108 Μ
175 4053 343 4120 ϋπρυάὁοῦᾳω
357 4063 500 4109 corrector.
661 4058 801 4110 insatiabili
814 4061 841 4110 et
849 4059 1010 4119 avidissimo,
1023 4059 1116 4123 partae
1129 4071 1186 4108 cre·

135 4125 173 4176 dil.
202 4129 264 4179 Com
277 4131 395 4196 periuro]
426 4134 501 4183 «Nec
524 4133 623 4184 mirum
660 4135 783 4185 scantin
806 4135 1000 4192 immensomn;
1029 4132 1185 4195 neutonam

108 4209 163 4249 com
186 4205 277 4266 patres
302 4207 351 4271 ipsi
376 4206 509 4258 bonarum
526 4208 623 4258 artium
657 4221 736 4258 vero:
758 4207 876 4259 «scelere
895 4209 1032 4272 quaesitae
1049 4207 1131 4269 atque
1148 4206 1184 4255 ad

108 4279 224 4336 expertes
244 4283 411 4332 mercaturae
432 4283 510 4333 unice
528 4287 625 4334 vacent
659 4281 746 4334 scelus
764 4283 961 4346 instigaturae.»
980 4281 1053 4338 conl.
1067 4292 1137 4343 quae
1149 4279 1182 4330 de

108 4348 133 4395 ei
147 4355 273 4412 quaestus
293 4368 374 4407 causa
395 4358 517 4422 peiereut
540 4359 625 4408 omni·
658 4353 1181 4415 nocediadnotevimusadod.aeta

186 4441 348 4492 doninica.
365 4449 381 4492 l.
413 4461 451 4493 eo.
469 4459 546 4497 aaron
564 4449 598 4494 lll.
924 4461 926 4466 ’
957 4449 980 4492 34
