3002 4974
621 969 850 1077 unciani
865 961 1023 1063 uacci

520 1189 1136 1372 CARMINUM

677 1487 794 1554 LIBER
815 1485 988 1555 TERTIUS.

682 1801 1004 1904 maman

505 2020 568 2089 Odi
590 2022 760 2109 profanum
783 2021 896 2110 volgus
918 2032 950 2088 et
972 2042 1089 2102 arceo,

358 2205 377 2252 l.
399 2205 482 2254 lnacr.
500 2201 569 2266 volg.
587 2203 624 2251 Ad
640 2203 744 2252 claram
759 2203 887 2266 cirpinam
903 2208 926 2251 el
938 2216 1087 2265 warren,
1106 2205 1133 2252 et
1144 2203 1183 2254 sic
1195 2203 1239 2253 Bc.
1261 2229 1287 2240 -
1309 2205 1345 2256 Ad

325 2280 415 2328 claros
430 2279 559 2342 cirpiamn
575 2283 599 2327 et
611 2291 753 2340 puerorum
769 2279 802 2337 T,
830 2277 893 2328 item
911 2291 980 2327 corr.
999 2276 1026 2327 b.
1061 2305 1087 2314 -
1124 2277 1163 2327 Ad
1179 2277 1289 2328 indoctas
1306 2278 1342 2338 l),

323 2355 388 2404 item
407 2367 422 2402 c
439 2355 500 2418 post
516 2354 633 2418 priorem
651 2353 730 2404 inscr.
751 2380 779 2388 —
798 2353 856 2402 Om.
876 2352 901 2400 S.

323 2513 341 2562 1.
379 2479 490 2562 Rectum
518 2510 552 2560 de
581 2510 664 2562 rebus
691 2511 814 2560 humanis
852 2511 1134 2576 castigarepraecipua
1147 2510 1298 2576 aequalium
1317 2513 1373 2562 vitia
1484 2476 1485 2506 F

291 2585 418 2636 iudicium
443 2598 475 2636 ac
504 2587 653 2649 sapientem
678 2585 748 2634 vitae
774 2584 816 2634 iu·
852 2583 990 2648 ethoncs,
1004 2587 1303 2649 iuventutisimprimis,
1319 2599 1374 2638 mn-

290 2662 361 2724 gacis
383 2673 462 2710 usum
486 2658 658 2710 commendat
673 2661 751 2722 pocta
770 2671 815 2709 sc·
851 2673 896 2710 res
908 2659 1067 2712 confirmare
1079 2661 1190 2724 studet),
1210 2659 1263 2711 ncli
1275 2665 1371 2719 manen,

290 2749 343 2800 que
361 2735 448 2799 ipsum
470 2733 574 2785 felicem
592 2734 741 2799 praedicat,
770 2733 815 2796 qui
852 2737 882 2784 ut
901 2748 973 2785 nunc
993 2747 1052 2785 mos
1076 2736 1131 2795 est,
1161 2735 1300 2786 innescio
1324 2747 1373 2799 quc

290 2809 362 2874 quod
380 2807 493 2860 voluerit
508 2811 561 2859 iam
578 2808 691 2874 adeptus
708 2809 742 2858 sit
766 2821 815 2858 nc·
852 2808 929 2872 cyclo
955 2811 1013 2860 sive
1038 2823 1136 2860 arcanc
1162 2811 1231 2860 inter
1256 2823 1289 2860 aa
1307 2823 1373 2861 nexu

289 2897 342 2948 que
354 2882 422 2934 ultra
433 2883 579 2948 quidquam
593 2886 709 2949 appetat.
738 2883 815 2933 Prin-
852 2884 994 2935 statuendo
1015 2885 1094 2935 nimis
1115 2897 1147 2935 ac
1163 2897 1247 2950 praps
1266 2883 1372 2936 ridicule

219 2975 225 2984 ¹
289 2959 380 3024 cipalis
406 2961 448 3010 est
472 2955 573 3026 γνώμη
598 2973 624 3008 v.
643 2961 690 3009 θοι
721 2959 814 3009 «Desi-
851 2959 981 3022 argutam
1001 2959 1186 3010 huiuscemodi
1204 2961 1277 3010 anim
1294 2959 1373 3010 artili-

289 3034 367 3095 dera,
395 3035 467 3097 quod
492 3035 555 3086 satis
580 3035 646 3086 est.»
681 3035 738 3084 Non
756 3033 813 3084 sine
851 3035 892 3084 cia
909 3048 925 3082 a
941 3046 1007 3083 vera
1023 3035 1098 3098 poesi
1114 3047 1225 3098 prorsus
1242 3033 1373 3086 suntalie-

289 3121 370 3160 causa
391 3111 481 3158 autem
500 3109 652 3169 sententiis,
680 3121 748 3172 quas
765 3105 814 3158 ali·
851 3121 893 3159 aa.
918 3110 1087 3172 Quamquam
1099 3108 1372 3173 magisscbriealque

288 3184 393 3247 quoties
418 3185 471 3234 iam
494 3186 669 3245 tractaverat,
696 3182 814 3248 splendi-
851 3183 1037 3247 intelligentius
1065 3183 1092 3233 in
1121 3195 1181 3232 eam
1215 3185 1371 3234 sententiam

288 3256 429 3309 dissimum
446 3261 584 3322 praemisit
608 3257 760 3320 exordium,
785 3260 814 3309 ut
851 3259 994 3322 disputavit
1006 3256 1191 3321 Dillenburger
1201 3272 1228 3323 p.
1238 3259 1280 3309 ill.
1294 3269 1371 3324 quam

288 3334 373 3384 tatum
399 3345 508 3383 carmen
532 3332 611 3384 simul
637 3335 709 3383 esset
733 3330 814 3382 veluti
850 3334 964 3384 licnich.
988 3335 1116 3384 —Recte
1137 3333 1286 3398 Frankep.
1311 3331 1370 3383 iil:

287 3407 456 3470 prooemium
476 3405 536 3457 libri
552 3404 648 3472 μελῶν
665 3408 733 3458 tertii
750 3421 765 3456 a
784 3420 813 3457 sc
851 3409 1047 3468 «Quaerentern
1059 3421 1117 3470 me,
1137 3421 1191 3472 qno
1203 3409 1313 3459 tandem
1325 3409 1371 3458 lm-

288 3481 368 3542 aditi,
407 3495 513 3533 memor
538 3482 650 3534 sortasse
677 3483 813 3547 praecepti
850 3482 929 3546 pulsu
945 3482 1097 3534 Venusinus
1113 3483 1149 3533 ad
1166 3483 1234 3534 hacc
1257 3483 1371 3534 carmina

287 3556 417 3606 Pindarici
441 3557 545 3621 olymp.
567 3558 597 3618 6,
619 3559 648 3607 4;
678 3556 814 3628 Χροσέας
849 3571 961 3622 prorsus
982 3557 1123 3622 singularia
1146 3558 1290 3610 scribenda
1312 3569 1370 3622 par-

289 3625 505 3693 ὖποστάσαντες
530 3625 654 3692 εὐτειχεῖ
676 3629 812 3704 προθύρῳ
850 3636 939 3684 motus
960 3635 1007 3694 sit,
1035 3647 1087 3684 non
1109 3633 1193 3698 pudet
1214 3647 1309 3684 eorum
1325 3629 1370 3682 ad·

286 3701 423 3770 θαλάμου
439 3706 560 3768 Κίονας,
579 3701 619 3768 ὥς
635 3699 683 3757 ὅτε
700 3705 812 3774 θαητὸν
850 3708 969 3773 stipulari
995 3710 1157 3770 sententiae,
1196 3709 1241 3772 qni
1268 3707 1370 3758 Horatio

287 3781 430 3850 μέγαρον,
469 3775 615 3845 Πάξομεν·
644 3775 810 3853 ἀρχομένου
848 3781 891 3833 vel
908 3796 924 3832 a
941 3784 1096 3834 Maecenate
1117 3781 1160 3833 vel
1177 3781 1213 3832 ab
1230 3783 1290 3850 ipso
1307 3783 1370 3832 Cae·

287 3853 310 3904 d'
339 3849 425 3925 ἔργου
453 3851 611 3927 πρόσωπον
639 3852 694 3926 χρὴ
722 3857 811 3923 θέμεν
848 3871 909 3908 sare
931 3858 958 3908 id
981 3859 1078 3922 negotii
1099 3857 1292 3908 demandatum
1314 3867 1369 3906 esse

288 3929 434 3997 τηλαυγές.
447 3958 474 3968 -
488 3931 693 3997 Compositionis
704 3935 811 3996 tempus
848 3933 976 3997 suspicati
988 3933 1065 3994 sunt,
1083 3934 1113 3982 ut
1124 3933 1227 3982 virtutis
1239 3941 1371 3982 comman-

286 4005 390 4056 deiiniri
418 4007 525 4070 nequit:
556 4006 657 4056 i'ranlre
683 4021 708 4056 a.
736 4007 809 4070 726„
848 4007 954 4057 datione
980 4005 1079 4058 labenti
1097 4008 1276 4058 Romanarum
1294 4003 1370 4056 duci-

287 4081 415 4131 liirchner
444 4083 471 4131 et
496 4081 672 4132 Walckenaer
700 4095 724 4131 a.
751 4082 809 4133 736.
847 4082 933 4146 plinaa
951 4084 1122 4132 succurreret
1131 4082 1213 4144 atque
1224 4077 1369 4145 aequalium

288 4155 413 4208 Ceterum
431 4158 480 4208 etsi
498 4170 544 4208 sex
561 4157 649 4222 priora
662 4157 740 4209 huius
751 4155 812 4208 libri
847 4159 957 4223 pectora
974 4157 1052 4208 bonis
1069 4155 1284 4220 salutaribusque
1295 4163 1369 4220 prae·

288 4232 405 4282 carmina
417 4232 509 4282 similis
521 4233 613 4296 utique
622 4233 727 4296 generis
739 4235 810 4293 sunt,
850 4235 934 4298 ceptis
950 4233 1110 4285 imbueret.-

287 4305 385 4368 idest,
410 4307 533 4358 didacticl
551 4309 622 4371 (nam
633 4309 675 4358 his
687 4306 812 4359 amnibus
882 4309 906 4358 l.
937 4307 997 4372 Odi]
1022 4306 1135 4372 «Volgus
1160 4319 1241 4357 verae
1268 4303 1368 4370 sapien·
