2998 4980
663 411 791 463 nontin
808 411 977 464 CAlllssNlllt

581 567 736 635 interfusa
761 566 898 634 nitentes

625 689 711 756 Vites
734 709 878 777 aequora
902 683 1071 777 Cycladas.

350 897 389 947 ts.
408 895 509 946 nitentis
525 894 590 946 nsi.

285 1075 402 1126 sima»-
387 1075 467 1124 Ne
479 1071 642 1136 naufragium
654 1069 743 1131 tactas
753 1072 806 1121 vita
845 1085 894 1121 σοι
910 1067 933 1119 6⁴
950 1066 1044 1135 ἑξείης
1061 1064 1209 1158 Σιιοροὶδες
1228 1082 1374 1139 περιταμ-

286 1161 370 1208 maro
386 1147 459 1212 quod
474 1148 585 1197 fluctuat
600 1145 807 1208 interOpolodoa,
845 1141 1005 1207 φανόωοιν,
1027 1137 1144 1194 οἱονὸτ
1163 1137 1319 1206 ἀνεφέλοιο
1337 1141 1374 1194 δι’

286 1220 381 1285 (Schol.
404 1219 466 1271 Plat.
489 1234 515 1286 p.
534 1221 590 1272 ott.
610 1220 657 1271 Ed
685 1221 805 1271 nostrae:
845 1215 931 1290 ἠέρος
957 1213 1103 1270 εἴδεται
1083 1234 1185 1289 αστρα.
1179 1219 1198 1282 .)
1221 1219 1264 1268 Sic
1287 1220 1372 1269 Paros

284 1291 332 1345 διὰ
356 1291 390 1346 τὸ
406 1291 460 1361 τὴν
477 1293 572 1362 Δῆλον
589 1295 715 1348 ιινκλοῦν
732 1289 807 1346 οὕτω
845 1296 919 1346 ovid
931 1297 1029 1356 liet.‚i
1046 1295 1104 1346 too.
1122 1307 1281 1354 ιαστιιιονια,
1308 1294 1373 1342 Vir-

284 1366 461 1436 καλοῦνται.)
494 1370 592 1422 insulas
614 1384 747 1422 marmore
766 1375 808 1420 oi-
845 1370 905 1434 gilio
930 1371 995 1420 Aen.
1028 1369 1058 1432 3,
1086 1370 1142 1420 tao.
1169 1369 1243 1418 ιιιοια
1265 1367 1372 1417 ᾱίοἰισε.

285 1450 385 1496 torota
421 1446 477 1510 (οἀ.
501 1445 531 1506 3,
550 1447 596 1507 28,
614 1445 659 1496 tt:
678 1447 808 1510 Folpeotoe
845 1445 928 1497 Sine
922 1445 1083 1508 imaginat«
1071 1442 1157 1494 «Bello
1174 1441 1255 1502 civili,
1275 1443 1372 1504 patria,

285 1520 415 1582 Ονοισααι.
431 1522 539 1586 Dionys.
556 1522 657 1585 Perieg.
674 1521 736 1572 530:
755 1516 808 1586 νῆ·
844 1519 927 1570 tinem
944 1520 1068 1584 impone,
1087 1532 1120 1570 oe
1138 1519 1327 1582 pervertaris.»

642 2042 1004 2102 Excutiens

740 2202 908 2252 noomv.

350 2353 488 2403 Peositatts
511 2353 687 2416 interpretum
710 2351 847 2402 sententiis
871 2351 905 2401 de
922 2351 1001 2402 buius
1018 2351 1143 2402 carminis
1161 2353 1320 2415 argumento
1339 2365 1373 2402 ac

285 2437 407 2498 tempore
432 2435 506 2499 (quas
530 2436 667 2500 opiniones
690 2434 810 2500 perbene
834 2433 939 2497 collegit
960 2433 1165 2499 diiudicavitquc
1180 2434 1318 2499 ,Lueblrerl
1345 2435 1374 2486 id

285 2518 433 2580 lucramur,
452 2522 481 2569 ut
498 2533 530 2569 ex
547 2520 655 2569 incertis
671 2520 828 2570 incertiores
846 2519 926 2569 etiam
944 2518 1047 2570 fiamus.
1083 2517 1148 2568 illud
1171 2519 1286 2568 maxime
1304 2532 1373 2582 pro-

283 2601 373 2653 babile
396 2617 467 2654 nuuc
489 2603 553 2675 mibi
574 2601 694 2663 videtur,
718 2603 749 2651 ut
770 2615 833 2652 cum
849 2599 1050 2653 Walclenaerio
1073 2603 1093 2654 l.
1113 2616 1139 2666 p.
1159 2603 1217 2652 354.
1243 2602 1276 2652 ad
1298 2603 1373 2653 initia

284 2685 347 2736 belli
364 2687 463 2737 Actiaci
480 2699 503 2736 a.
523 2701 549 2736 u.
569 2701 593 2737 c.
613 2686 670 2736 723.
689 2686 828 2736 rotaretur.
864 2687 1032 2750 Quamquam
1051 2689 1107 2736 tota
1124 2687 1244 2749 quaestio
1261 2685 1372 2736 indubi-

284 2772 337 2820 tata
354 2772 455 2820 ratione
473 2781 610 2834 nunquam
621 2770 726 2820 deliniri
742 2771 848 2834 poterit,
867 2771 928 2833 quia
945 2769 1008 2820 nihil
1019 2783 1130 2834 prorsus
1147 2771 1173 2820 in
1185 2770 1238 2819 hoc
1249 2771 1372 2821 carmine

284 2855 367 2914 inest,
386 2854 458 2917 quod
475 2857 563 2906 certas
579 2867 709 2919 personas
726 2868 758 2904 ac
774 2856 896 2917 tempora
914 2853 984 2906 clare
1003 2856 1129 2917 certeque
1147 2853 1289 2916 significet:
1310 2857 1372 2904 ete-

284 2940 339 2988 nim
356 2951 443 3002 aequo
461 2939 515 2988 iere
533 2939 590 2989 inre
608 2938 641 2988 ad
660 2951 755 2988 omues
772 2937 829 2988 illas
847 2937 939 2988 turbas
957 2937 1046 2989 civiles
1063 2941 1126 3002 post
1136 2949 1253 3001 pugnam
1270 2935 1372 3001 Pbilip-

283 3036 396 3087 pensem
414 3035 499 3086 usque
517 3022 552 3072 ad
569 3021 713 3072 stabilitum
731 3022 864 3071 Octaviani
882 3022 1060 3085 principatum
1077 3021 1171 3071 reterri
1194 3021 1283 3071 omnio
1304 3033 1372 3084 pos-

283 3107 354 3156 sunt.
390 3107 484 3156 Forma
501 3107 579 3170 igitur
595 3107 675 3158 totius
693 3107 818 3157 carminis
830 3106 1028 3169 imaginumque
1042 3105 1203 3169 praestantia
1220 3105 1304 3168 magis
1322 3119 1370 3154 re-

283 3189 420 3254 spiciendo
442 3191 483 3240 est
505 3204 587 3254 quam
609 3191 796 3254 argumentum
812 3188 919 3253 aliquod
936 3189 1092 3240 historicum
1109 3191 1153 3238 vix
1170 3188 1369 3239 extrioaudum.

348 3275 474 3324 Ceterum
491 3275 672 3338 antiquissima
691 3276 732 3324 est
748 3275 911 3338 comparatio
928 3274 967 3323 rei
984 3271 1106 3336 publicae
1118 3285 1181 3324 cum
1198 3273 1257 3323 navi
1270 3275 1297 3322 et
1308 3271 1370 3322 bel-

283 3354 370 3406 lorum
387 3369 450 3406 curn
467 3357 599 3419 procellis.
634 3357 783 3408 Archiloch.
802 3358 844 3408 Fr.
863 3357 903 3408 te.
923 3357 1007 3420 Bergk
1024 3370 1051 3420 p.
1068 3355 1130 3407 itt:
1155 3352 1277 3416 Γλαῦκ’,
1301 3349 1368 3426 ὅρα,

282 3435 379 3502 βαθὺς
395 3435 450 3510 γὰρ
466 3433 521 3504 ἤδη
539 3437 667 3505 κύμασιν
682 3436 860 3511 ταράσσεται
875 3437 1003 3502 Πόντος,
1024 3433 1102 3504 ἀμφὶ
1118 3436 1142 3487 6¹
1160 3433 1237 3510 ἄκρα
1254 3439 1369 3508 Γυρέων

283 3519 374 3596 ὀρθὸν
392 3523 507 3574 λὀταται
522 3525 626 3586 νέφος,
644 3519 732 3590 Σῆμα
742 3521 894 3590 χειμῶνος
908 3519 1053 3584 κιχάνειδ
1066 3521 1098 3587 ἐξ
1108 3516 1246 3588 αἐλιιτίης
1257 3519 1365 3585 φόβος.

283 3607 407 3672 Aeschyl
432 3610 458 3658 S.
482 3607 543 3658 adv
568 3609 614 3658 Th.
640 3611 669 3658 4
697 3605 817 3674 Κάδμου
845 3605 972 3668 πολῖται,
999 3603 1054 3678 xit>
1080 3605 1172 3674 λέγειν
1195 3602 1232 3657 τὰ
1257 3608 1366 3676 καίρια,

277 3685 377 3756 Ὅστις
394 3687 540 3753 φυλάσσει
556 3687 665 3762 πρᾶγος
681 3691 711 3744 ἐν
729 3689 843 3764 πρύμνη
856 3688 975 3754 πόλεως,
993 3689 1086 3742 Οἴακα
1101 3688 1215 3758 νωμῶν,
1233 3689 1368 3761 βλέφαρα

281 3772 325 3842 μὴ
343 3773 454 3841 κοιμῶν
471 3767 559 3844 ὕπνῳ.
593 3778 710 3842 Theogn
724 3779 781 3828 674.
794 3777 892 3827 Bello:
912 3769 1024 3827 Οὕνεκα
1040 3772 1092 3827 νῦν
1109 3771 1282 3847 φερόμεσθα
1302 3775 1368 3826 καθ

283 3861 362 3912 ἱστία
378 3855 466 3912 λευκοὶ
483 3857 621 3924 βαλόντες
637 3860 787 3928 Multos>
772 3877 805 3911 εκ
828 3856 935 3911 τιόντον
952 3856 1043 3910 νύκτα
1059 3856 1106 3911 διὰ
1122 3857 1275 3932 δνοφερήν·
1307 3853 1367 3909 Ἀν-

282 3944 357 3996 τλεῖν
373 3942 397 3994 δ’
416 3938 470 3995 οὐκ
487 3943 645 3997 ἐθέλουσιν·
666 3941 836 4016 ὑπερβάλλει
852 3941 883 3995 δὲ
899 3940 1038 3995 θάλασσα
1051 3937 1232 4015 Ἀμφοτὲρων
1248 3944 1365 4004 τοίχων·

282 4023 400 4097 ἦμάλα
416 4044 458 4092 τις
474 4027 606 4094 χαλεπῶς
622 4027 755 4094 Σώζεται,
774 4023 811 4080 οἷ’
836 4023 961 4101 ἔρδουσι.
997 4024 1184 4100 Κοβερνήτην
1205 4027 1260 4094 μεν
1276 4021 1366 4079 ἵκαν-

283 4131 339 4166 σαν
353 4109 489 4176 Ἐσθλόν,
507 4107 569 4178 ὅτις
585 4111 720 4181 φυλακὴν
737 4107 814 4174 εἶχεν
831 4111 1036 4179 ἐπισταμένως.
1066 4111 1139 4163 Plato
1156 4111 1231 4163 Polit.
1250 4113 1307 4164 3⁰2.
1321 4114 1363 4164 A.:

282 4197 400 4250 Πολλοὶ·
409 4197 464 4264 μὲν
481 4195 578 4262 πόλεις
594 4199 686 4250 ἐνίοτε
703 4198 752 4249 καὶ
769 4193 900 4270 καθάπερ
917 4194 1005 4249 πλοῖα
1015 4191 1218 4263 ιιαταιλοόμενα
1233 4193 1366 4248 διόλλον-

284 4299 331 4336 ται
347 4285 396 4336 καλ
414 4280 569 4337 οιολιόλασι
586 4283 635 4334 καλ
651 4277 694 4334 ἔτι
709 4279 873 4335 διολοιλνται
889 4282 948 4333 κτλ.
984 4281 1110 4346 Polybius
1127 4281 1152 4343 6,
1166 4279 1206 4332 ll.
1220 4281 1365 4333 Athenien-
