3080 4980
581 455 639 505 Llll.
660 456 678 504 l.
714 455 743 503 C.
764 455 793 502 ll.

534 815 848 880 cmu-

379 1041 542 1109 lam·satis
565 1044 660 1109 terris
681 1044 763 1110 nivis
786 1055 883 1134 atque
906 1047 995 1115 dirae

379 1163 549 1230 Grandinis
572 1165 659 1230 misit
680 1167 775 1231 Pater
796 1177 829 1232 et
850 1167 986 1236 nrbeate

377 1285 516 1351 Dextera
538 1305 649 1352 sacras
671 1285 828 1353 iaculatus
852 1309 945 1356 arces

504 1407 629 1472 Terruit
649 1405 783 1486 Urbem,

381 1528 506 1594 Terruit
528 1537 655 1616 gentse,
679 1548 777 1616 grave
797 1549 839 1594 ne
862 1528 982 1597 rediret
1210 1538 1230 1600 ὅ

206 1701 238 1750 ll.
273 1699 356 1749 laser.
379 1695 448 1760 volg.
461 1697 509 1766 ,44
530 1697 670 1748 ment.
696 1723 724 1734 -
745 1698 785 1748 44
805 1698 890 1748 maen
906 1698 1044 1764 daps-stom
1060 1703 1088 1753 Β.
1111 1731 1137 1742 -
1156 1704 1194 1755 An

168 1775 312 1838 deputatum
332 1773 394 1823 bSc.
420 1773 457 1834 (ln
479 1773 498 1822 Τ
515 1773 588 1837 prior
599 1773 733 1837 inscriptio
745 1774 865 1832 evanuit;
884 1776 1017 1826 recentior
1034 1779 1129 1828 33444)
1140 1781 1214 1831 AUG.

171 1875 203 1884 -
236 1849 259 1898 4.
277 1847 360 1912 unis]
381 1853 460 1898 tetrae
476 1849 541 1898 Dan.
561 1847 691 1898 Heinsius.
708 1875 735 1886 -
753 1849 890 1899 memte
906 1849 1027 1912 ileTcd,
1047 1854 1107 1914 bct,
1127 1855 1191 1904 item

170 1922 272 1974 Beati:
291 1923 452 1974 3343344444.
473 1923 513 1986 (444
523 1935 581 1984 nos,
593 1922 626 1984 J.)
647 1949 674 1959 -
693 1923 718 1972 5.
735 1925 815 1987 pestis
831 1925 860 1974 Β.

201 2072 250 2124 0d.
269 2073 300 2123 ll.
335 2071 401 2122 Vide
418 2073 566 2123 Excursum
581 2074 601 2122 l.
701 2071 752 2136 λος
777 2070 959 2144 Opotxrdnoo
981 2071 1067 2139 Διός.)
1102 2077 1225 2128 Formam

171 2188 197 2235 4.
226 2184 299 2249 netu]
325 2185 379 2234 lios
396 2184 520 2233 Germani
536 2183 665 2234 recorde-
702 2150 792 2198 mem
807 2148 910 2200 mm
925 2150 951 2200 h*
965 2149 981 2201 Ι·
1000 2151 1226 2204 mmmmm*

139 2273 201 2311 mur
217 2271 329 2310 neeesse
347 2260 389 2309 est
405 2259 431 2308 in
447 2256 520 2308 ltalia
538 2257 665 2308 meridio-

139 2333 192 2384 nali
220 2335 310 2384 nivem
337 2332 449 2396 prodigii
483 2333 566 2382 instar
594 2345 663 2382 esse.

139 2409 225 2460 Etiam
237 2405 376 2458 Mediolani
387 2407 496 2456 menrini
508 2407 593 2470 prima
605 2407 664 2456 nive

702 2222 756 2273 rius
777 2223 925 2275 Victorinus
946 2237 974 2288 p.
1001 2226 1059 2276 443.
1095 2225 1173 2276 Gaisl.
1200 2231 1228 2277 et

701 2294 794 2347 Atilius
824 2298 957 2348 Fortunat.
989 2297 1025 2348 ib.
1056 2313 1083 2362 p.
1110 2299 1168 2349 343.
1198 2327 1226 2336 -

701 2371 819 2435 luppiter
829 2370 993 2435 Fulgurator,
1011 2373 1121 2424 reducta
1134 2373 1226 2424 dextra

140 2483 280 2534 decidente
293 2481 542 2540 aanouocccvu,
561 2493 614 2544 quo
628 2481 666 2530 mr
702 2443 803 2494 ¹¹¹¹¹¹¹⁰¹¹
823 2445 946 2506 4444444
969 2449 998 2497 li
1019 2450 1061 2497 0⁵i
1083 2449 1109 2497 ¹¹1
1130 2461 1228 2498 monu-

702 2521 799 2570 mentis
808 2521 930 2585 antiquis,
944 2521 987 2571 hio
999 2521 1076 2573 nobis
1088 2525 1149 2572 ante
1161 2535 1228 2572 ocu-

702 2593 741 2644 los
769 2595 884 2657 ponitur.
929 2597 1054 2647 «Omnes
1082 2596 1225 2647 manubiae

704 2665 828 2732 (fulmina)
851 2668 928 2720 albae
951 2673 978 2720 et
998 2671 1088 2732 nigrae
1114 2669 1227 2722 Palladis

703 2755 764 2792 esse
793 2741 929 2805 dicuntur,
966 2745 1035 2796 lotis
1068 2744 1166 2795 rubrae
1199 2748 1227 2796 et

703 2817 891 2880 sanguineae.»
917 2820 1004 2869 Aenos
1015 2821 1106 2870 Nasam
1117 2833 1182 2871 sane
1194 2833 1227 2870 ex

703 2893 811 2956 antiquo
828 2894 981 2958 interprete.

735 2965 760 3016 3.
777 2967 890 3017 43334344
899 2981 960 3018 cum
971 2971 1086 3020 accusat.
1097 2970 1146 3030 rei,
1157 2983 1226 3033 quae

703 3039 812 3100 lerina,
839 3043 925 3092 rarius
946 3043 1081 3106 reperies,
1108 3046 1226 3094 attamen

703 3113 750 3163 Od.
780 3114 804 3174 3,
835 3117 876 3175 lb,
910 3116 955 3164 ll:
989 3117 1099 3166 43334334
1131 3130 1223 3167 cesos.

703 3187 776 3236 Ovid.
800 3191 859 3238 Am.
883 3189 907 3248 3,
926 3188 951 3248 3,
970 3189 1014 3239 35:
1043 3190 1156 3251 Iuppiter
1173 3192 1227 3252 ipse

701 3274 758 3310 suos
774 3261 842 3312 lucos
857 3263 986 3312 4333434334·
1006 3269 1030 3313 et
1050 3277 1133 3324 crees,
1156 3266 1226 3314 tem-

701 3333 744 3399 pla
756 3337 914 3399 praesertim
926 3337 953 3387 in
966 3337 1092 3402 Capitolio
1110 3340 1222 3390 condita.

703 3411 756 3460 Cio.
776 3411 810 3461 de
828 3413 885 3462 Diu.
900 3413 923 3474 4,
943 3413 988 3462 ll:
1005 3415 1226 3465 Pateroltitonoas

701 3510 716 3521 -
726 3513 741 3523 ·
753 3487 899 3548 Capitolinis
914 3488 998 3538 iniecit
1012 3489 1109 3538 33444433
1124 3490 1201 3553 ipses.

738 3559 762 3611 4.
775 3562 823 3610 Vv.
836 3563 946 3612 uerendi
957 3561 1053 3612 eadem
1065 3565 1225 3614 oonstnrctio

702 3636 837 3695 convenit,
856 3649 926 3699 quae
944 3649 986 3686 vv.
1004 3637 1136 3686 menendi
1172 3638 1226 3687 Ex-

700 3707 782 3772 plica:
802 3710 926 3760 «Terruit
936 3710 980 3770 ita,
999 3713 1029 3760 ut
1040 3711 1171 3772 timerent,
1190 3725 1224 3761 ne

702 3784 770 3833 cet.»
797 3784 858 3833 Tac.
878 3784 943 3834 Hist.
962 3784 987 3842 2,
1006 3783 1050 3833 63;
1069 3787 1172 3846 lenit,
1193 3799 1226 3835 oe

701 3860 837 3920 affectaret.
873 3856 1062 3908 Pseudotibull.
1089 3857 1113 3919 4,
1142 3861 1165 3920 4,
1194 3858 1222 3908 i:

699 3945 740 3981 aas
749 3931 850 3994 copaita
859 3931 940 3980 virute
952 3930 1047 3993 Terret,
1065 3938 1093 3985 ut
1108 3934 1225 3997 tollemus

173 4011 197 4060 2.
213 4009 297 4074 Peter]
317 4009 423 4059 eDirrom
436 4013 511 4070 poter
527 4009 602 4070 atquo
618 4007 664 4056 lte·
699 4007 801 4056 valeam
816 4005 946 4056 subsistere
959 4007 1034 4056 vires.

141 4085 236 4134 maren
251 4097 329 4133 rac.»
354 4110 382 4120 -
407 4080 518 4145 radente]
537 4094 552 4130 a
569 4092 664 4144 reper-
733 4083 757 4131 t.
775 4081 865 4145 pecus]
885 4081 1011 4144 «imperio
1022 4082 1141 4132 Romano
1157 4081 1224 4134 sub-

143 4171 219 4210 ousso
253 4157 392 4209 fulminum
424 4155 531 4206 rubore.
575 4154 661 4218 (Pind.
700 4156 796 4216 lectas,
823 4157 954 4219 quotquot
979 4156 1013 4207 de
1034 4157 1076 4208 his
1098 4156 1223 4221 prodigiis

143 4231 244 4298 olymp.
263 4233 288 4293 9,
307 4233 335 4283 6:
353 4230 432 4284 Ala-
443 4225 663 4302 φοινικοστερό-
700 4229 868 4280 audierant.»
903 4231 1014 4281 Prorsus
1030 4244 1097 4280 vana
1117 4233 1157 4280 est
1174 4243 1224 4280 ne-

144 4321 205 4357 m.
224 4306 263 4357 ol.
282 4308 323 4368 44,
341 4307 387 4356 80:
407 4301 597 4378 πυρκάλαμον
613 4302 663 4364 βέ-
700 4305 755 4352 seio
773 4303 847 4352 ouius
865 4303 933 4353 coni.
951 4309 1050 4354 meotes.

140 2558 239 2608 diutius
251 2555 319 2619 degi,
333 2555 485 2604 universam
496 2553 665 2618 plebeculam

142 2631 195 2682 alto
207 2629 307 2680 ululatu
320 2627 484 2680 exclamare:
503 2630 604 2678 aeoicc!
620 2642 666 2678 ae-

139 2709 211 2757 oiecl
240 2731 267 2740 -
294 2703 475 2769 deprehendit
494 2704 560 2753 Dan.
585 2703 666 2753 44344]-

141 2783 195 2833 sius
216 2774 412 2846 σιγματισμὸν
434 2780 460 2827 et
480 2779 666 2841 repetitionem

142 2855 200 2919 syll.
219 2857 242 2904 43
260 2853 438 2917 coniecitque:
457 2852 512 2902 lam
528 2858 607 2903 tetrae
624 2854 666 2902 at-

141 2931 186 2980 els.
222 2928 277 2979 Sed
293 2941 374 2993 saepe
391 2925 542 2978 inevitabile
559 2927 607 2978 luit
625 2929 666 2978 vi-

141 3005 207 3055 tium
224 3002 295 3054 istud
311 3003 412 3052 maiore
429 3002 486 3051 iure
504 3003 530 3051 in
541 3002 665 3066 Euripide

142 3079 345 3143 reprehensum.
380 3076 432 3126 Cir.
456 3075 503 3126 Od.
528 3077 552 3138 4,
576 3077 616 3138 lt,
635 3079 663 3126 δε

140 3153 264 3204 mnbross's
278 3152 401 3202 Heliconis
417 3153 475 3201 oris.
511 3150 559 3200 Od.
578 3151 603 3212 4,
623 3151 664 3211 48,

142 3227 185 3279 44;
207 3229 269 3278 solis
285 3227 370 3277 tecue
385 3226 466 3275 33434343
483 3225 590 3275 Sabinis.
615 3225 662 3274 Od.

141 3303 165 3364 3,
192 3303 217 3364 i,
241 3303 270 3352 8:
298 3302 384 3352 4434443
405 3301 524 3351 insomnis
544 3301 662 3350 4334433343.

142 3378 188 3428 0d.
209 3377 233 3439 3,
254 3377 294 3437 44,
314 3377 358 3426 43;
391 3375 426 3425 To
442 3381 513 3438 potes
529 3376 605 3439 lieres
621 3388 665 3424 co-

141 3455 260 3514 mitesque
275 3442 356 3500 'silom
375 3451 480 3500 Ducere.
516 3449 595 3500 audit
612 3448 662 3498 ΗΡ,

142 3527 211 3590 virg.
230 3529 297 3576 Aen.
316 3525 341 3586 3,
360 3525 420 3575 436;
440 3523 567 3574 mneside
581 3523 664 3572 34343-

142 3617 188 3664 quc
208 3601 287 3650 cobis.
328 3600 382 3651 cic.
406 3598 470 3649 Phil.
495 3600 524 3660 4,
548 3600 576 3649 2:
606 3611 665 3648 cren

142 3678 180 3726 334
195 3675 316 3725 emtore
336 3675 414 3724 seruis
434 3675 502 3724 tertis
523 3687 553 3723 oe
570 3673 666 3735 onere

141 3751 217 3800 erto.
231 3748 349 3814 -diroe]
369 3748 562 3799 «funestissima
580 3761 664 3811 quae-

143 3837 193 3888 que
211 3823 421 3888 portendentis»,
440 3824 469 3872 ut
484 3823 555 3886 Virg.
569 3823 662 3884 Georg.

144 3899 166 3958 l,
184 3897 245 3949 iss:
264 3897 314 3946 diri
330 3902 446 3946 coenem.
