2992 4978
530 423 588 472 tiu.
607 424 649 471 lll.
686 423 714 471 C.
733 423 798 472 iiiii.

294 578 401 643 Nescit
423 587 569 664 tangere,
598 587 631 643 tu
654 577 753 664 lrigus
776 577 912 644 amabile

340 700 449 766 Fessis
471 719 603 764 vomere
626 700 726 765 tauris

378 820 520 888 Praebes
544 831 576 887 et
596 821 707 908 pecori
731 842 822 908 vago.

293 981 365 1046 Fies
387 977 541 1045 nobilium
564 988 599 1044 tu
622 999 753 1067 quoque
775 980 923 1054 sontium,

294 1101 344 1168 lie
366 1100 494 1168 dicente
517 1101 606 1167 cavis
629 1100 810 1187 impositam
837 1100 941 1167 ilicem

335 1221 442 1298 Saxis,
466 1221 554 1288 unde
576 1222 730 1309 loquaces

381 1341 547 1432 Lymphae
570 1343 721 1410 desiliunt
743 1354 826 1410 tuae.

194 1562 232 1611 46.
258 1559 377 1624 (Habent
396 1561 523 1622 Lymphae
540 1558 623 1609 codd.
645 1560 697 1608 mei
716 1561 742 1608 et
763 1559 930 1619 Pottieriani,
960 1573 1013 1609 non
1034 1559 1176 1622 Nymphae,

161 1637 231 1700 quod
248 1635 383 1700 praebent
397 1629 460 1698 βλξ,
478 1648 533 1684 var.
552 1632 613 1684 lect.
632 1633 660 1694 ι.)
682 1661 708 1669 -
728 1634 851 1683 dbstliuut
867 1634 893 1683 d.

130 1822 237 1885 quoda.
258 1823 316 1872 747.
336 1835 515 1886 praepropere
533 1821 649 1872 iecisset.
688 1821 796 1883 idest,
835 1820 1010 1885 «loquaciter,
1048 1825 1123 1885 grato
1149 1837 1209 1873 oum

131 1923 156 1932 ν·
182 1897 276 1959 mern]
303 1895 440 1947 collective
465 1909 515 1961 pro
538 1894 649 1960 plurali,
689 1909 857 1958 murmure»,
877 1899 905 1946 ut
922 1897 996 1947 Ovid.
1011 1899 1078 1947 Fast.
1098 1898 1127 1957 ἓ,
1144 1897 1208 1947 346ε

131 1974 157 2019 ut
173 1971 295 2035 plerique
313 1972 346 2020 de
364 1970 428 2022 silva
446 1971 652 2035 interpretantur
688 1972 814 2022 Gerrutm
828 1973 856 2021 in
868 1974 954 2034 prono
970 1973 1136 2022 irminevino
1145 1977 1209 2022 eret.

130 2046 244 2110 Propert.
266 2046 295 2104 3,
313 2045 342 2106 3,
361 2045 409 2095 43ι
428 2045 490 2096 Cum
505 2059 545 2095 me
562 2045 652 2095 Costo-
688 2048 772 2098 Minus
790 2050 851 2111 apte
869 2047 925 2097 alii:
945 2049 1059 2108 loquaces
1076 2052 1135 2096 tuoe
1151 2047 1212 2108 luot-

129 2119 162 2168 tie
185 2120 318 2182 speculans
342 2133 376 2169 ec
408 2119 521 2170 arbore
545 2119 652 2169 Phoebus
685 2123 751 2183 pboe
767 2121 890 2170 desiitum.
910 2124 999 2172 Lectio
1018 2123 1107 2170 autem
1126 2119 1209 2170 Codd.

128 2195 220 2244 Struit
237 2197 292 2246 oet.
689 2195 750 2258 aliq.
772 2196 833 2257 (non
851 2197 981 2258 nieorum)
999 2197 1127 2257 sumptae
1148 2207 1212 2258 pro-

689 2284 723 2334 pe
752 2269 889 2319 ridiculam
925 2269 1038 2333 praebet
1070 2269 1211 2332 imaginem

159 2347 197 2394 45.
227 2345 270 2395 46.
297 2343 386 2408 Susis]
414 2346 518 2404 «antro,
548 2357 580 2392 ex
599 2355 652 2406 quo
689 2343 872 2407 Nymphamm
895 2345 952 2394 siue
969 2343 1021 2393 ulla
1038 2356 1149 2408 prorsus
1170 2344 1212 2393 in-

128 2419 184 2470 lons
195 2420 293 2479 oritur,
306 2417 410 2468 ilicibus
422 2421 518 2468 tecto.»
534 2446 561 2454 -
579 2417 651 2481 unde]
689 2419 856 2468 termissione
874 2432 924 2482 per
940 2431 1003 2468 saxa
1015 2417 1210 2476 desilientium;

129 2495 319 2558 torquibus.»
338 2494 377 2544 Ci.
396 2493 650 2554 ad0d.t‚it,li.
690 2494 717 2542 et
742 2493 831 2542 tamen
857 2494 955 2542 inventi
981 2495 1057 2553 sunt,
1084 2494 1129 2555 qui
1152 2507 1212 2542 eam

129 2569 222 2630 istc,
242 2569 285 2619 28.
304 2570 334 2629 2,
354 2571 399 2627 42,
418 2569 443 2616 7.
471 2595 499 2604 -
529 2569 652 2632 loquaces]
690 2567 842 2632 probarent,
856 2566 935 2617 voluti
948 2571 1090 2618 Gesnerus.
1111 2569 1212 2617 Festive

130 2643 206 2694 Recte
232 2642 368 2694 Bentleius
395 2645 555 2693 construxit:
588 2645 653 2693 unde
690 2639 838 2693 Bentleius:
867 2643 1021 2706 uNympbae
1045 2655 1106 2692 curn
1129 2638 1212 2692 semei

129 2717 241 2780 lymphae
268 2723 326 2768 tuoe
356 2718 486 2780 muttum,
521 2719 651 2780 loquaces,
691 2731 724 2766 ex
741 2719 816 2766 antro
834 2715 1001 2776 destinarint,
1021 2716 1085 2780 quid
1103 2717 1195 2765 tami»
