3014 4978
482 473 541 522 LlB.
560 473 601 522 lll.
638 475 667 523 C.
687 473 761 524 llllll.

428 1009 829 1075 (imm

270 1201 421 1266 llontium
444 1210 553 1267 custos
575 1222 823 1290 nemorumque,
850 1202 958 1288 Virgo,

271 1323 361 1402 Quae
376 1321 567 1400 ,laborantes
592 1332 683 1389 utero
707 1323 831 1410 puellas

270 1447 331 1510 Ter
353 1455 465 1510 vocate
488 1444 580 1510 sudis
603 1445 785 1534 adimisque
807 1445 886 1520 leto,

355 1567 434 1631 Diva
457 1565 622 1641 triformis,

270 1725 443 1791 imminens
467 1724 561 1792 villae
584 1735 638 1792 tua
660 1728 755 1814 pinus
778 1739 862 1802 esto,

268 1850 374 1928 Quum
395 1868 454 1935 per
479 1858 608 1915 exactos
632 1869 693 1936 ego
714 1847 817 1917 laetus
844 1870 945 1917 annos

169 2065 240 2116 llltll.
260 2067 344 2116 luscr.
358 2062 427 2127 volg.
445 2065 482 2114 Ad
498 2065 618 2115 Dianam.
639 2093 666 2100 —
691 2065 728 2114 Ad
744 2066 857 2116 Dianam
873 2067 1004 2130 luciferam
1022 2067 1105 2118 ltsl'c.
1127 2098 1153 2109 -

140 2139 164 2189 lu
180 2141 289 2190 Dionem
306 2139 334 2189 b.
356 2167 383 2175 -
402 2140 426 2188 2.
446 2139 584 2188 oteramo
600 2136 628 2188 u.
647 2167 675 2175 -
688 2138 718 2188 V.
738 2139 762 2190 l.
782 2139 889 2192 ultimus
907 2142 933 2190 in
951 2143 979 2190 B.

140 2334 209 2384 llllll.
245 2335 385 2399 inscriptio
411 2333 536 2395 tabulae,
575 2347 628 2398 qus
665 2334 1187 2403 ter(ort.t,ss,3o.1ipp.t,t,3i.),

112 2405 199 2457 Dianae
224 2411 400 2460 cousecratur
423 2411 502 2473 pinus
532 2407 628 2473 (Italica
665 2411 693 2460 ut
710 2409 782 2460 adsis
799 2411 884 2473 partui
904 2423 1020 2474 eumque
1039 2411 1121 2472 leves,
1141 2413 1190 2463 sd-

112 2479 292 2544 pulclierrime,
320 2483 399 2548 Picis)
425 2485 567 2534 imminens
584 2485 629 2533 Sa·
663 2486 785 2534 voosto.»
812 2484 864 2535 Cir.
885 2485 973 2535 carm.
992 2499 1046 2535 sec.
1066 2487 1106 2536 43.
1131 2489 1191 2538 Die-

113 2554 182 2616 bino,
209 2559 290 2610 orbor
317 2562 415 2623 potitae
443 2573 517 2619 cern,
551 2559 628 2609 unni·
663 2571 696 2607 ue
714 2558 758 2608 hic
775 2558 871 2608 eedem
892 2571 955 2610 cum
972 2559 1137 2629 Ειιειθυιᾳ,
1160 2565 1189 2613 ut

113 2634 304 2698 versariumque
327 2633 489 2685 sacrificium
505 2637 626 2684 vovetur.
665 2633 690 2683 iu
703 2634 835 2684 Leonidae
847 2635 906 2684 Tar.
923 2635 970 2698 Ep.
984 2635 1008 2685 3.
1029 2637 1114 2700 (Antii.
1135 2637 1187 2687 Pal.

113 2705 188 2764 Quam
217 2709 251 2759 ob
282 2721 394 2760 causum
425 2708 468 2760 vel
494 2708 529 2760 ob
555 2709 627 2772 quod
665 2709 683 2758 l.
702 2721 729 2772 p.
749 2706 817 2770 tis.)
845 2708 930 2758 Atthis
942 2709 1035 2759 votum
1051 2710 1075 2760 ei
1092 2709 1187 2760 solvit:

114 2779 172 2832 dces
189 2781 351 2834 beneficium
369 2777 479 2843 reticet,
498 2783 629 2849 prohabi—
661 2777 709 2832 Ἐκ
726 2777 831 2842 τόκου,
850 2773 874 2829 ὦ
891 2781 1002 2846 Aproi,
1025 2781 1189 2853 βαρυνομέ-

113 2851 177 2918 litcr,
205 2859 265 2922 quita
289 2857 369 2909 ulium
392 2857 491 2908 nullam
509 2856 628 2908 hahebat
663 2871 717 2921 νης
737 2849 782 2905 ὃτι
802 2850 891 2920 νηδὺν
917 2851 998 2905 zoor
1015 2849 1063 2906 ἀπ’
1079 2851 1188 2908 ὠδίνων

112 2927 155 2978 nisi
177 2944 249 2994 cum,
279 2935 309 2983 ut
334 2935 509 2996 componeret
533 2933 628 2982 inseri·
663 2928 757 2981 λύσαο
777 2926 866 2996 τῆσδε
886 2929 1006 3000 βρέφος.
1042 2933 1084 2984 Sic
1100 2935 1127 2984 in
1144 2935 1191 2984 Or-

112 3003 219 3064 ptionem
235 3007 286 3058 sub
305 3005 348 3057 tllu
366 3007 423 3071 ipsu
439 3007 503 3072 pinu
521 3005 627 3058 tabulrm
664 2999 887 3076 phieis²'Aprspcg
904 3003 1060 3057 Εἰλείθυια.
1096 3009 1191 3058 ltoms-

112 3089 267 3133 murmorese
286 3080 466 3143 incidendam,
486 3095 538 3146 qua
552 3081 628 3132 locus
663 3083 705 3132 uis
722 3083 813 3132 tumen
829 3080 993 3144 frequentius
1004 3083 1069 3132 luno
1081 3082 1188 3132 Lucina.

112 3161 229 3206 amoenus
265 3159 415 3207 ornaretur.
470 3154 627 3207 incredibile
663 3158 772 3220 Dionys.
800 3155 882 3208 Hulic.
902 3156 930 3218 i,
951 3158 995 3206 ti:
1025 3153 1190 3207 Εἰλείθυιαν

113 3227 193 3279 autem
218 3233 273 3292 est,
304 3231 370 3294 quot
394 3229 519 3281 ridiculus
543 3243 627 3293 nugas
660 3223 803 3296 Ῥωμαῖοι·
811 3227 952 3282 καλοῦσιν
963 3221 1052 3301 Ἥραν
1062 3227 1189 3293 φωσφό-

112 3297 141 3348 de
157 3305 248 3364 poetae
265 3317 365 3356 ursano
391 3304 500 3356 consilio
524 3304 627 3355 ellude-
663 3321 724 3378 pov.
760 3306 853 3358 catull.
880 3306 925 3368 st,
953 3307 1000 3356 ⁴3:
1036 3307 1071 3356 Tu
1094 3307 1191 3356 turim

112 3374 157 3424 rint
178 3379 339 3444 interpretes
366 3378 532 3441 scholastici,
560 3392 627 3442 ques
664 3381 799 3432 αοιοηιιιιιι
815 3383 878 3431 luno
895 3381 964 3431 dicto
979 3381 1125 3443 puerperis,
1155 3381 1190 3430 Tu

112 3449 202 3502 reterre
224 3456 251 3503 et
275 3456 400 3518 repetere
418 3455 538 3518 proiecto
564 3455 628 3512 nihil
660 3461 747 3518 potem
770 3457 854 3506 Trivio
875 3461 898 3506 ct
917 3455 991 3505 notio
1012 3468 1038 3504 ss
1052 3455 1129 3504 Dicta
1148 3455 1189 3504 tu-

113 3523 204 3576 uttinet.
229 3529 295 3592 (Quo
314 3531 435 3594 tempore
448 3530 627 3595 compositum
663 3531 826 3581 inlusione.
863 3529 915 3581 Cir.
936 3531 1024 3581 Germ.
1044 3541 1099 3580 sec.
1119 3529 1159 3580 rt.

112 3597 153 3658 sit,
169 3614 219 3653 non
236 3603 328 3668 liquet.
364 3603 486 3655 Nonnulli
509 3604 629 3656 referunt
696 3605 720 3656 l.
739 3607 808 3656 Diva
826 3605 956 3669 triformis]
975 3605 1001 3654 iu
1018 3603 1093 3655 coelo
1105 3605 1187 3665 iuno,

112 3669 142 3720 ad
156 3687 178 3724 ιι.
197 3677 266 3739 iss,
296 3676 340 3728 ulii
357 3678 391 3728 ed
408 3693 432 3729 a.
452 3679 519 3745 732.)
663 3679 877 3739 interruDiene,
890 3678 1186 3743 apudiuierosHecate.

141 3747 162 3799 ι.
189 3751 213 3800 2.
242 3753 377 3818 Mmtium]
407 3754 455 3804 Ori.
482 3757 510 3816 t,
534 3756 578 3816 ll,
601 3757 625 3805 5.
663 3755 734 3816 virg.
752 3755 818 3804 Aen.
838 3753 865 3816 l,
885 3755 947 3803 tit:
969 3753 1188 3817 importuosum

113 3818 205 3874 Cslllm.
224 3827 285 3877 Cer.
300 3828 340 3877 l8.
359 3829 442 3879 Diana
458 3831 550 3879 lovem
566 3843 628 3895 prc-
662 3829 783 3890 Hecaten,
815 3829 867 3878 tria
884 3829 992 3892 cirpinis
1013 3842 1061 3878 ora
1077 3829 1185 3878 Dianas.

112 3897 191 3946 cetur:
220 3896 278 3965 Δὸς
299 3903 330 3954 ot
346 3918 398 3968 μοι
416 3897 505 3975 οὔρεα
522 3899 625 3954 πάντα·
663 3904 823 3966 Eiusimugo
838 3903 966 3954 Arciuool.
984 3903 1075 3954 Zeitl.
1090 3903 1184 3966 pltl.

112 3965 275 4043 --oipeaw
293 3973 415 4042 οἰκήσω.
451 3977 569 4029 Catullus
584 3977 625 4041 st,
695 3980 719 4028 5.
739 3977 763 4028 6.
791 3977 878 4043 uiuae]
898 3990 974 4028 mese
991 3978 1017 4027 in
1035 3977 1185 4026 Sabinis.-

112 4040 137 4089 91
161 4047 282 4101 Montium
298 4053 409 4103 cumina.
433 4079 460 4090 -
486 4053 628 4103 laborantes
659 4049 1184 4116 pisus]ulihiCybelaesucratovidllet.

112 4120 187 4184 utero]
217 4127 446 4189 «parturientem
476 4131 574 4178 Gerre:
599 4129 627 4178 in
664 4124 1000 4189 t0,tttl.l,h.l.Diuuee,
1020 4123 1184 4187 utProp.2,

116 4189 184 4242 Wein
192 4197 339 4251 ariciense.
362 4229 387 4238 -
403 4203 513 4268 puellos]
532 4205 561 4252 ut
576 4202 624 4252 Od.
664 4201 703 4262 49,
715 4201 754 4251 49.
768 4227 794 4237 -
808 4196 1098 4263 perecuctos--cnnosl
1109 4209 1187 4246 «cou-

113 4261 137 4323 3.
154 4266 196 4328 ⁴4.
216 4272 255 4323 lt).
274 4274 308 4324 de
325 4277 423 4340 nuptis.
664 4277 764 4334 lectos,
785 4275 953 4338 quotannis.»
976 4273 1024 4323 Od.
1037 4272 1065 4332 3,
1085 4271 1129 4332 t8,
1151 4273 1184 4320 s:

142 4339 163 4389 3.
183 4343 226 4394 Ter
240 4351 339 4414 vocatu]
358 4351 410 4401 «lli
422 4363 561 4402 ssororum
575 4351 626 4402 ritu
659 4350 732 4412 pierio
742 4375 777 4388 -·
786 4363 861 4400 anno.
875 4373 902 4385 -·
914 4348 1000 4412 lustro]
1013 4350 1042 4397 ut
1051 4347 1125 4397 estin
1136 4345 1186 4396 ior-

191 4435 281 4484 llontr.
298 4453 351 4487 vot.
369 4443 384 4486 l.
418 4455 456 4488 en.
475 4453 551 4488 ιιιιοι
567 4441 601 4488 lll.
987 4440 1015 4483 ³⁰
