3002 4974
496 463 556 512 niu.
576 463 605 512 ll.
642 463 670 512 C.
690 463 777 512 xviii.

292 621 422 685 Herum.
468 617 553 714 Quid
576 616 657 683 ultra
684 617 815 683 tendis?
837 621 949 706 Aequa
973 619 1066 686 tellus

252 777 388 864 Pauperi
413 775 592 844 recluditur
982 857 988 870 .

294 901 484 986 {legumque
506 897 633 985 pueris,
658 917 718 963 nec
742 896 871 964 satelles
895 899 971 966 Orci

253 1019 412 1088 Callidum
432 1019 626 1086 Promethea

294 1141 427 1210 lievexit
448 1162 527 1208 auro
551 1149 675 1228 eaptus!
720 1141 779 1207 ilio
801 1140 979 1228 superbum

183 1331 225 1381 32.
244 1331 325 1380 Erum
341 1331 390 1380 BT.
410 1356 438 1366 —
457 1329 499 1380 36.
518 1330 634 1381 lieuinzit
651 1331 685 1380 Sc
702 1333 731 1380 04
746 1341 787 1394 pr.
801 1327 828 1390 b,
847 1329 964 1382 lieuinaii
975 1343 1110 1394 superscr.
1129 1333 1178 1383 lie-

147 1407 220 1456 00044
238 1406 264 1456 d.
285 1408 324 1470 (Ut
340 1419 403 1465 nos,
421 1406 463 1456 BT
480 1406 508 1454 et
524 1418 593 1456 corr.
612 1403 651 1467 b.)

113 1577 164 1638 tine
191 1574 252 1623 Orci
284 1573 394 1635 rapace.
443 1574 541 1623 44044040
567 1572 645 1636 igitur
683 1572 751 1634 regis
769 1569 838 1621 filius
855 1573 911 1623 sive
928 1574 1024 1635 potens
1039 1572 1210 1638 sepeliendus

115 1651 241 1698 ceteras:
261 1648 284 1710 4)
301 1647 452 1696 Notioouio
462 1648 646 1697 0000440000
683 1659 712 1696 00
737 1645 840 1709 aequali
867 1649 954 1696 terrae
988 1659 1114 1699 mensura
1145 1662 1208 1699 cum

114 1725 220 1774 4404400
243 1723 337 1771 certior
359 1724 409 1784 flue
433 1723 558 1772 4400440040
582 1721 645 1785 (ais
682 1733 818 1784 pauperes
838 1720 894 1784 (cir.
914 1720 948 1770 ad
965 1722 1013 1771 od.
1032 1723 1062 1784 4,
1082 1722 1122 1782 44,
1136 1724 1207 1786 at.);

114 1801 170 1848 400
202 1797 318 1846 vertier
346 1796 520 1846 bestimmte
546 1797 644 1861 44040)
683 1807 735 1857 qua
752 1795 941 1858 significatione
962 1796 1115 1860 usurpanda
1133 1801 1210 1848 erant

114 1874 175 1922 Orci
192 1871 305 1933 rapacis.
332 1871 359 1932 2)
375 1871 453 1920 Nullo
470 1871 562 1920 certior
580 1871 646 1934 (000-
682 1882 725 1918 vv.
752 1870 801 1932 topi
825 1874 911 1931 wira,
945 1872 1090 1920 tantundem
1123 1877 1209 1922 terrae

113 1949 176 2009 4400)
187 1947 313 1995 destinato
324 1947 478 1995 antemonet
488 1946 576 1995 iemm
584 1947 647 1995 diui·
681 1943 779 1992 404000.
815 1944 862 1993 Est
882 1945 1020 1995 Menandri
1043 1943 1107 1996 illud
1129 1947 1206 1997 44040.

113 2019 647 2084 teatinetquamiinisiorciropccisliaii·
682 2030 740 2081 pag.
757 2018 821 2068 ⁴96:
841 2015 948 2068 Κοινὸν
964 2015 1016 2069 τὸν
1033 2013 1107 2088 ᾅδην
1117 2014 1209 2081 ἴσχον

114 2095 212 2146 cienda
225 2095 306 2145 eiiam
316 2093 426 2145 Bentleii
442 2095 643 2158 interpretatio:
683 2091 714 2141 04
729 2088 833 2154 πάντες
849 2091 961 2163 βροτοί.

114 2171 204 2220 «nulio
221 2170 327 2229 certior,
346 2170 398 2219 hoc
416 2171 466 2230 est,
484 2185 535 2219 000
554 2170 647 2219 certior
715 2167 756 2218 at.
775 2167 873 2217 satelles
884 2168 950 2232 Ores]
970 2168 1085 2229 Charon,
1098 2171 1209 2232 propter

115 2244 187 2308 {ride
209 2243 331 2293 Servium
353 2243 388 2292 ad
410 2245 504 2306 Georg.
529 2245 558 2304 4,
579 2245 644 2305 tas.)
682 2255 708 2291 v.
723 2242 763 2291 36.
783 2243 897 2302 limasti,
917 2255 970 2292 non
982 2243 1069 2303 Mors,
1088 2246 1118 2293 ut
1133 2242 1209 2293 vole-

114 2320 180 2369 0040
207 2322 293 2367 motui
321 2318 422 2368 44044040
449 2319 537 2367 Mum
564 2331 646 2381 quam
683 2316 729 2366 bat
746 2317 887 2379 Cruquius.
929 2317 1053 2366 Similiter
1078 2318 1209 2368 Leonidas

114 2391 424 2458 pauperemclientem.n
443 2393 562 2442 Primum
574 2394 645 2443 enim
683 2392 708 2441 in
726 2390 830 2441 anthol.
850 2389 903 2440 Pal.
917 2393 937 2441 1.
956 2405 1016 2455 pag.
1030 2391 1095 2440 325:
1112 2385 1207 2442 'didam

115 2470 208 2519 Latine
244 2471 425 2530 opponeretur
464 2465 553 2516 clienti
592 2481 645 2518 non
682 2464 791 2537 4000ρὲ
808 2462 940 2531 (tattaeus,
958 2463 1033 2517 τοῦτ’
1043 2461 1207 2538 Ἀχέροντος

113 2544 207 2602 heus,
227 2541 276 2591 sed
289 2545 432 2603 00400000)
460 2540 557 2591 deinde
575 2541 644 2592 nulla
677 2533 764 2611 Ὓδωρ
781 2535 815 2604 ὃς
832 2537 936 2604 alciata
947 2539 1085 2612 πορθμίδι
1099 2543 1207 2614 κυανέῃ

114 2617 226 2668 omnino
252 2616 296 2665 hic
322 2618 365 2666 est
388 2616 553 2681 comparatio
577 2617 645 2666 inter
681 2614 740 2665 κτλ.
769 2616 917 2679 (charontis
936 2617 1023 2679 imago
1041 2617 1125 2666 00440
1145 2619 1208 2667 Ger·

113 2693 260 2756 patronum
285 2693 313 2740 et
337 2688 475 2752 clientem,
502 2691 551 2742 sed
576 2692 645 2741 inter
681 2690 748 2740 hard
766 2691 820 2753 Get.
837 2705 864 2740 o.
885 2691 1009 2740 44404004.
1028 2691 1057 2740 Τ.
1076 2691 1117 2752 Χ.)

114 2767 204 2816 omum
239 2763 438 2828 (qualecunque
481 2764 644 2816 domicilium
713 2765 753 2814 35.
766 2763 1206 2828 CotlideunPrometlteoJHotxtlov‚

114 2840 238 2905 emplum
266 2843 293 2890 et
320 2839 490 2903 magnificum
519 2855 534 2890 a
564 2841 643 2890 divite
681 2835 906 2905 ποικιλομήτην,
924 2832 1131 2905 ἀγκυλομήτην
1145 2852 1208 2889 eum

114 2914 295 2977 exstructum)
322 2913 550 2986 0400400441οω
572 2917 645 2965 tene-
680 2915 779 2964 vocant
795 2914 895 2964 Graeci.
932 2914 985 2963 Cir.
1004 2913 1101 2963 ,400040Ι
1115 2915 1204 2962 Prom.

114 2989 253 3040 bricosam
280 2989 359 3050 Orci,
398 2990 425 3038 in
452 3000 535 3052 quam
563 2989 643 3040 etiam
681 2988 737 3038 308.
754 2987 831 3037 -De
844 2987 1002 3037 Prometheo
1016 2987 1208 3036 in0roumde-

114 3065 192 3114 dires
203 3063 312 3114 tandem
328 3063 453 3113 deveniat
468 3075 580 3114 neeesse
593 3066 642 3113 est.
680 3064 755 3112 truso
771 3061 818 3110 cir.
831 3061 880 3111 Od.
893 3063 924 3122 2,
944 3061 988 3122 43,
1008 3061 1048 3111 37.
1068 3062 1115 3111 4440
1127 3063 1207 3124 poeta

115 3140 240 3202 Denique
252 3138 361 3197 nemini,
374 3139 405 3186 ut
413 3138 521 3202 opinor,
535 3151 644 3202 magno-
680 3141 809 3188 Graecam
824 3135 941 3200 aliquam
960 3135 1088 3198 tabulam,
1109 3151 1142 3187 ex
1154 3151 1207 3201 qua

113 3225 182 3276 pere
199 3209 317 3275 placebit
339 3211 471 3262 distinctio
489 3226 504 3262 a
522 3213 643 3263 Doeder-
681 3211 856 3262 Prometheus
893 3223 957 3260 auro
992 3209 1081 3260 oblato
1109 3211 1205 3261 trustra

114 3285 197 3336 leinio
221 3286 253 3336 ll.
272 3285 376 3336 8040004.
403 3300 429 3350 p.
454 3286 512 3338 244.
540 3289 644 3350 excogi-
680 3285 823 3349 aliquando
841 3299 856 3335 a
874 3285 1007 3336 Charonte
1024 3285 1144 3349 petierit,
1177 3288 1206 3335 ut

114 3362 188 3410 tata:
217 3359 296 3410 440440
319 3362 412 3411 certior
436 3365 519 3410 400000
536 3362 645 3424 iiopocis
680 3363 768 3426 ipsum
786 3360 819 3410 ad
837 3373 949 3424 superos
961 3360 1112 3420 reveheret,
1130 3359 1207 3410 vide-

115 3435 176 3484 Orci
198 3436 257 3498 fine.
297 3436 429 3485 Destinoto
452 3437 518 3486 Auia
543 3437 644 3486 divium
681 3439 724 3486 tur
749 3437 908 3499 respexisse.
939 3462 966 3471 -
996 3434 1112 3498 44000044)
1141 3434 1206 3485 Tres

112 3515 200 3560 400004
221 3509 317 3558 Hersen
325 3522 335 3568 ,·
367 3511 427 3571 ocia
450 3510 520 3560 uitro
544 3509 644 3560 4004404
681 3509 815 3560 Vauderb.
829 3509 913 3560 Codd.
928 3511 1038 3572 tresque
1055 3509 1109 3560 mei
1124 3509 1208 3559 reuin-

113 3585 276 3649 praesertim
293 3586 458 3649 cumprime
478 3587 641 3636 enuntiatio:
679 3586 736 3646 uit,
755 3584 828 3648 quod
845 3586 954 3634 secutus
972 3585 1014 3634 est
1029 3585 1106 3634 Voss.
1153 3583 1206 3635 Sed

113 3659 270 3724 liutto-ltus
300 3661 378 3710 nimis
405 3660 440 3710 sit
468 3659 581 3724 abrupta
617 3662 644 3710 04
680 3659 752 3724 apud
768 3657 905 3720 Virgilium
926 3659 954 3707 et
969 3659 1137 3721 Propertium
1155 3658 1206 3710 hoc

114 3733 233 3784 ambitus
255 3733 333 3784 unius
351 3734 498 3784 sententiae
517 3748 549 3784 en
566 3733 643 3785 solita
680 3749 706 3784 v.
725 3733 855 3796 significat
873 3733 966 3782 «arcte
984 3730 1103 3795 ligares;
1132 3731 1206 3783 «sol-

113 3809 219 3858 ratioue
237 3805 341 3872 amplus
358 3821 391 3857 00
407 3807 501 3872 plenus
514 3809 642 3859 diuisione
680 3821 766 3858 veros
794 3807 907 3858 demum
933 3806 1005 3870 apud
1031 3805 1206 3858 Columellam

114 3881 158 3933 illa
185 3883 210 3932 40
241 3881 309 3931 duas
338 3881 509 3933 sententiolas
542 3881 642 3933 similes
681 3885 709 3943 t,
728 3883 757 3942 8,
777 3882 816 3931 46.

115 3957 195 4007 nimis
212 3959 379 4006 extenuetur.
713 3957 753 4006 36.
781 3969 846 4005 curo
863 3955 958 4020 capitu]
978 3955 1112 4020 CiriEpp.
1133 3955 1203 4016 m,

147 4031 189 4081 3³.
218 4030 368 4095 recluditur]
392 4029 508 4091 «Tellus,
528 4043 597 4094 quae
615 4031 642 4080 in
681 4031 742 4082 tia:
769 4031 953 4080 Orcau--nou
973 4030 1108 4080 mentitu
1129 4043 1204 4079 suro.

115 4116 212 4156 omnes
224 4103 321 4155 iisdem
332 4102 434 4167 legibus
446 4105 540 4165 utitur,
557 4105 643 4168 aperit
682 4133 710 4142 -
738 4104 796 4168 Hic]
827 4105 966 4164 «Orcus»,
996 4117 1050 4154 non
1080 4101 1205 4153 «satelles

115 4193 146 4231 se
163 4177 199 4228 ad
221 4176 389 4242 recipiendas
412 4177 439 4226 in
457 4179 555 4228 Orcum
572 4190 643 4227 mor-
679 4179 891 4240 oreiacharon,
901 4176 936 4226 ad
946 4190 1028 4240 0000]
1038 4175 1122 4227 ultimi
1131 4179 1204 4226 certe

117 4257 225 4304 tuorum
241 4251 379 4302 umbras.»
421 4251 582 4314 Neutiquam
599 4265 644 4300 ex·
679 4265 774 4303 versus
795 4250 865 4301 nullo
885 4253 965 4315 pacto
982 4250 1076 4300 reterri
1093 4251 1203 4314 queunt.

115 4327 271 4392 plicandum
288 4340 351 4390 cum
368 4325 454 4377 Schol.
469 4327 569 4389 Cruq.:
590 4327 642 4375 aTu
678 4327 746 4376 Nam
768 4323 817 4376 alia
841 4339 885 4375 res
904 4327 958 4386 est,
977 4326 1000 4375 si
1018 4325 1107 4388 Eurip.
1128 4321 1206 4374 4400-
