3012 4978
560 418 618 466 ilii.
639 419 679 466 iv.
716 419 745 468 C.
763 418 804 468 lll.

532 925 874 991 cmm

281 1100 333 1163 Ne
356 1097 436 1164 sorte
458 1095 574 1164 credas
596 1097 781 1174 interitura,
804 1117 890 1184 quae

281 1219 396 1306 Longe
419 1226 588 1285 sonantem
611 1228 704 1286 natus
726 1218 768 1286 ad
789 1218 939 1288 Aufidum

327 1341 397 1406 Non
419 1349 492 1407 ante
513 1339 658 1430 volgatas
681 1362 741 1430 per
763 1351 849 1409 artes

370 1461 476 1529 Verba
497 1461 615 1551 loquor
637 1464 792 1531 socianda
814 1463 962 1530 chordis:

281 1622 367 1698 Non,
393 1621 420 1687 si
443 1621 572 1708 priores
594 1622 761 1690 Maeonius
784 1631 871 1690 tenet

281 1742 390 1811 Sedes
412 1743 590 1822 Homerus,
614 1743 804 1811 Pindaricae
826 1743 926 1811 latent

328 1865 482 1952 Ceaeque
505 1875 537 1932 et
556 1864 665 1933 Alcaei
686 1867 831 1934 minaces

214 2047 259 2097 ix.
279 2047 366 2098 inser.
379 2043 449 2108 uolg.
466 2043 505 2096 Aa
520 2045 636 2106 Lotum,
655 2048 683 2096 ct
699 2046 738 2097 sic
749 2046 793 2096 hc.
808 2071 836 2083 -
849 2044 888 2096 lu
902 2045 1021 2098 Maraeu
1036 2045 1214 2096 hottenem-

179 2120 297 2172 suturem
309 2121 335 2170 S.
357 2146 385 2156 -
404 2120 462 2170 Om.
475 2121 524 2170 BT.
539 2146 568 2156 -
586 2119 611 2170 3.
630 2119 718 2171 Habet
736 2121 895 2185 scripturam
911 2121 1062 2186 uolpctarec.
1084 2147 1112 2158 -
1130 2120 1155 2172 l.
1174 2121 1213 2170 tc-

179 2205 251 2256 qucr
271 2207 410 2259 superscr.
430 2208 444 2244 ο
462 2208 486 2245 ο.
508 2221 534 2248 ,-
553 2194 660 2260 chordis]
677 2197 763 2248 anuh
778 2195 843 2246 cod.
856 2195 935 2248 card.
948 2197 1021 2248 iiain.
1040 2197 1096 2248 siva
1114 2196 1213 2248 Fama-

179 2269 276 2322 sianus
295 2269 369 2334 apud
386 2267 478 2321 hamb.

179 2428 223 2479 lx.
250 2429 296 2480 De
321 2427 481 2492 argumento
506 2425 554 2478 cir.
581 2426 683 2478 Excur-
720 2427 852 2490 liaconis,
884 2427 995 2491 mythici
1019 2427 1102 2492 patris
1127 2427 1244 2478 Homeri.

149 2512 221 2553 sum.
719 2504 857 2567 Antipater
879 2503 974 2554 Thess.
1001 2504 1029 2552 in
1054 2501 1132 2553 Anth.
1152 2500 1205 2552 Pal.
1224 2505 1244 2553 1.

179 2575 259 2628 t-i.
288 2576 328 2626 Νο
343 2576 409 2639 furta
425 2575 522 2640 creda-s]
541 2574 680 2641 Apodosis,
722 2590 781 2642 pag.
800 2577 865 2629 tii:
896 2578 923 2626 at
938 2573 961 2626 δ’
981 2569 1081 2642 ὕμνων
1098 2573 1246 2648 σκᾶπτρον

148 2661 230 2713 quam
248 2650 375 2716 plerique
387 2650 486 2714 puncto
497 2653 559 2714 post
568 2663 595 2702 v.
608 2652 683 2702 cher-
714 2643 839 2723 Ὄμηρος
860 2644 922 2712 ἔχει
938 2651 996 2702 Kal
1012 2649 1082 2714 Ζεύς
1098 2665 1144 2706 τοι
1160 2652 1247 2722 κρέσ-

149 2723 187 2774 uis
208 2726 303 2789 posito
326 2723 492 2789 apriorihus
513 2724 680 2788 divellerunt,
720 2741 780 2776 σων
802 2721 1021 2788 Ἑνοσίχθονος·
1048 2720 1109 2776 ἀλλ’
1133 2720 1246 2778 'Evect-

149 2797 221 2849 inest
246 2800 274 2850 in
302 2801 363 2848 uti
389 2811 484 2862 sequ:
516 2799 602 2850 «Scito
628 2812 682 2850 non
719 2800 800 2860 χθων
818 2794 1022 2865 nonnisique
1039 2803 1146 2866 μείων,
1168 2795 1247 2851 ἀθο-

149 2873 305 2926 ahlitternia
323 2889 384 2926 essa
395 2875 501 2925 Pindari
513 2877 564 2926 cet.
584 2877 683 2926 carmi·
719 2870 814 2924 νάτων
843 2873 867 2924 δ’
894 2869 1014 2938 ὕπατος.
1059 2874 1116 2926 Καὶ
1129 2871 1246 2946 ’ναετὴρ

150 2962 183 2999 na
209 2965 264 3001 nec
299 2949 383 3000 multu
417 2951 550 3000 minorem
580 2949 681 3014 lyricae
718 2945 897 3012 Κολοφῶνος
915 2948 1103 3013 (Antimachus)
1128 2943 1246 3014 ὑπέζευ-

149 3026 240 3086 poesis
254 3026 413 3088 dignitatem
425 3038 506 3089 quem
519 3027 637 3090 spicae.»
652 3053 679 3062 -
718 3037 785 3074 nm
800 3021 855 3089 μὲν
869 3019 983 3112 Ὁμήρῳ
991 3061 1000 3086 ,
1015 3019 1134 3088 Ἀγεῖται
1150 3022 1174 3074 δ’
1190 3018 1244 3075 ἄλ-

150 3099 185 3148 ntt
208 3099 343 3165 Aufidium]
373 3099 426 3150 Cir.
449 3099 497 3150 0d.
520 3100 548 3160 3,
574 3099 618 3162 30,
638 3099 678 3150 40.
719 3097 776 3149 λων
793 3094 919 3161 πλάθεος
934 3093 1116 3162 νμνοπόλων.
1136 3101 1242 3150 Lucret.

151 3173 199 3224 Od.
218 3175 248 3235 l,
269 3174 299 3234 3,
317 3173 358 3224 23.
379 3173 467 3235 etit,
486 3176 527 3226 25.
548 3176 683 3226 Cnmstu-
719 3173 747 3234 3,
767 3171 846 3223 ⁴049:
876 3173 945 3223 Alide
959 3173 1150 3223 Heliconiadum
1165 3176 1246 3224 amni-

112 3247 114 3254 ’
151 3246 195 3298 dio
212 3250 332 3312 patrium
350 3250 466 3300 tractum
483 3263 593 3314 semper
609 3263 682 3300 com·
718 3253 764 3308 tea,
789 3261 897 3309 quorum
916 3260 983 3298 unua
1002 3247 1124 3298 Hom
1140 3248 1247 3310 Sceptra

151 3325 288 3374 memorat
304 3321 498 3387 moriaturque,
517 3323 580 3374 inde
597 3325 682 3389 potis-
716 3323 820 3385 potitus.
855 3323 940 3372 Dante
965 3321 1066 3385 insama
1087 3319 1116 3372 l:
1145 3321 1246 3372 Eccctt

151 3395 265 3460 simum,
285 3397 357 3448 unde
375 3399 489 3449 tortasse
506 3399 615 3449 minime
633 3413 681 3449 ex·
717 3398 804 3461 stpnor
831 3396 885 3446 detl’
915 3396 1036 3446 uittam
1064 3399 1155 3457 cauto,
1196 3396 1246 3447 Gltc

152 3475 340 3534 spectaretur,
374 3473 499 3524 Romanis
528 3474 679 3536 exstitisse,
717 3485 794 3522 roura
804 3472 840 3535 pti
851 3471 928 3533 altri,
946 3473 1008 3522 com*
1021 3471 1118 3532 οονίὶο,
1136 3471 1243 3521 vela.-

153 3547 198 3608 qui
208 3550 373 3598 Graecorum
391 3547 504 3610 lyricam
514 3549 608 3612 poesin
621 3549 681 3598 tan-
718 3546 840 3611 Ceaeque]
858 3548 916 3596 Non
927 3548 969 3598 est
978 3544 1155 3609 Bacchylides
1164 3547 1243 3608 Ceus,

152 3619 215 3671 dem
232 3623 267 3674 ad
285 3635 333 3673 eos
350 3622 550 3684 transducerem
568 3623 596 3674 id
607 3621 680 3688 quod
718 3621 767 3672 scd
776 3621 933 3672 Simonides.
947 3619 996 3671 0d.
1007 3623 1032 3683 2,
1043 3621 1068 3683 t,
1078 3621 1119 3672 38.
1130 3622 1242 3672 Thcccr.

152 3694 225 3747 inest
235 3699 263 3748 in
275 3710 352 3761 seqq.
379 3699 436 3748 Non
447 3704 507 3750 mata
517 3701 569 3749 cet.
589 3726 617 3736 -
638 3713 681 3748 so-
719 3696 764 3757 ie,
778 3695 822 3747 tt:
842 3691 935 3758 δεινὸς
952 3693 1166 3760 (κετνοςΑῐοοίε)
1180 3691 1245 3748 ἀοι-

154 3769 247 3822 danic
263 3773 370 3838 chordis]
391 3771 480 3835 «lyrae
498 3773 627 3838 aptanda,
646 3774 680 3824 ad
717 3765 768 3833 δὸς
785 3764 802 3820 ὁ
820 3766 910 3836 Κήϊος
928 3767 1015 3821 αἰόλα
1031 3773 1152 3834 φωνέων
1168 3769 1245 3842 Βάρ-

153 3840 240 3904 lyram
264 3847 458 3897 decantanda.»
482 3849 574 3898 Senon
604 3848 679 3899 Ovid.
717 3845 800 3907 βιτον
826 3845 856 3908 ἐς
882 3842 1073 3918 πολύχορδον.
1103 3874 1130 3884 -
1160 3847 1246 3900 Alcaei

155 3917 215 3968 hiet.
229 3921 270 3982 lt,
283 3923 312 3971 5:
332 3921 432 3984 eptae
445 3924 681 3985 percenseremus-
717 3921 836 3985 mtuuces]
854 3917 1049 3982 στασιωτικοὶ,
1076 3921 1174 3984 quihus
1192 3923 1245 3973 Pit—

154 3994 335 4046 sulcamina
350 3997 441 4046 uernis.
461 3999 518 4048 Non
533 3999 590 4047 sine
603 4009 682 4061 genc-
720 4001 808 4047 lacum
826 3995 1035 4060 hymnumque,
1055 3995 1134 4047 Lesbi
1152 3997 1245 4058 tyran·

156 4077 215 4118 rosa
241 4070 415 4132 confidentia,
452 4072 482 4122 ut
505 4085 586 4136 supra
613 4071 679 4132 dixi,
719 4085 780 4130 nos¹
808 4072 961 4122 insectatur.
997 4070 1045 4120 Od.
1071 4071 1100 4131 ἓ,
1128 4069 1173 4130 la,
1201 4069 1242 4120 34.

156 4145 346 4211 semetipsum
363 4147 496 4198 immiscet
513 4149 630 4198 Graccis.
719 4145 772 4196 Cir.
793 4146 873 4196 etiam
892 4159 926 4196 cx
942 4147 1136 4211 συμποτικοῖς
1147 4145 1188 4194 Fr.
1201 4143 1241 4195 30.

188 4217 264 4270 5-7.
291 4221 433 4286 Maeonius]
451 4221 679 4285 proprieLydus;
719 4219 883 4271 Schneider.
902 4218 959 4270 Del.
978 4233 1004 4284 p.
1024 4218 1081 4271 ati.
1112 4218 1198 4282 Bergk
1214 4231 1241 4283 p.

157 4288 182 4337 h.
201 4290 218 4341 l.
238 4295 309 4348 idam
333 4295 406 4360 quod
428 4296 584 4353 Maeonides,
614 4293 681 4346 illius
719 4295 782 4346 579:
809 4291 861 4344 τὸν
884 4289 1082 4364 κακοπάτριοα
1099 4293 1244 4345 Πίττακον
