<?xml version="1.0" encoding="UTF-8"?>
<!DOCTYPE html PUBLIC "-//W3C//DTD XHTML 1.0 Transitional//EN"
    "http://www.w3.org/TR/xhtml1/DTD/xhtml1-transitional.dtd">
<html xmlns="http://www.w3.org/1999/xhtml" xml:lang="en" lang="en">
 <head>
  <title>
</title>
<meta http-equiv="Content-Type" content="text/html;charset=utf-8" />
  <meta name='ocr-system' content='tesseract 3.04.00' />
  <meta name='ocr-capabilities' content='ocr_page ocr_carea ocr_par ocr_line ocrx_word'/>
</head>
<body>
  <div class='ocr_page' id='page_1' title='image "./qhoratiusflaccu02baitgoog/qhoratiusflaccu02baitgoog_0535.png"; bbox 0 0 3014 4978; ppageno 0'>
   <div class='ocr_carea' id='block_1_1' title="bbox 707 442 1022 496">
    <p class='ocr_par' dir='ltr' id='par_1_1' title="bbox 707 442 1022 496">
     <span class='ocr_line' id='line_1_1' title="bbox 707 442 1022 496; baseline 0 -2"><span class='ocrx_word' id='word_1_1' title='bbox 707 443 835 496; x_wconf 75' lang='lat' dir='ltr'><strong>aonam</strong></span> <span class='ocrx_word' id='word_1_2' title='bbox 853 442 1022 496; x_wconf 64' lang='lat' dir='ltr'><strong>conuiuii!</strong></span> 
     </span>
    </p>
   </div>
   <div class='ocr_carea' id='block_1_2' title="bbox 493 596 1165 908">
    <p class='ocr_par' dir='ltr' id='par_1_2' title="bbox 493 596 1165 908">
     <span class='ocr_line' id='line_1_2' title="bbox 498 596 1165 685; baseline 0 -21"><span class='ocrx_word' id='word_1_3' title='bbox 498 599 583 664; x_wconf 87' lang='lat' dir='ltr'><strong>Mitte</strong></span> <span class='ocrx_word' id='word_1_4' title='bbox 605 596 776 684; x_wconf 85' lang='lat' dir='ltr'><strong>singultus,</strong></span> <span class='ocrx_word' id='word_1_5' title='bbox 802 597 887 666; x_wconf 86' lang='lat' dir='ltr'><strong>bene</strong></span> <span class='ocrx_word' id='word_1_6' title='bbox 910 597 993 664; x_wconf 83' lang='lat' dir='ltr'><strong>serre</strong></span> <span class='ocrx_word' id='word_1_7' title='bbox 1016 617 1165 685; x_wconf 83' lang='lat' dir='ltr'><strong>magnam</strong></span> 
     </span>
     <span class='ocr_line' id='line_1_3' title="bbox 493 717 1109 796; baseline -0.003 -10"><span class='ocrx_word' id='word_1_8' title='bbox 493 721 590 787; x_wconf 84' lang='lat' dir='ltr'><strong>Disce</strong></span> <span class='ocrx_word' id='word_1_9' title='bbox 613 719 786 796; x_wconf 82' lang='lat' dir='ltr'><strong>fortunam,</strong></span> <span class='ocrx_word' id='word_1_10' title='bbox 812 731 867 786; x_wconf 89' lang='lat' dir='ltr'><strong>tua</strong></span> <span class='ocrx_word' id='word_1_11' title='bbox 889 728 997 786; x_wconf 88' lang='lat' dir='ltr'><strong>sectus</strong></span> <span class='ocrx_word' id='word_1_12' title='bbox 1019 717 1109 785; x_wconf 87' lang='lat' dir='ltr'><strong>orbis</strong></span> 
     </span>
     <span class='ocr_line' id='line_1_4' title="bbox 622 841 884 908; baseline -0.015 0"><span class='ocrx_word' id='word_1_13' title='bbox 622 841 756 908; x_wconf 84' lang='lat' dir='ltr'><strong>Nomina</strong></span> <span class='ocrx_word' id='word_1_14' title='bbox 778 841 884 908; x_wconf 89' lang='lat' dir='ltr'><strong>ducet.</strong></span> 
     </span>
    </p>
   </div>
   <div class='ocr_carea' id='block_1_3' title="bbox 324 1076 1401 2924">
    <p class='ocr_par' dir='ltr' id='par_1_3' title="bbox 324 1076 1401 2924">
     <span class='ocr_line' id='line_1_5' title="bbox 325 1076 1397 1141; baseline -0.005 -12"><span class='ocrx_word' id='word_1_15' title='bbox 325 1079 541 1130; x_wconf 84' lang='lat' dir='ltr'><strong>affirmationem:</strong></span> <span class='ocrx_word' id='word_1_16' title='bbox 557 1079 664 1129; x_wconf 78' lang='lat' dir='ltr'><strong>«Nescis</strong></span> <span class='ocrx_word' id='word_1_17' title='bbox 676 1077 773 1138; x_wconf 87' lang='lat' dir='ltr'><strong>adhuc,</strong></span> <span class='ocrx_word' id='word_1_18' title='bbox 787 1089 848 1126; x_wconf 88' lang='lat' dir='ltr'><strong>cara</strong></span> <span class='ocrx_word' id='word_1_19' title='bbox 886 1076 973 1126; x_wconf 65' lang='lat' dir='ltr'><strong>Auum</strong></span> <span class='ocrx_word' id='word_1_20' title='bbox 989 1081 1012 1126; x_wconf 84' lang='lat' dir='ltr'><strong>ei</strong></span> <span class='ocrx_word' id='word_1_21' title='bbox 1029 1077 1166 1138; x_wconf 80' lang='lat' dir='ltr'><strong>Europam.</strong></span> <span class='ocrx_word' id='word_1_22' title='bbox 1191 1077 1269 1141; x_wconf 89' lang='lat' dir='ltr'><strong>Soph.</strong></span> <span class='ocrx_word' id='word_1_23' title='bbox 1288 1076 1397 1126; x_wconf 76' lang='lat' dir='ltr'><strong>Trachin</strong></span> 
     </span>
     <span class='ocr_line' id='line_1_6' title="bbox 325 1145 1396 1221; baseline -0.003 -19"><span class='ocrx_word' id='word_1_24' title='bbox 325 1151 425 1218; x_wconf 87' lang='lat' dir='ltr'><strong>puelia,</strong></span> <span class='ocrx_word' id='word_1_25' title='bbox 450 1152 518 1202; x_wconf 84' lang='lat' dir='ltr'><strong>lovis</strong></span> <span class='ocrx_word' id='word_1_26' title='bbox 540 1153 566 1202; x_wconf 89' lang='lat' dir='ltr'><strong>te</strong></span> <span class='ocrx_word' id='word_1_27' title='bbox 590 1153 730 1214; x_wconf 83' lang='lat' dir='ltr'><strong>coniugem</strong></span> <span class='ocrx_word' id='word_1_28' title='bbox 753 1163 848 1212; x_wconf 76' lang='lat' dir='ltr'><strong>csse»,</strong></span> <span class='ocrx_word' id='word_1_29' title='bbox 888 1151 951 1200; x_wconf 75' lang='lat'><strong>⁴00:</strong></span> <span class='ocrx_word' id='word_1_30' title='bbox 978 1147 1125 1202; x_wconf 76' lang='grc' dir='ltr'><strong><em>δισσαῑσιν</em></strong></span> <span class='ocrx_word' id='word_1_31' title='bbox 1144 1145 1275 1221; x_wconf 66' lang='grc' dir='ltr'><strong>Ιοἰκείροκς</strong></span> <span class='ocrx_word' id='word_1_32' title='bbox 1291 1148 1396 1212; x_wconf 74' lang='grc' dir='ltr'><strong>κλιθεὶς.</strong></span> 
     </span>
     <span class='ocr_line' id='line_1_7' title="bbox 326 1223 1401 1286; baseline -0.005 -9"><span class='ocrx_word' id='word_1_33' title='bbox 326 1227 351 1277; x_wconf 90' lang='lat' dir='ltr'><strong>id</strong></span> <span class='ocrx_word' id='word_1_34' title='bbox 371 1229 424 1286; x_wconf 84' lang='lat' dir='ltr'><strong>est,</strong></span> <span class='ocrx_word' id='word_1_35' title='bbox 444 1226 525 1276; x_wconf 74' lang='lat' dir='ltr'><strong>«scito</strong></span> <span class='ocrx_word' id='word_1_36' title='bbox 542 1227 568 1276; x_wconf 84' lang='lat' dir='ltr'><strong>ta</strong></span> <span class='ocrx_word' id='word_1_37' title='bbox 580 1239 643 1276; x_wconf 87' lang='lat' dir='ltr'><strong>mox</strong></span> <span class='ocrx_word' id='word_1_38' title='bbox 661 1224 734 1276; x_wconf 89' lang='lat' dir='ltr'><strong>iilum</strong></span> <span class='ocrx_word' id='word_1_39' title='bbox 757 1226 850 1276; x_wconf 89' lang='lat' dir='ltr'><strong>eoniu-</strong></span> <span class='ocrx_word' id='word_1_40' title='bbox 887 1223 950 1274; x_wconf 82' lang='lat' dir='ltr'><strong>Piat.</strong></span> <span class='ocrx_word' id='word_1_41' title='bbox 971 1225 997 1276; x_wconf 90' lang='lat' dir='ltr'><strong>in</strong></span> <span class='ocrx_word' id='word_1_42' title='bbox 1011 1225 1091 1276; x_wconf 89' lang='lat' dir='ltr'><strong>Critia</strong></span> <span class='ocrx_word' id='word_1_43' title='bbox 1106 1227 1162 1276; x_wconf 70' lang='lat' dir='ltr'><strong>tii.</strong></span> <span class='ocrx_word' id='word_1_44' title='bbox 1180 1226 1207 1276; x_wconf 85' lang='lat' dir='ltr'><strong>E.</strong></span> <span class='ocrx_word' id='word_1_45' title='bbox 1220 1225 1272 1276; x_wconf 84' lang='lat' dir='ltr'><strong>Cir.</strong></span> <span class='ocrx_word' id='word_1_46' title='bbox 1286 1224 1401 1276; x_wconf 86' lang='lat' dir='ltr'><strong>Schaeier</strong></span> 
     </span>
     <span class='ocr_line' id='line_1_8' title="bbox 326 1297 1400 1364; baseline -0.003 -13"><span class='ocrx_word' id='word_1_47' title='bbox 326 1313 387 1364; x_wconf 80' lang='lat' dir='ltr'><strong>gem</strong></span> <span class='ocrx_word' id='word_1_48' title='bbox 413 1299 564 1350; x_wconf 84' lang='lat' dir='ltr'><strong>habituram</strong></span> <span class='ocrx_word' id='word_1_49' title='bbox 586 1313 674 1350; x_wconf 80' lang='lat' dir='ltr'><strong>essa.»</strong></span> <span class='ocrx_word' id='word_1_50' title='bbox 709 1300 762 1350; x_wconf 87' lang='lat' dir='ltr'><strong>Sed</strong></span> <span class='ocrx_word' id='word_1_51' title='bbox 787 1312 850 1349; x_wconf 88' lang='lat' dir='ltr'><strong>cum</strong></span> <span class='ocrx_word' id='word_1_52' title='bbox 888 1297 1019 1349; x_wconf 82' lang='lat' dir='ltr'><strong>Maletum.</strong></span> <span class='ocrx_word' id='word_1_53' title='bbox 1040 1299 1096 1348; x_wconf 86' lang='lat' dir='ltr'><strong>crit.</strong></span> <span class='ocrx_word' id='word_1_54' title='bbox 1116 1313 1142 1364; x_wconf 90' lang='lat' dir='ltr'><strong>p.</strong></span> <span class='ocrx_word' id='word_1_55' title='bbox 1157 1299 1208 1362; x_wconf 84' lang='grc'>36.,</span> <span class='ocrx_word' id='word_1_56' title='bbox 1227 1300 1273 1350; x_wconf 92' lang='lat' dir='ltr'><strong>uhi</strong></span> <span class='ocrx_word' id='word_1_57' title='bbox 1290 1298 1400 1350; x_wconf 80' lang='lat' dir='ltr'><strong>locossi-</strong></span> 
     </span>
     <span class='ocr_line' id='line_1_9' title="bbox 326 1371 1397 1437; baseline -0.005 -11"><span class='ocrx_word' id='word_1_58' title='bbox 326 1375 479 1426; x_wconf 87' lang='lat' dir='ltr'><strong>nominativi</strong></span> <span class='ocrx_word' id='word_1_59' title='bbox 496 1387 559 1424; x_wconf 91' lang='lat' dir='ltr'><strong>cum</strong></span> <span class='ocrx_word' id='word_1_60' title='bbox 575 1374 702 1424; x_wconf 87' lang='lat' dir='ltr'><strong>infinitivo</strong></span> <span class='ocrx_word' id='word_1_61' title='bbox 713 1387 778 1424; x_wconf 87' lang='lat' dir='ltr'><strong>usus</strong></span> <span class='ocrx_word' id='word_1_62' title='bbox 789 1375 851 1437; x_wconf 87' lang='lat' dir='ltr'><strong>post</strong></span> <span class='ocrx_word' id='word_1_63' title='bbox 887 1371 964 1422; x_wconf 83' lang='lat' dir='ltr'><strong>miles</strong></span> <span class='ocrx_word' id='word_1_64' title='bbox 974 1371 1078 1436; x_wconf 79' lang='lat' dir='ltr'><strong>collegit</strong></span> <span class='ocrx_word' id='word_1_65' title='bbox 1088 1373 1212 1437; x_wconf 79' lang='lat' dir='ltr'><strong>Aeschyl.</strong></span> <span class='ocrx_word' id='word_1_66' title='bbox 1227 1375 1300 1424; x_wconf 80' lang='lat' dir='ltr'><strong>Pers.</strong></span> <span class='ocrx_word' id='word_1_67' title='bbox 1312 1387 1336 1422; x_wconf 86' lang='lat' dir='ltr'><strong>v.</strong></span> <span class='ocrx_word' id='word_1_68' title='bbox 1350 1373 1397 1423; x_wconf 80' lang='lat' dir='ltr'><strong>na.</strong></span> 
     </span>
     <span class='ocr_line' id='line_1_10' title="bbox 326 1444 1400 1512; baseline -0.005 -12"><span class='ocrx_word' id='word_1_69' title='bbox 326 1449 410 1500; x_wconf 87' lang='lat' dir='ltr'><strong>verba</strong></span> <span class='ocrx_word' id='word_1_70' title='bbox 431 1448 563 1500; x_wconf 82' lang='lat' dir='ltr'><strong>sentiendi</strong></span> <span class='ocrx_word' id='word_1_71' title='bbox 586 1451 613 1498; x_wconf 90' lang='lat' dir='ltr'><strong>et</strong></span> <span class='ocrx_word' id='word_1_72' title='bbox 632 1447 785 1499; x_wconf 86' lang='lat' dir='ltr'><strong>declarandi</strong></span> <span class='ocrx_word' id='word_1_73' title='bbox 807 1445 849 1497; x_wconf 90' lang='lat' dir='ltr'><strong>vel</strong></span> <span class='ocrx_word' id='word_1_74' title='bbox 887 1444 951 1496; x_wconf 90' lang='lat' dir='ltr'><strong>Plat.</strong></span> <span class='ocrx_word' id='word_1_75' title='bbox 971 1449 1049 1510; x_wconf 82' lang='lat' dir='ltr'><strong>Gorg.</strong></span> <span class='ocrx_word' id='word_1_76' title='bbox 1067 1460 1094 1512; x_wconf 93' lang='lat' dir='ltr'><strong>p.</strong></span> <span class='ocrx_word' id='word_1_77' title='bbox 1108 1448 1166 1498; x_wconf 77' lang='lat'><strong>265.</strong></span> <span class='ocrx_word' id='word_1_78' title='bbox 1185 1448 1234 1498; x_wconf 89' lang='lat' dir='ltr'><strong>Ed.</strong></span> <span class='ocrx_word' id='word_1_79' title='bbox 1248 1447 1338 1499; x_wconf 85' lang='lat' dir='ltr'><strong>Heind.</strong></span> <span class='ocrx_word' id='word_1_80' title='bbox 1356 1448 1400 1496; x_wconf 89' lang='lat' dir='ltr'><strong>iso-</strong></span> 
     </span>
     <span class='ocr_line' id='line_1_11' title="bbox 326 1519 1397 1588; baseline -0.005 -14"><span class='ocrx_word' id='word_1_81' title='bbox 326 1523 397 1588; x_wconf 90' lang='lat' dir='ltr'><strong>apud</strong></span> <span class='ocrx_word' id='word_1_82' title='bbox 414 1526 508 1588; x_wconf 73' lang='lat' dir='ltr'><strong>poitas</strong></span> <span class='ocrx_word' id='word_1_83' title='bbox 525 1523 630 1574; x_wconf 83' lang='lat' dir='ltr'><strong>Latinos</strong></span> <span class='ocrx_word' id='word_1_84' title='bbox 642 1523 794 1575; x_wconf 79' lang='lat' dir='ltr'><strong>rarissimus</strong></span> <span class='ocrx_word' id='word_1_85' title='bbox 806 1523 848 1584; x_wconf 85' lang='lat' dir='ltr'><strong>ait,</strong></span> <span class='ocrx_word' id='word_1_86' title='bbox 887 1520 967 1570; x_wconf 88' lang='lat' dir='ltr'><strong>cratis</strong></span> <span class='ocrx_word' id='word_1_87' title='bbox 979 1521 1075 1584; x_wconf 83' lang='lat' dir='ltr'><strong>Paneg.</strong></span> <span class='ocrx_word' id='word_1_88' title='bbox 1086 1535 1110 1571; x_wconf 87' lang='lat' dir='ltr'><strong>c.</strong></span> <span class='ocrx_word' id='word_1_89' title='bbox 1121 1519 1161 1572; x_wconf 79' lang='lat' dir='ltr'><strong>t8.</strong></span> <span class='ocrx_word' id='word_1_90' title='bbox 1172 1521 1272 1573; x_wconf 76' lang='lat' dir='ltr'><strong>Moschi</strong></span> <span class='ocrx_word' id='word_1_91' title='bbox 1284 1524 1308 1584; x_wconf 73' lang='grc' dir='ltr'><strong>Ξ,</strong></span> <span class='ocrx_word' id='word_1_92' title='bbox 1320 1523 1341 1572; x_wconf 83' lang='grc'><strong>6,</strong></span> <span class='ocrx_word' id='word_1_93' title='bbox 1354 1523 1397 1571; x_wconf 86' lang='lat' dir='ltr'><strong>eet.</strong></span> 
     </span>
     <span class='ocr_line' id='line_1_12' title="bbox 324 1595 1398 1663; baseline -0.004 -15"><span class='ocrx_word' id='word_1_94' title='bbox 324 1598 443 1663; x_wconf 77' lang='lat' dir='ltr'><strong>praestat</strong></span> <span class='ocrx_word' id='word_1_95' title='bbox 465 1597 576 1648; x_wconf 77' lang='lat' dir='ltr'><strong>torturae</strong></span> <span class='ocrx_word' id='word_1_96' title='bbox 600 1597 667 1647; x_wconf 87' lang='lat' dir='ltr'><strong>haec</strong></span> <span class='ocrx_word' id='word_1_97' title='bbox 690 1597 851 1662; x_wconf 75' lang='lat' dir='ltr'><strong>interprete·</strong></span> <span class='ocrx_word' id='word_1_98' title='bbox 888 1596 986 1646; x_wconf 87' lang='lat' dir='ltr'><strong>Contra</strong></span> <span class='ocrx_word' id='word_1_99' title='bbox 1004 1597 1078 1646; x_wconf 87' lang='lat' dir='ltr'><strong>ovid.</strong></span> <span class='ocrx_word' id='word_1_100' title='bbox 1097 1597 1166 1646; x_wconf 81' lang='lat' dir='ltr'><strong>Fast.</strong></span> <span class='ocrx_word' id='word_1_101' title='bbox 1185 1599 1214 1660; x_wconf 78' lang='lat' dir='ltr'><strong>h,</strong></span> <span class='ocrx_word' id='word_1_102' title='bbox 1234 1597 1296 1648; x_wconf 74' lang='lat'><strong>647:</strong></span> <span class='ocrx_word' id='word_1_103' title='bbox 1315 1601 1347 1658; x_wconf 80' lang='lat' dir='ltr'><strong>ta,</strong></span> <span class='ocrx_word' id='word_1_104' title='bbox 1362 1595 1398 1644; x_wconf 72' lang='lat' dir='ltr'><strong>si-</strong></span> 
     </span>
     <span class='ocr_line' id='line_1_13' title="bbox 326 1671 1399 1734; baseline -0.002 -11"><span class='ocrx_word' id='word_1_105' title='bbox 326 1675 375 1723; x_wconf 89' lang='lat' dir='ltr'><strong>tio:</strong></span> <span class='ocrx_word' id='word_1_106' title='bbox 395 1673 494 1722; x_wconf 58' lang='lat' dir='ltr'><strong>“Nescis</strong></span> <span class='ocrx_word' id='word_1_107' title='bbox 512 1672 574 1734; x_wconf 83' lang='lat' dir='ltr'><strong>(non</strong></span> <span class='ocrx_word' id='word_1_108' title='bbox 585 1671 672 1732; x_wconf 80' lang='lat' dir='ltr'><strong>vales,</strong></span> <span class='ocrx_word' id='word_1_109' title='bbox 692 1685 745 1722; x_wconf 92' lang='lat' dir='ltr'><strong>non</strong></span> <span class='ocrx_word' id='word_1_110' title='bbox 757 1671 849 1734; x_wconf 82' lang='lat' dir='ltr'><strong>audes)</strong></span> <span class='ocrx_word' id='word_1_111' title='bbox 887 1671 959 1732; x_wconf 80' lang='lat' dir='ltr'><strong>doni,</strong></span> <span class='ocrx_word' id='word_1_112' title='bbox 977 1671 1090 1734; x_wconf 81' lang='lat' dir='ltr'><strong>Iuppiter</strong></span> <span class='ocrx_word' id='word_1_113' title='bbox 1105 1671 1204 1733; x_wconf 82' lang='lat' dir='ltr'><strong>impiet,</strong></span> <span class='ocrx_word' id='word_1_114' title='bbox 1222 1673 1399 1734; x_wconf 73' lang='lat' dir='ltr'><strong>rarsqneinn</strong></span> 
     </span>
     <span class='ocr_line' id='line_1_14' title="bbox 325 1745 1398 1810; baseline -0.003 -13"><span class='ocrx_word' id='word_1_115' title='bbox 325 1761 375 1797; x_wconf 75' lang='lat' dir='ltr'><strong>ease</strong></span> <span class='ocrx_word' id='word_1_116' title='bbox 391 1747 456 1797; x_wconf 81' lang='lat' dir='ltr'><strong>ionis</strong></span> <span class='ocrx_word' id='word_1_117' title='bbox 470 1761 539 1796; x_wconf 70' lang='lat' dir='ltr'><strong>naor</strong></span> <span class='ocrx_word' id='word_1_118' title='bbox 555 1747 589 1810; x_wconf 81' lang='lat' dir='ltr'><strong>(te</strong></span> <span class='ocrx_word' id='word_1_119' title='bbox 601 1759 694 1810; x_wconf 82' lang='lat' dir='ltr'><strong>gerere</strong></span> <span class='ocrx_word' id='word_1_120' title='bbox 707 1747 851 1796; x_wconf 81' lang='lat' dir='ltr'><strong>lovisuxo-</strong></span> <span class='ocrx_word' id='word_1_121' title='bbox 887 1751 971 1796; x_wconf 77' lang='lat' dir='ltr'><strong>imae</strong></span> <span class='ocrx_word' id='word_1_122' title='bbox 987 1748 1063 1796; x_wconf 78' lang='lat' dir='ltr'><strong>tertio</strong></span> <span class='ocrx_word' id='word_1_123' title='bbox 1079 1759 1168 1797; x_wconf 80' lang='lat' dir='ltr'><strong>nomen</strong></span> <span class='ocrx_word' id='word_1_124' title='bbox 1188 1747 1270 1798; x_wconf 80' lang='lat' dir='ltr'><strong>habet.</strong></span> <span class='ocrx_word' id='word_1_125' title='bbox 1304 1745 1398 1799; x_wconf 76' lang='lat' dir='ltr'><strong>Modum</strong></span> 
     </span>
     <span class='ocr_line' id='line_1_15' title="bbox 327 1819 1398 1885; baseline 0 -15"><span class='ocrx_word' id='word_1_126' title='bbox 327 1821 421 1884; x_wconf 64' lang='lat' dir='ltr'><strong>remim</strong></span> <span class='ocrx_word' id='word_1_127' title='bbox 434 1835 497 1871; x_wconf 87' lang='lat' dir='ltr'><strong>eum</strong></span> <span class='ocrx_word' id='word_1_128' title='bbox 509 1833 561 1884; x_wconf 85' lang='lat' dir='ltr'><strong>qun</strong></span> <span class='ocrx_word' id='word_1_129' title='bbox 574 1819 625 1871; x_wconf 88' lang='lat' dir='ltr'><strong>leui</strong></span> <span class='ocrx_word' id='word_1_130' title='bbox 640 1821 850 1885; x_wconf 80' lang='lat' dir='ltr'><strong>reprehensione</strong></span> <span class='ocrx_word' id='word_1_131' title='bbox 888 1820 1010 1870; x_wconf 89' lang='lat' dir='ltr'><strong>Latinum</strong></span> <span class='ocrx_word' id='word_1_132' title='bbox 1026 1819 1161 1884; x_wconf 87' lang='lat' dir='ltr'><strong>aliquanto</strong></span> <span class='ocrx_word' id='word_1_133' title='bbox 1179 1821 1347 1872; x_wconf 76' lang='lat' dir='ltr'><strong>audaciorem</strong></span> <span class='ocrx_word' id='word_1_134' title='bbox 1362 1833 1398 1870; x_wconf 75' lang='lat' dir='ltr'><strong>re·</strong></span> 
     </span>
     <span class='ocr_line' id='line_1_16' title="bbox 326 1893 1399 1960; baseline -0.004 -14"><span class='ocrx_word' id='word_1_135' title='bbox 326 1897 425 1960; x_wconf 86' lang='lat' dir='ltr'><strong>optime</strong></span> <span class='ocrx_word' id='word_1_136' title='bbox 443 1895 558 1959; x_wconf 80' lang='lat' dir='ltr'><strong>quadrat</strong></span> <span class='ocrx_word' id='word_1_137' title='bbox 569 1895 614 1958; x_wconf 87' lang='lat' dir='ltr'><strong>qui</strong></span> <span class='ocrx_word' id='word_1_138' title='bbox 631 1895 752 1958; x_wconf 90' lang='lat' dir='ltr'><strong>sequitur</strong></span> <span class='ocrx_word' id='word_1_139' title='bbox 768 1896 852 1960; x_wconf 87' lang='lat' dir='ltr'><strong>impc-</strong></span> <span class='ocrx_word' id='word_1_140' title='bbox 888 1894 972 1945; x_wconf 82' lang='lat' dir='ltr'><strong>tinere</strong></span> <span class='ocrx_word' id='word_1_141' title='bbox 998 1896 1083 1959; x_wconf 87' lang='lat' dir='ltr'><strong>potuit</strong></span> <span class='ocrx_word' id='word_1_142' title='bbox 1108 1893 1259 1959; x_wconf 79' lang='lat' dir='ltr'><strong>Gargaiius:</strong></span> <span class='ocrx_word' id='word_1_143' title='bbox 1286 1893 1399 1946; x_wconf 67' lang='lat' dir='ltr'><strong>acutii</strong></span> 
     </span>
     <span class='ocr_line' id='line_1_17' title="bbox 327 1969 1397 2033; baseline -0.003 -14"><span class='ocrx_word' id='word_1_144' title='bbox 327 1971 438 2021; x_wconf 84' lang='lat' dir='ltr'><strong>raiivus:</strong></span> <span class='ocrx_word' id='word_1_145' title='bbox 465 1970 524 2022; x_wconf 73' lang='lat' dir='ltr'><strong>buta</strong></span> <span class='ocrx_word' id='word_1_146' title='bbox 544 1970 612 2033; x_wconf 67' lang='lat' dir='ltr'><strong>(aare</strong></span> <span class='ocrx_word' id='word_1_147' title='bbox 632 1983 754 2033; x_wconf 68' lang='lat' dir='ltr'><strong>mappam</strong></span> <span class='ocrx_word' id='word_1_148' title='bbox 779 1969 852 2019; x_wconf 79' lang='lat' dir='ltr'><strong>Diacc</strong></span> <span class='ocrx_word' id='word_1_149' title='bbox 887 1974 930 2019; x_wconf 77' lang='lat' dir='ltr'><strong>tuo</strong></span> <span class='ocrx_word' id='word_1_150' title='bbox 954 1983 1014 2019; x_wconf 74' lang='lat' dir='ltr'><strong>noan</strong></span> <span class='ocrx_word' id='word_1_151' title='bbox 1033 1969 1130 2020; x_wconf 80' lang='lat' dir='ltr'><strong>Partito</strong></span> <span class='ocrx_word' id='word_1_152' title='bbox 1152 1971 1287 2020; x_wconf 63' lang='lat' dir='ltr'><strong>tutando.</strong></span> <span class='ocrx_word' id='word_1_153' title='bbox 1312 1997 1336 2006; x_wconf 89' lang='lat'>—</span> <span class='ocrx_word' id='word_1_154' title='bbox 1353 1969 1397 2018; x_wconf 78' lang='lat' dir='ltr'><strong>h&#39;c·</strong></span> 
     </span>
     <span class='ocr_line' id='line_1_18' title="bbox 324 2042 1398 2108; baseline -0.002 -14"><span class='ocrx_word' id='word_1_155' title='bbox 324 2044 463 2108; x_wconf 75' lang='lat' dir='ltr'><strong>torinnam.</strong></span> <span class='ocrx_word' id='word_1_156' title='bbox 887 2042 1089 2108; x_wconf 68' lang='lat' dir='ltr'><strong>meniachus,</strong></span> <span class='ocrx_word' id='word_1_157' title='bbox 1117 2043 1190 2106; x_wconf 90' lang='lat' dir='ltr'><strong>quod</strong></span> <span class='ocrx_word' id='word_1_158' title='bbox 1207 2045 1305 2106; x_wconf 85' lang='lat' dir='ltr'><strong>sciam,</strong></span> <span class='ocrx_word' id='word_1_159' title='bbox 1329 2043 1398 2093; x_wconf 84' lang='lat' dir='ltr'><strong>iuter-</strong></span> 
     </span>
     <span class='ocr_line' id='line_1_19' title="bbox 358 2115 1396 2182; baseline -0.005 -14"><span class='ocrx_word' id='word_1_160' title='bbox 358 2117 466 2169; x_wconf 76' lang='lat' dir='ltr'><strong>ai-ra.</strong></span> <span class='ocrx_word' id='word_1_161' title='bbox 494 2119 552 2170; x_wconf 77' lang='lat' dir='ltr'><strong>benc</strong></span> <span class='ocrx_word' id='word_1_162' title='bbox 575 2117 651 2182; x_wconf 65' lang='lat' dir='ltr'><strong>ferra]</strong></span> <span class='ocrx_word' id='word_1_163' title='bbox 678 2137 689 2162; x_wconf 76' lang='lat' dir='ltr'><strong>a</strong></span> <span class='ocrx_word' id='word_1_164' title='bbox 699 2119 851 2170; x_wconf 86' lang='lat' dir='ltr'><strong>constanter</strong></span> <span class='ocrx_word' id='word_1_165' title='bbox 887 2131 950 2182; x_wconf 86' lang='lat' dir='ltr'><strong>pres</strong></span> <span class='ocrx_word' id='word_1_166' title='bbox 962 2119 1008 2168; x_wconf 89' lang='lat' dir='ltr'><strong>aut</strong></span> <span class='ocrx_word' id='word_1_167' title='bbox 1022 2115 1163 2182; x_wconf 84' lang='lat' dir='ltr'><strong>explicavit</strong></span> <span class='ocrx_word' id='word_1_168' title='bbox 1173 2118 1246 2169; x_wconf 90' lang='lat' dir='ltr'><strong>hune</strong></span> <span class='ocrx_word' id='word_1_169' title='bbox 1259 2131 1328 2168; x_wconf 89' lang='lat' dir='ltr'><strong>num.</strong></span> <span class='ocrx_word' id='word_1_170' title='bbox 1341 2115 1396 2182; x_wconf 86' lang='lat' dir='ltr'><strong>plur.</strong></span> 
     </span>
     <span class='ocr_line' id='line_1_20' title="bbox 325 2189 1398 2257; baseline -0.002 -13"><span class='ocrx_word' id='word_1_171' title='bbox 325 2207 358 2244; x_wconf 85' lang='lat' dir='ltr'><strong>ae</strong></span> <span class='ocrx_word' id='word_1_172' title='bbox 375 2192 484 2256; x_wconf 81' lang='lat' dir='ltr'><strong>dignum</strong></span> <span class='ocrx_word' id='word_1_173' title='bbox 502 2193 528 2244; x_wconf 90' lang='lat' dir='ltr'><strong>in</strong></span> <span class='ocrx_word' id='word_1_174' title='bbox 546 2192 672 2254; x_wconf 91' lang='lat' dir='ltr'><strong>modum,</strong></span> <span class='ocrx_word' id='word_1_175' title='bbox 690 2205 739 2256; x_wconf 90' lang='lat' dir='ltr'><strong>pro</strong></span> <span class='ocrx_word' id='word_1_176' title='bbox 757 2191 851 2242; x_wconf 90' lang='lat' dir='ltr'><strong>coniu-</strong></span> <span class='ocrx_word' id='word_1_177' title='bbox 887 2195 934 2242; x_wconf 89' lang='lat' dir='ltr'><strong>aut</strong></span> <span class='ocrx_word' id='word_1_178' title='bbox 952 2192 979 2242; x_wconf 90' lang='lat' dir='ltr'><strong>in</strong></span> <span class='ocrx_word' id='word_1_179' title='bbox 1001 2205 1033 2242; x_wconf 89' lang='lat' dir='ltr'><strong>eo</strong></span> <span class='ocrx_word' id='word_1_180' title='bbox 1055 2192 1142 2243; x_wconf 84' lang='lat' dir='ltr'><strong>haesit</strong></span> <span class='ocrx_word' id='word_1_181' title='bbox 1162 2195 1274 2257; x_wconf 85' lang='lat' dir='ltr'><strong>praeter</strong></span> <span class='ocrx_word' id='word_1_182' title='bbox 1289 2189 1346 2251; x_wconf 72' lang='lat' dir='ltr'><strong>nn}</strong></span> <span class='ocrx_word' id='word_1_183' title='bbox 1362 2203 1398 2253; x_wconf 83' lang='lat' dir='ltr'><strong>qu</strong></span> 
     </span>
     <span class='ocr_line' id='line_1_21' title="bbox 326 2261 1399 2330; baseline -0.002 -14"><span class='ocrx_word' id='word_1_184' title='bbox 326 2268 366 2330; x_wconf 75' lang='lat' dir='ltr'><strong>gis</strong></span> <span class='ocrx_word' id='word_1_185' title='bbox 390 2267 427 2316; x_wconf 91' lang='lat' dir='ltr'><strong>tui</strong></span> <span class='ocrx_word' id='word_1_186' title='bbox 445 2269 611 2318; x_wconf 74' lang='lat' dir='ltr'><strong>maiestate.»</strong></span> <span class='ocrx_word' id='word_1_187' title='bbox 646 2266 771 2317; x_wconf 88' lang='lat' dir='ltr'><strong>Chariton</strong></span> <span class='ocrx_word' id='word_1_188' title='bbox 788 2278 848 2330; x_wconf 82' lang='lat' dir='ltr'><strong>pag.</strong></span> <span class='ocrx_word' id='word_1_189' title='bbox 888 2267 976 2316; x_wconf 77' lang='lat' dir='ltr'><strong>omnia</strong></span> <span class='ocrx_word' id='word_1_190' title='bbox 1002 2266 1063 2316; x_wconf 90' lang='lat' dir='ltr'><strong>iuda</strong></span> <span class='ocrx_word' id='word_1_191' title='bbox 1086 2279 1101 2316; x_wconf 92' lang='lat' dir='ltr'><strong>a</strong></span> <span class='ocrx_word' id='word_1_192' title='bbox 1123 2280 1148 2316; x_wconf 83' lang='lat' dir='ltr'><strong>v.</strong></span> <span class='ocrx_word' id='word_1_193' title='bbox 1171 2266 1220 2317; x_wconf 84' lang='lat'><strong>33:</strong></span> <span class='ocrx_word' id='word_1_194' title='bbox 1250 2269 1319 2330; x_wconf 77' lang='lat' dir='ltr'><strong>Quae</strong></span> <span class='ocrx_word' id='word_1_195' title='bbox 1338 2261 1399 2314; x_wconf 62' lang='lat' dir='ltr'><strong>mai</strong></span> 
     </span>
     <span class='ocr_line' id='line_1_22' title="bbox 326 2335 1398 2406; baseline -0.005 -15"><span class='ocrx_word' id='word_1_196' title='bbox 326 2341 384 2392; x_wconf 65' lang='lat' dir='ltr'><strong>tit.</strong></span> <span class='ocrx_word' id='word_1_197' title='bbox 403 2341 488 2404; x_wconf 87' lang='lat' dir='ltr'><strong>Lips.:</strong></span> <span class='ocrx_word' id='word_1_198' title='bbox 513 2337 553 2392; x_wconf 82' lang='grc' dir='ltr'>Σύ</span> <span class='ocrx_word' id='word_1_199' title='bbox 570 2339 616 2402; x_wconf 79' lang='grc' dir='ltr'><strong>δέ,</strong></span> <span class='ocrx_word' id='word_1_200' title='bbox 639 2335 657 2406; x_wconf 84' lang='grc' dir='ltr'><em>ἡ</em></span> <span class='ocrx_word' id='word_1_201' title='bbox 675 2337 779 2406; x_wconf 81' lang='grc' dir='ltr'><strong><em>δούλη,</em></strong></span> <span class='ocrx_word' id='word_1_202' title='bbox 797 2335 850 2404; x_wconf 74' lang='grc' dir='ltr'><strong>τὴν</strong></span> <span class='ocrx_word' id='word_1_203' title='bbox 887 2341 938 2391; x_wconf 87' lang='lat' dir='ltr'><strong>cet.</strong></span> <span class='ocrx_word' id='word_1_204' title='bbox 958 2341 1066 2390; x_wconf 89' lang='lat' dir='ltr'><strong>Horatio</strong></span> <span class='ocrx_word' id='word_1_205' title='bbox 1083 2339 1258 2402; x_wconf 84' lang='lat' dir='ltr'><strong>abiudicavit,</strong></span> <span class='ocrx_word' id='word_1_206' title='bbox 1276 2342 1302 2393; x_wconf 90' lang='lat' dir='ltr'><strong>h.</strong></span> <span class='ocrx_word' id='word_1_207' title='bbox 1315 2339 1333 2390; x_wconf 93' lang='grc'><strong>1.</strong></span> <span class='ocrx_word' id='word_1_208' title='bbox 1343 2341 1398 2388; x_wconf 77' lang='lat' dir='ltr'><strong>inter</strong></span> 
     </span>
     <span class='ocr_line' id='line_1_23' title="bbox 325 2407 1398 2479; baseline 0.004 -17"><span class='ocrx_word' id='word_1_209' title='bbox 325 2407 461 2474; x_wconf 78' lang='grc' dir='ltr'><strong>εὐτυχίαν</strong></span> <span class='ocrx_word' id='word_1_210' title='bbox 479 2408 514 2464; x_wconf 79' lang='grc' dir='ltr'><strong>οὐ</strong></span> <span class='ocrx_word' id='word_1_211' title='bbox 538 2415 643 2479; x_wconf 83' lang='grc' dir='ltr'><em>φέρεις.</em></span> <span class='ocrx_word' id='word_1_212' title='bbox 665 2442 692 2451; x_wconf 94' lang='grc'><strong>-</strong></span> <span class='ocrx_word' id='word_1_213' title='bbox 715 2421 795 2466; x_wconf 77' lang='lat' dir='ltr'><strong>sectus</strong></span> <span class='ocrx_word' id='word_1_214' title='bbox 811 2428 852 2464; x_wconf 92' lang='lat' dir='ltr'><strong>or-</strong></span> <span class='ocrx_word' id='word_1_215' title='bbox 887 2414 938 2466; x_wconf 91' lang='lat' dir='ltr'><strong>alia</strong></span> <span class='ocrx_word' id='word_1_216' title='bbox 955 2415 1099 2466; x_wconf 84' lang='lat' dir='ltr'><strong>adnotans:</strong></span> <span class='ocrx_word' id='word_1_217' title='bbox 1121 2417 1190 2465; x_wconf 70' lang='lat' dir='ltr'><strong>«Nec</strong></span> <span class='ocrx_word' id='word_1_218' title='bbox 1208 2414 1352 2466; x_wconf 85' lang='lat' dir='ltr'><strong>laudandus</strong></span> <span class='ocrx_word' id='word_1_219' title='bbox 1366 2415 1398 2462; x_wconf 78' lang='lat' dir='ltr'><strong>cst</strong></span> 
     </span>
     <span class='ocr_line' id='line_1_24' title="bbox 325 2485 1397 2554; baseline 0.002 -18"><span class='ocrx_word' id='word_1_220' title='bbox 325 2485 374 2550; x_wconf 86' lang='lat' dir='ltr'><strong>his]</strong></span> <span class='ocrx_word' id='word_1_221' title='bbox 404 2487 530 2537; x_wconf 75' lang='lat' dir='ltr'><strong>adimidia</strong></span> <span class='ocrx_word' id='word_1_222' title='bbox 559 2501 621 2553; x_wconf 84' lang='lat' dir='ltr'><strong>pars</strong></span> <span class='ocrx_word' id='word_1_223' title='bbox 651 2487 723 2538; x_wconf 89' lang='lat' dir='ltr'><strong>orbis</strong></span> <span class='ocrx_word' id='word_1_224' title='bbox 752 2499 850 2538; x_wconf 86' lang='lat' dir='ltr'><strong>nomen</strong></span> <span class='ocrx_word' id='word_1_225' title='bbox 888 2488 995 2554; x_wconf 85' lang='lat' dir='ltr'><strong>pluralis</strong></span> <span class='ocrx_word' id='word_1_226' title='bbox 1006 2491 1110 2540; x_wconf 74' lang='lat' dir='ltr'><strong>nemim</strong></span> <span class='ocrx_word' id='word_1_227' title='bbox 1120 2503 1169 2554; x_wconf 92' lang='lat' dir='ltr'><strong>pro</strong></span> <span class='ocrx_word' id='word_1_228' title='bbox 1180 2503 1297 2540; x_wconf 73' lang='lat' dir='ltr'><strong>mmm.»</strong></span> <span class='ocrx_word' id='word_1_229' title='bbox 1314 2489 1397 2538; x_wconf 77' lang='lat' dir='ltr'><strong>vnum</strong></span> 
     </span>
     <span class='ocr_line' id='line_1_25' title="bbox 325 2557 1397 2629; baseline 0.002 -19"><span class='ocrx_word' id='word_1_230' title='bbox 325 2563 401 2610; x_wconf 91' lang='lat' dir='ltr'><strong>tuum</strong></span> <span class='ocrx_word' id='word_1_231' title='bbox 419 2561 556 2624; x_wconf 74' lang='lat' dir='ltr'><strong>accipiet.»</strong></span> <span class='ocrx_word' id='word_1_232' title='bbox 573 2561 646 2612; x_wconf 86' lang='lat' dir='ltr'><strong>Duas</strong></span> <span class='ocrx_word' id='word_1_233' title='bbox 664 2563 736 2612; x_wconf 84' lang='lat' dir='ltr'><strong>enim</strong></span> <span class='ocrx_word' id='word_1_234' title='bbox 748 2562 853 2612; x_wconf 86' lang='lat' dir='ltr'><strong>dumta-</strong></span> <span class='ocrx_word' id='word_1_235' title='bbox 889 2577 921 2614; x_wconf 79' lang='lat' dir='ltr'><strong>ex</strong></span> <span class='ocrx_word' id='word_1_236' title='bbox 939 2576 991 2614; x_wconf 89' lang='lat' dir='ltr'><strong>usu</strong></span> <span class='ocrx_word' id='word_1_237' title='bbox 1006 2563 1111 2628; x_wconf 73' lang='lat' dir='ltr'><strong>poetico</strong></span> <span class='ocrx_word' id='word_1_238' title='bbox 1127 2562 1162 2613; x_wconf 87' lang='lat' dir='ltr'><strong>da</strong></span> <span class='ocrx_word' id='word_1_239' title='bbox 1173 2577 1229 2614; x_wconf 90' lang='lat' dir='ltr'><strong>una</strong></span> <span class='ocrx_word' id='word_1_240' title='bbox 1245 2575 1353 2629; x_wconf 73' lang='lat' dir='ltr'><strong>persona</strong></span> <span class='ocrx_word' id='word_1_241' title='bbox 1364 2557 1397 2609; x_wconf 82' lang='lat' dir='ltr'><strong>ilic</strong></span> 
     </span>
     <span class='ocr_line' id='line_1_26' title="bbox 326 2633 1396 2702; baseline 0.002 -19"><span class='ocrx_word' id='word_1_242' title='bbox 326 2637 371 2684; x_wconf 84' lang='lat' dir='ltr'><strong>xat</strong></span> <span class='ocrx_word' id='word_1_243' title='bbox 396 2633 469 2684; x_wconf 81' lang='lat' dir='ltr'><strong>orbis</strong></span> <span class='ocrx_word' id='word_1_244' title='bbox 495 2638 627 2685; x_wconf 86' lang='lat' dir='ltr'><strong>terrarum</strong></span> <span class='ocrx_word' id='word_1_245' title='bbox 651 2638 742 2700; x_wconf 86' lang='lat' dir='ltr'><strong>partes</strong></span> <span class='ocrx_word' id='word_1_246' title='bbox 767 2649 851 2702; x_wconf 75' lang='lat' dir='ltr'><strong>agau-</strong></span> <span class='ocrx_word' id='word_1_247' title='bbox 888 2639 1002 2702; x_wconf 86' lang='lat' dir='ltr'><strong>ponitur.</strong></span> <span class='ocrx_word' id='word_1_248' title='bbox 1021 2636 1069 2688; x_wconf 82' lang='lat' dir='ltr'><strong>Oti.</strong></span> <span class='ocrx_word' id='word_1_249' title='bbox 1088 2635 1119 2700; x_wconf 79' lang='lat' dir='ltr'><strong>i,</strong></span> <span class='ocrx_word' id='word_1_250' title='bbox 1138 2637 1167 2698; x_wconf 63' lang='grc' dir='ltr'><strong>ἰ,</strong></span> <span class='ocrx_word' id='word_1_251' title='bbox 1185 2637 1217 2687; x_wconf 84' lang='grc'><strong>3;</strong></span> <span class='ocrx_word' id='word_1_252' title='bbox 1237 2639 1340 2688; x_wconf 64' lang='lat' dir='ltr'><strong>mm</strong></span> <span class='ocrx_word' id='word_1_253' title='bbox 1353 2635 1396 2685; x_wconf 76' lang='grc' dir='ltr'><strong>Νο-</strong></span> 
     </span>
     <span class='ocr_line' id='line_1_27' title="bbox 326 2706 1394 2775; baseline 0.001 -18"><span class='ocrx_word' id='word_1_254' title='bbox 326 2707 377 2757; x_wconf 88' lang='lat' dir='ltr'><strong>scit</strong></span> <span class='ocrx_word' id='word_1_255' title='bbox 394 2708 420 2757; x_wconf 93' lang='lat' dir='ltr'><strong>h.</strong></span> <span class='ocrx_word' id='word_1_256' title='bbox 440 2706 471 2772; x_wconf 86' lang='grc'><strong>1.,</strong></span> <span class='ocrx_word' id='word_1_257' title='bbox 496 2709 629 2775; x_wconf 85' lang='lat' dir='ltr'><strong>Europam</strong></span> <span class='ocrx_word' id='word_1_258' title='bbox 652 2711 680 2760; x_wconf 92' lang='lat' dir='ltr'><strong>et</strong></span> <span class='ocrx_word' id='word_1_259' title='bbox 696 2710 798 2773; x_wconf 77' lang='lat' dir='ltr'><strong>haiam,</strong></span> <span class='ocrx_word' id='word_1_260' title='bbox 823 2712 852 2760; x_wconf 92' lang='lat' dir='ltr'><strong>ut</strong></span> <span class='ocrx_word' id='word_1_261' title='bbox 887 2713 959 2762; x_wconf 82' lang='lat' dir='ltr'><strong>minu</strong></span> <span class='ocrx_word' id='word_1_262' title='bbox 971 2717 1064 2775; x_wconf 83' lang='lat' dir='ltr'><strong>ponto,</strong></span> <span class='ocrx_word' id='word_1_263' title='bbox 1082 2712 1156 2762; x_wconf 87' lang='lat' dir='ltr'><strong>Ovid.</strong></span> <span class='ocrx_word' id='word_1_264' title='bbox 1170 2711 1251 2762; x_wconf 81' lang='lat' dir='ltr'><strong>Trist.</strong></span> <span class='ocrx_word' id='word_1_265' title='bbox 1271 2713 1297 2772; x_wconf 86' lang='lat' dir='ltr'><strong>t,</strong></span> <span class='ocrx_word' id='word_1_266' title='bbox 1316 2713 1343 2771; x_wconf 83' lang='lat' dir='ltr'><strong>t,</strong></span> <span class='ocrx_word' id='word_1_267' title='bbox 1358 2709 1394 2758; x_wconf 79' lang='lat' dir='ltr'><strong>io:</strong></span> 
     </span>
     <span class='ocr_line' id='line_1_28' title="bbox 326 2779 1396 2848; baseline 0.005 -18"><span class='ocrx_word' id='word_1_268' title='bbox 326 2779 377 2831; x_wconf 86' lang='lat' dir='ltr'><strong>Sal.</strong></span> <span class='ocrx_word' id='word_1_269' title='bbox 397 2783 452 2844; x_wconf 82' lang='lat' dir='ltr'><strong>lug.</strong></span> <span class='ocrx_word' id='word_1_270' title='bbox 471 2782 511 2834; x_wconf 75' lang='lat' dir='ltr'><strong>ii.</strong></span> <span class='ocrx_word' id='word_1_271' title='bbox 535 2785 563 2834; x_wconf 89' lang='lat' dir='ltr'><strong>et</strong></span> <span class='ocrx_word' id='word_1_272' title='bbox 582 2785 667 2834; x_wconf 87' lang='lat' dir='ltr'><strong>Varro</strong></span> <span class='ocrx_word' id='word_1_273' title='bbox 687 2785 735 2835; x_wconf 87' lang='lat' dir='ltr'><strong>LL.</strong></span> <span class='ocrx_word' id='word_1_274' title='bbox 754 2787 784 2847; x_wconf 83' lang='lat'><strong>5,</strong></span> <span class='ocrx_word' id='word_1_275' title='bbox 803 2784 849 2835; x_wconf 73' lang='lat'><strong>3⁴:</strong></span> <span class='ocrx_word' id='word_1_276' title='bbox 887 2788 976 2836; x_wconf 73' lang='lat' dir='ltr'><strong>icona</strong></span> <span class='ocrx_word' id='word_1_277' title='bbox 999 2787 1089 2836; x_wconf 69' lang='lat' dir='ltr'><strong>Icariis</strong></span> <span class='ocrx_word' id='word_1_278' title='bbox 1112 2785 1218 2836; x_wconf 70' lang='lat' dir='ltr'><strong>nonum</strong></span> <span class='ocrx_word' id='word_1_279' title='bbox 1245 2785 1302 2848; x_wconf 75' lang='lat' dir='ltr'><strong>[coit</strong></span> <span class='ocrx_word' id='word_1_280' title='bbox 1324 2782 1396 2847; x_wconf 62' lang='lat' dir='ltr'><strong>apat,</strong></span> 
     </span>
     <span class='ocr_line' id='line_1_29' title="bbox 326 2855 1291 2924; baseline 0.005 -20"><span class='ocrx_word' id='word_1_281' title='bbox 326 2855 415 2906; x_wconf 75' lang='lat' dir='ltr'><strong>Divisa</strong></span> <span class='ocrx_word' id='word_1_282' title='bbox 432 2861 466 2908; x_wconf 76' lang='lat' dir='ltr'><strong>cst</strong></span> <span class='ocrx_word' id='word_1_283' title='bbox 489 2857 551 2910; x_wconf 81' lang='lat' dir='ltr'><strong>cccii</strong></span> <span class='ocrx_word' id='word_1_284' title='bbox 569 2859 712 2924; x_wconf 71' lang='lat' dir='ltr'><strong>ropionibus</strong></span> <span class='ocrx_word' id='word_1_285' title='bbox 734 2865 803 2912; x_wconf 72' lang='lat' dir='ltr'><strong>imo</strong></span> <span class='ocrx_word' id='word_1_286' title='bbox 824 2861 851 2910; x_wconf 82' lang='lat' dir='ltr'><strong>iu</strong></span> <span class='ocrx_word' id='word_1_287' title='bbox 889 2873 972 2911; x_wconf 91' lang='lat' dir='ltr'><strong>uuum</strong></span> <span class='ocrx_word' id='word_1_288' title='bbox 990 2861 1071 2911; x_wconf 87' lang='lat' dir='ltr'><strong>maris</strong></span> <span class='ocrx_word' id='word_1_289' title='bbox 1088 2859 1164 2910; x_wconf 80' lang='lat' dir='ltr'><strong>Icarii</strong></span> <span class='ocrx_word' id='word_1_290' title='bbox 1182 2873 1291 2912; x_wconf 88' lang='lat' dir='ltr'><strong>nomeu.</strong></span> 
     </span>
    </p>
   </div>
   <div class='ocr_carea' id='block_1_4' title="bbox 0 0 1512 4978">
    <p class='ocr_par' dir='ltr' id='par_1_4' title="bbox 0 0 1512 4978">
     <span class='ocr_line' id='line_1_30' title="bbox 0 0 1512 4978; baseline 0 1"><span class='ocrx_word' id='word_1_291' title='bbox 0 0 1512 4978; x_wconf 95' lang='lat' dir='ltr'><strong> </strong></span> 
     </span>
    </p>
   </div>
  </div>
 </body>
</html>
