3012 4978
531 442 588 492 LlB.
609 442 650 491 iii.
686 443 715 490 C.
734 441 798 492 XlV.

403 593 563 662 Diluviem
586 595 760 662 meditatur
781 595 882 682 agris,

318 737 357 821 'Ut
378 752 591 820 barbarorum
613 751 767 821 Claudius
790 753 916 840 agmina

318 877 449 941 Ferrata
471 885 563 941 vasto
588 876 686 941 diruit
708 875 829 962 impetu

360 995 552 1084 Primusque
575 1006 607 1064 at
629 1005 790 1064 extremos
812 997 964 1064 metendo

402 1119 520 1184 Stravit
541 1117 674 1184 humum
696 1117 766 1184 sine
789 1117 882 1186 clade
904 1119 1023 1194 victor,

318 1278 361 1342 Te
384 1275 511 1363 copias,
535 1286 566 1343 te
589 1275 759 1343 consilium
782 1286 814 1344 et
836 1286 908 1343 tuos

213 1473 255 1524 28.
273 1473 406 1522 minitatur
423 1473 477 1532 ST,
497 1486 606 1524 «omnes
624 1475 731 1540 preater
748 1476 803 1525 ires
820 1487 852 1524 ex
864 1475 1069 1527 recentissimis»
1082 1475 1200 1536 Bentleii,

180 1549 225 1612 qul
234 1551 295 1612 posi
303 1547 452 1598 Lecherum
461 1547 592 1599 ethidum
601 1550 710 1612 recepit.
726 1549 764 1610 (lit
772 1561 831 1610 nos,
845 1547 898 1600 bod
908 1552 936 1600 et
947 1551 964 1599 S
976 1551 1002 1600 in
1011 1563 1095 1612 marg.
1107 1551 1202 1602 eadem

181 1635 277 1678 manu:
290 1623 357 1672 Poll.
370 1623 494 1687 septem.)
508 1649 535 1658 -
554 1622 594 1673 ei.
608 1628 631 1673 ei
641 1635 696 1674 om.
710 1623 737 1672 T.
755 1651 782 1660 -
795 1623 835 1674 δί.
849 1623 918 1673 huni
928 1622 1027 1685 Aldus,
1047 1622 1200 1676 Glareanus,

147 1786 270 1860 ταῦρος,
297 1788 343 1839 uhi
368 1787 455 1840 schol.
481 1789 548 1840 lien.
574 1789 674 1854 signiti-
710 1788 822 1842 lectione
847 1791 994 1854 minitatur,
1022 1805 1103 1856 mam
1121 1805 1136 1842 e
1153 1791 1233 1856 gloss.

145 1868 211 1916 cant
231 1863 419 1914 Archilochum
440 1865 557 1929 primum
578 1864 673 1928 luisse,
711 1867 798 1915 ortam
823 1863 906 1915 habel
932 1867 985 1916 iam
1010 1867 1109 1917 Nonius
1131 1879 1158 1931 p.
1177 1866 1234 1917 203.

145 1941 194 2003 qui
220 1939 402 1990 tauritormem
428 1939 560 1990 induxerit
587 1941 674 1990 Ache-
711 1941 791 1991 hiero.
812 1937 941 2004 (Gerlach.
961 1943 1050 1991 maren
1062 1953 1077 1990 e
1090 1940 1173 1991 codd.
1186 1943 1236 1990 uri-

146 2013 223 2065 ioum
240 2027 301 2064 curn
314 2013 428 2064 Hercule
440 2012 593 2066 luctantem.
620 2017 674 2066 Eu·
710 2015 809 2078 uetur.)
832 2015 903 2077 virg.
922 2017 968 2066 Ge.
988 2017 1016 2078 l,
1036 2014 1098 2066 lde:
1117 2016 1178 2078 quid
1193 2029 1237 2066 oo-

145 2090 197 2152 rip.
225 2090 272 2138 ion
298 2089 377 2138 lael:
404 2078 438 2136 Ὠ
465 2085 674 2160 ταυρόμορφον
710 2091 896 2153 pimthmiidue
905 2089 1003 2140 Auster.
1019 2091 1117 2153 (Nuper
1127 2089 1235 2154 quidam

148 2156 235 2228 ὄμμα
251 2159 387 2227 Κηφισοῦ
405 2157 522 2232 πατρός.
540 2163 611 2226 Virg.
626 2166 671 2215 Ge.
711 2177 805 2214 rursus
821 2162 946 2228 praetulit
961 2165 1106 2224 minuetum
1128 2163 1177 2214 sed
1197 2163 1237 2214 al-

146 2237 178 2300 t,
197 2237 261 2287 ali:
288 2238 321 2286 iit
344 2239 446 2301 punine
467 2243 574 2288 eurotrrs
590 2240 675 2288 torui-
711 2241 800 2288 tarum
817 2239 874 2289 sine
887 2238 969 2288 dubio
986 2237 1064 2302 longe
1082 2235 1237 2304 ποιητικώ-

145 2326 181 2362 ue
198 2325 296 2362 cernue
312 2313 381 2362 oouu
397 2313 533 2362 iiridouue.
569 2314 635 2364 hen.
648 2314 672 2374 8,
710 2326 794 2382 τερον
806 2314 860 2374 est,
879 2314 941 2376 quia
958 2313 1098 2363 hominum
1116 2315 1237 2365 tacitaac

146 2390 194 2438 77:
215 2388 336 2453 Cmuiper
351 2389 514 2452 Hesperidum
529 2391 674 2454 dwieure-
711 2385 883 2438 lorinidoiosa
900 2385 1006 2437 diluviei
1024 2389 1187 2452 exspectatio
1203 2401 1236 2438 eo

145 2468 240 2528 preter
268 2477 401 2525 equorum
438 2464 481 2514 Sic
509 2464 534 2514 in
563 2477 673 2515 nummo
711 2461 806 2512 meiius
824 2463 999 2526 exprimitur.)

146 2535 292 2588 Volturnus
313 2539 339 2588 in
361 2539 509 2588 Neumenni
532 2541 608 2590 Num.
625 2553 674 2602 po-
745 2537 848 2587 30-32.
875 2537 992 2602 Ferrato]
1018 2537 1121 2588 «loricis
1144 2537 1237 2588 ierreis

144 2613 201 2674 put.
231 2625 291 2675 pag.
321 2613 362 2662 ie.
409 2615 506 2664 Contra
538 2613 673 2667 Aveliinus
711 2615 811 2662 tecta.»
831 2639 859 2648 -
878 2613 963 2677 diruit]
988 2626 1056 2663 nove
1080 2612 1181 2663 dicium
1202 2613 1237 2664 de

146 2687 237 2749 epioe.
260 2689 279 2736 i.
305 2700 331 2751 p.
352 2688 407 2738 iti.
427 2687 528 2740 collatis
551 2703 595 2754 pp.
616 2689 671 2741 iili.
711 2687 867 2751 minitere,
895 2687 1032 2738 ordinibus
1053 2689 1182 2748 hostium,
1208 2691 1239 2738 ut

146 2760 211 2812 iil:
229 2761 299 2810 Netie
313 2762 437 2825 uudepiie
452 2764 461 2811 i
476 2765 548 2827 fluuii
564 2765 674 2827 amoc!-
712 2760 773 2810 alibi
797 2761 832 2811 de
859 2762 1002 2822 aediliciis,
1031 2775 1081 2826 pro
1109 2761 1236 2822 edisiecit

143 2835 228 2900 elpidii
255 2848 323 2886 cone
348 2837 459 2900 uomiui,
489 2851 503 2887 e
526 2852 577 2888 nou
605 2851 674 2888 corrue
711 2835 861 2900 dispersit.»
888 2835 917 2885 in
934 2847 1015 2899 prosa
1032 2837 1166 2886 oratione:
1193 2835 1238 2885 ol>-

146 2911 206 2960 tori.
227 2910 284 2960 Tele
294 2909 308 2960 d
320 2911 347 2961 iu
363 2917 425 2962 urie
441 2913 495 2963 deit
512 2913 601 2976 duddo
613 2913 675 2963 uelle
711 2913 803 2958 storius
813 2921 903 2958 ouueoa
918 2910 1011 2973 plodite
1022 2909 1145 2959 diducere.
1166 2910 1234 2971 (sen.

145 2985 674 3049 mewtuersaupuuquaueucu
712 2984 803 3033 cono.
824 2976 1237 3051 i,3.)-nuuneo]utdpev
1329 3023 1335 3030 .

147 3061 213 3110 detto
242 3062 391 3124 tauritanae
415 3063 450 3112 du
475 3063 582 3124 Oresio,
609 3076 675 3126 pure
712 3055 784 3121 apud
801 3058 925 3108 Graecos.
948 3057 1097 3120 Virg.Aen.
1112 3058 1155 3118 lt,
1174 3057 1235 3108 5⁴3:

146 3135 217 3197 dupli
238 3135 321 3185 ariisii
341 3150 392 3185 uuo
412 3137 439 3186 iu
461 3138 546 3200 semro
562 3138 588 3186 di
604 3141 672 3200 toro,
710 3133 833 3182 Prummu
858 3145 971 3194 pampro
994 3134 1064 3182 metii
1087 3133 1181 3196 plodio.
1207 3161 1235 3170 -

146 3223 191 3258 uic
208 3209 234 3258 di
250 3223 324 3260 uorm
340 3211 420 3260 ueded
438 3211 557 3276 effipiete.
572 3239 606 3264 .-
622 3213 674 3264 Ce-
711 3208 808 3258 Saeuit
824 3207 934 3272 hrenum]
953 3220 1063 3258 «eorum
1080 3207 1237 3272 corporibus

146 3285 235 3332 terum
257 3283 308 3333 hac
329 3287 528 3349 comparatione
547 3299 611 3337 usus
634 3288 675 3337 est
711 3283 824 3332 humum
844 3283 1014 3334 constravit.»
1041 3282 1170 3332 Latinitati
1193 3295 1239 3332 re-

147 3357 203 3408 iam
214 3357 347 3408 Homerus
359 3357 388 3408 li.
403 3373 431 3419 a,
451 3359 482 3410 87
492 3373 497 3408 :
518 3357 673 3427 (Τυδείδης)
711 3358 812 3420 pugnat
828 3355 940 3406 eliorum
961 3357 1157 3420 interpretatio:
1180 3356 1239 3416 pri-

61 3469 72 3491 ,
147 3427 347 3502 Θῦνεγάρᾶμ
357 3430 455 3483 πεδίον
472 3431 593 3501 ποταμῷ
606 3431 676 3500 πλή-
711 3443 811 3492 mosque
836 3435 858 3480 et
884 3435 1008 3480 urireuoe
1035 3431 1091 3492 (eos
1115 3430 1238 3494 utetmdo)

146 3507 231 3557 dom
241 3503 344 3569 ἐοικὼς
355 3502 469 3578 Χειμάῤ
477 3503 521 3576 ὀρ,
539 3503 600 3560 ὅστ’
611 3501 674 3560 ὦκα
711 3507 802 3554 strauit
817 3505 920 3554 iunium
930 3517 980 3567 pro
991 3505 1018 3553 io
1028 3505 1140 3565 humum,
1158 3503 1237 3562 mou,

146 3575 221 3651 ῥέων
243 3579 383 3632 ἐκέδασσε
404 3598 542 3653 γεφαροις.
572 3583 620 3634 od.
643 3584 672 3648 i,
711 3581 795 3628 ulex
817 3577 896 3642 gloss.
912 3577 1003 3628 aidus.
1032 3607 1060 3614 -
1090 3580 1142 3628 uiue
1158 3578 1237 3642 clade]

146 3655 175 3716 9,
195 3657 219 3705 2.
242 3656 543 3720 iouperouuntemvocat
558 3659 673 3723 patrium
711 3665 822 3703 suorum
840 3650 961 3703 militum.
984 3650 1050 3702 Veii.
1064 3653 1092 3714 ἰ,
1112 3653 1156 3702 95:
1182 3654 1240 3716 (Ne-

147 3729 267 3780 fluvium.
295 3759 322 3767 -
345 3732 442 3796 Dauni]
468 3735 538 3798 regis
564 3732 673 3798 Apuliae
711 3727 801 3791 renes]
814 3727 1241 3792 RoeierViudeiicoepue--peuter

148 3805 268 3868 mythici.
304 3805 352 3855 Od.
371 3805 399 3866 3,
418 3805 463 3866 30,
490 3809 529 3857 ii.
551 3821 674 3870 -pree-
711 3802 1238 3865 --uumerosrepueutes,seritoietrarces,

147 3880 213 3942 duit]
234 3878 355 3940 uiuat,
366 3879 442 3942 uie.
458 3880 557 3932 etPlin.
568 3883 638 3932 iiii.
648 3883 673 3943 3,
710 3879 808 3928 maiore
831 3891 889 3927 cum
909 3878 1023 3940 periculo
1047 3891 1125 3939 quom
1148 3878 1240 3927 domm

148 3954 193 4003 ii:
212 3953 360 4018 Aufidenam
376 3955 482 4018 hirpinis
492 3957 615 4006 mutitare
628 3958 676 4007 Co-
711 3954 817 4004 iimuoui
834 3953 971 4014 wercum,
992 3953 1103 4016 plurium
1119 3957 1178 4002 cuci
1196 3965 1240 4003 eo-

147 4027 248 4077 uusiruu
278 4030 430 4093 praeduces.
463 4057 490 4066 -
519 4031 673 4093 mediatur]
711 4043 770 4078 rum
786 4029 909 4092 saupuiue
922 4031 1095 4090 perduuuere.

149 4101 272 4151 uiamiem
286 4105 396 4165 paratus
408 4103 494 4155 estad
507 4104 674 4156 inuadendos
744 4102 833 4154 33-40.
855 4103 886 4152 i'e
911 4103 998 4165 copies
1017 4101 1079 4165 cet]
1105 4102 1239 4164 Augustus

148 4189 252 4240 egrosu
280 4177 352 4227 inest
368 4178 395 4227 in
411 4177 438 4228 ir.
457 4191 483 4226 v.
503 4177 630 4228 mirabills
648 4182 676 4229 ct
712 4179 824 4240 eiusque
833 4189 1016 4237 successores¹
1027 4179 1056 4226 ut
1065 4174 1240 4238 auspicia‚slc

148 4250 226 4314 longe
252 4251 379 4302 audacior
405 4251 507 4302 traietio
529 4265 590 4302 are
617 4254 674 4304 ani-
712 4265 820 4302 omuem
845 4265 935 4302 rerum
953 4265 968 4300 a
986 4249 1099 4300 ducibus
1123 4249 1178 4298 suis
1200 4247 1240 4298 ie-

148 4328 221 4376 meta
236 4325 270 4376 ad
288 4327 433 4378 inanimam
450 4339 531 4391 quam
549 4327 574 4376 in
592 4325 673 4378 altera
711 4327 813 4390 gallave
826 4329 964 4390 gestarum
976 4325 1107 4376 honorem
1120 4322 1170 4374 sibi
1184 4335 1241 4373 ser·
