<?xml version="1.0" encoding="UTF-8"?>
<!DOCTYPE html PUBLIC "-//W3C//DTD XHTML 1.0 Transitional//EN"
    "http://www.w3.org/TR/xhtml1/DTD/xhtml1-transitional.dtd">
<html xmlns="http://www.w3.org/1999/xhtml" xml:lang="en" lang="en">
 <head>
  <title>
</title>
<meta http-equiv="Content-Type" content="text/html;charset=utf-8" />
  <meta name='ocr-system' content='tesseract 3.04.00' />
  <meta name='ocr-capabilities' content='ocr_page ocr_carea ocr_par ocr_line ocrx_word'/>
</head>
<body>
  <div class='ocr_page' id='page_1' title='image "./qhoratiusflaccu02baitgoog/qhoratiusflaccu02baitgoog_0763.png"; bbox 0 0 3078 4978; ppageno 0'>
   <div class='ocr_carea' id='block_1_1' title="bbox 217 402 1006 482">
    <p class='ocr_par' dir='ltr' id='par_1_1' title="bbox 217 402 1006 482">
     <span class='ocr_line' id='line_1_1' title="bbox 217 402 1006 482; baseline -0.014 -12"><span class='ocrx_word' id='word_1_1' title='bbox 217 479 220 482; x_wconf 54' lang='grc'><strong>,</strong></span> <span class='ocrx_word' id='word_1_2' title='bbox 328 402 390 468; x_wconf 74' lang='lat'><strong>728</strong></span> <span class='ocrx_word' id='word_1_3' title='bbox 630 465 634 472; x_wconf 59' lang='grc'><strong>,</strong></span> <span class='ocrx_word' id='word_1_4' title='bbox 730 407 859 458; x_wconf 82' lang='lat' dir='ltr'><strong>oomni</strong></span> <span class='ocrx_word' id='word_1_5' title='bbox 876 408 1006 459; x_wconf 77' lang='lat' dir='ltr'><strong>monor</strong></span> 
     </span>
    </p>
   </div>
   <div class='ocr_carea' id='block_1_2' title="bbox 368 559 1411 1378">
    <p class='ocr_par' dir='ltr' id='par_1_2' title="bbox 368 559 1411 1378">
     <span class='ocr_line' id='line_1_2' title="bbox 370 559 1180 649; baseline 0.005 -22"><span class='ocrx_word' id='word_1_6' title='bbox 370 561 463 627; x_wconf 89' lang='lat' dir='ltr'><strong>Nulla</strong></span> <span class='ocrx_word' id='word_1_7' title='bbox 486 561 527 627; x_wconf 89' lang='lat' dir='ltr'><strong>sit</strong></span> <span class='ocrx_word' id='word_1_8' title='bbox 548 559 608 627; x_wconf 91' lang='lat' dir='ltr'><strong>hac</strong></span> <span class='ocrx_word' id='word_1_9' title='bbox 629 561 736 649; x_wconf 90' lang='lat' dir='ltr'><strong>potior</strong></span> <span class='ocrx_word' id='word_1_10' title='bbox 758 564 931 640; x_wconf 84' lang='lat' dir='ltr'><strong>sententia,</strong></span> <span class='ocrx_word' id='word_1_11' title='bbox 956 561 1180 631; x_wconf 81' lang='lat' dir='ltr'>Phocaeorum</span> 
     </span>
     <span class='ocr_line' id='line_1_3' title="bbox 412 680 986 769; baseline 0.007 -23"><span class='ocrx_word' id='word_1_12' title='bbox 412 680 503 748; x_wconf 90' lang='lat' dir='ltr'><strong>Velut</strong></span> <span class='ocrx_word' id='word_1_13' title='bbox 524 681 662 769; x_wconf 80' lang='lat' dir='ltr'><strong>profugit</strong></span> <span class='ocrx_word' id='word_1_14' title='bbox 683 694 851 751; x_wconf 83' lang='lat' dir='ltr'><strong>exsecrata</strong></span> <span class='ocrx_word' id='word_1_15' title='bbox 873 685 986 752; x_wconf 86' lang='lat' dir='ltr'><strong>civitas</strong></span> 
     </span>
     <span class='ocr_line' id='line_1_4' title="bbox 368 804 1214 894; baseline 0.005 -26"><span class='ocrx_word' id='word_1_16' title='bbox 368 807 471 891; x_wconf 80' lang='lat' dir='ltr'>Agros</span> <span class='ocrx_word' id='word_1_17' title='bbox 493 814 590 891; x_wconf 87' lang='lat' dir='ltr'><strong>atque</strong></span> <span class='ocrx_word' id='word_1_18' title='bbox 613 805 712 871; x_wconf 81' lang='lat' dir='ltr'><strong>Lares</strong></span> <span class='ocrx_word' id='word_1_19' title='bbox 733 805 856 892; x_wconf 82' lang='lat' dir='ltr'><strong>patrios</strong></span> <span class='ocrx_word' id='word_1_20' title='bbox 877 804 1118 894; x_wconf 82' lang='lat' dir='ltr'>habitandaque</span> <span class='ocrx_word' id='word_1_21' title='bbox 1140 806 1214 872; x_wconf 84' lang='lat' dir='ltr'><strong>lena</strong></span> 
     </span>
     <span class='ocr_line' id='line_1_5' title="bbox 410 923 1411 1015; baseline 0.001 -25"><span class='ocrx_word' id='word_1_22' title='bbox 410 923 504 1012; x_wconf 78' lang='lat' dir='ltr'><strong>Apris</strong></span> <span class='ocrx_word' id='word_1_23' title='bbox 526 924 655 1012; x_wconf 84' lang='lat' dir='ltr'><strong>reliquit</strong></span> <span class='ocrx_word' id='word_1_24' title='bbox 676 934 709 992; x_wconf 88' lang='lat' dir='ltr'><strong>et</strong></span> <span class='ocrx_word' id='word_1_25' title='bbox 731 926 904 1014; x_wconf 84' lang='lat' dir='ltr'><strong>rapacibus</strong></span> <span class='ocrx_word' id='word_1_26' title='bbox 926 927 1030 1015; x_wconf 92' lang='lat' dir='ltr'><strong>lupis,</strong></span> <span class='ocrx_word' id='word_1_27' title='bbox 1373 927 1411 992; x_wconf 69' lang='lat'><strong>20</strong></span> 
     </span>
     <span class='ocr_line' id='line_1_6' title="bbox 368 1045 1339 1137; baseline 0.004 -26"><span class='ocrx_word' id='word_1_28' title='bbox 368 1047 419 1111; x_wconf 91' lang='lat' dir='ltr'><strong>lre</strong></span> <span class='ocrx_word' id='word_1_29' title='bbox 441 1045 544 1134; x_wconf 88' lang='lat' dir='ltr'><strong>pedes</strong></span> <span class='ocrx_word' id='word_1_30' title='bbox 567 1067 765 1135; x_wconf 87' lang='lat' dir='ltr'><strong>quocunque</strong></span> <span class='ocrx_word' id='word_1_31' title='bbox 786 1047 904 1126; x_wconf 85' lang='lat' dir='ltr'><strong>ferent,</strong></span> <span class='ocrx_word' id='word_1_32' title='bbox 929 1069 1127 1137; x_wconf 84' lang='lat' dir='ltr'><strong>quoeunque</strong></span> <span class='ocrx_word' id='word_1_33' title='bbox 1149 1071 1209 1137; x_wconf 92' lang='lat' dir='ltr'><strong>per</strong></span> <span class='ocrx_word' id='word_1_34' title='bbox 1232 1048 1339 1116; x_wconf 89' lang='lat' dir='ltr'><strong>undas</strong></span> 
     </span>
     <span class='ocr_line' id='line_1_7' title="bbox 411 1166 1088 1256; baseline 0.003 -22"><span class='ocrx_word' id='word_1_35' title='bbox 411 1169 512 1249; x_wconf 88' lang='lat' dir='ltr'><strong>Notus</strong></span> <span class='ocrx_word' id='word_1_36' title='bbox 535 1166 664 1235; x_wconf 81' lang='lat' dir='ltr'><strong>vocabit</strong></span> <span class='ocrx_word' id='word_1_37' title='bbox 685 1178 740 1234; x_wconf 84' lang='lat' dir='ltr'><strong>aut</strong></span> <span class='ocrx_word' id='word_1_38' title='bbox 761 1178 932 1256; x_wconf 87' lang='lat' dir='ltr'><strong>protervus</strong></span> <span class='ocrx_word' id='word_1_39' title='bbox 953 1169 1088 1237; x_wconf 81' lang='lat' dir='ltr'><strong>Africus.</strong></span> 
     </span>
     <span class='ocr_line' id='line_1_8' title="bbox 369 1289 1360 1378; baseline 0.003 -23"><span class='ocrx_word' id='word_1_40' title='bbox 369 1290 422 1356; x_wconf 89' lang='lat' dir='ltr'><strong>Sic</strong></span> <span class='ocrx_word' id='word_1_41' title='bbox 436 1289 566 1377; x_wconf 80' lang='lat' dir='ltr'><strong>placet?</strong></span> <span class='ocrx_word' id='word_1_42' title='bbox 588 1310 629 1355; x_wconf 88' lang='lat' dir='ltr'><strong>an</strong></span> <span class='ocrx_word' id='word_1_43' title='bbox 643 1289 759 1356; x_wconf 87' lang='lat' dir='ltr'><strong>melius</strong></span> <span class='ocrx_word' id='word_1_44' title='bbox 774 1290 848 1378; x_wconf 87' lang='lat' dir='ltr'><strong>quis</strong></span> <span class='ocrx_word' id='word_1_45' title='bbox 863 1289 959 1357; x_wconf 82' lang='lat' dir='ltr'><strong>habet</strong></span> <span class='ocrx_word' id='word_1_46' title='bbox 973 1291 1112 1360; x_wconf 91' lang='lat' dir='ltr'><strong>suadere</strong></span> <span class='ocrx_word' id='word_1_47' title='bbox 1124 1292 1140 1356; x_wconf 83' lang='grc'><strong>4</strong></span> <span class='ocrx_word' id='word_1_48' title='bbox 1151 1329 1195 1342; x_wconf 89' lang='grc'>-</span> <span class='ocrx_word' id='word_1_49' title='bbox 1207 1293 1360 1360; x_wconf 84' lang='lat' dir='ltr'><strong>Secunda</strong></span> 
     </span>
    </p>
   </div>
   <div class='ocr_carea' id='block_1_3' title="bbox 358 1487 1382 1778">
    <p class='ocr_par' dir='ltr' id='par_1_3' title="bbox 358 1487 1382 1778">
     <span class='ocr_line' id='line_1_9' title="bbox 391 1487 1382 1555; baseline 0.004 -16"><span class='ocrx_word' id='word_1_50' title='bbox 391 1487 665 1552; x_wconf 57' lang='lat' dir='ltr'><strong>repromissione</strong></span> <span class='ocrx_word' id='word_1_51' title='bbox 682 1488 876 1540; x_wconf 86' lang='lat' dir='ltr'><strong>contra.Codd.</strong></span> <span class='ocrx_word' id='word_1_52' title='bbox 900 1502 976 1540; x_wconf 89' lang='lat' dir='ltr'><strong>meos</strong></span> <span class='ocrx_word' id='word_1_53' title='bbox 999 1491 1026 1540; x_wconf 89' lang='lat' dir='ltr'><strong>et</strong></span> <span class='ocrx_word' id='word_1_54' title='bbox 1043 1489 1090 1540; x_wconf 86' lang='lat' dir='ltr'><strong>Ed.</strong></span> <span class='ocrx_word' id='word_1_55' title='bbox 1109 1491 1174 1540; x_wconf 90' lang='lat' dir='ltr'><strong>Ven.</strong></span> <span class='ocrx_word' id='word_1_56' title='bbox 1195 1490 1272 1542; x_wconf 80' lang='lat' dir='ltr'><strong>ilai.</strong></span> <span class='ocrx_word' id='word_1_57' title='bbox 1292 1491 1382 1555; x_wconf 86' lang='lat' dir='ltr'><strong>(Ober-</strong></span> 
     </span>
     <span class='ocr_line' id='line_1_10' title="bbox 360 1562 1381 1628; baseline 0.003 -16"><span class='ocrx_word' id='word_1_58' title='bbox 360 1562 427 1614; x_wconf 91' lang='lat' dir='ltr'><strong>linus</strong></span> <span class='ocrx_word' id='word_1_59' title='bbox 445 1566 474 1614; x_wconf 90' lang='lat' dir='ltr'><strong>et</strong></span> <span class='ocrx_word' id='word_1_60' title='bbox 489 1564 646 1624; x_wconf 87' lang='lat' dir='ltr'><strong>Pettierius,</strong></span> <span class='ocrx_word' id='word_1_61' title='bbox 665 1563 711 1627; x_wconf 86' lang='lat' dir='ltr'><strong>qui</strong></span> <span class='ocrx_word' id='word_1_62' title='bbox 728 1566 868 1614; x_wconf 85' lang='lat' dir='ltr'><strong>servarunt</strong></span> <span class='ocrx_word' id='word_1_63' title='bbox 880 1564 1017 1628; x_wconf 75' lang='lat' dir='ltr'><strong>proprios,</strong></span> <span class='ocrx_word' id='word_1_64' title='bbox 1043 1563 1077 1614; x_wconf 90' lang='lat' dir='ltr'><strong>de</strong></span> <span class='ocrx_word' id='word_1_65' title='bbox 1095 1565 1150 1616; x_wconf 88' lang='lat' dir='ltr'><strong>suis</strong></span> <span class='ocrx_word' id='word_1_66' title='bbox 1169 1565 1257 1616; x_wconf 85' lang='lat' dir='ltr'><strong>Codd.</strong></span> <span class='ocrx_word' id='word_1_67' title='bbox 1279 1569 1381 1626; x_wconf 75' lang='grc'><strong>444444,</strong></span> 
     </span>
     <span class='ocr_line' id='line_1_11' title="bbox 358 1637 1381 1778; baseline 0.005 -91"><span class='ocrx_word' id='word_1_68' title='bbox 358 1638 574 1766; x_wconf 60' lang='grc' dir='ltr'><strong>ρεοοᾳυρρρῃιρρω</strong></span> <span class='ocrx_word' id='word_1_69' title='bbox 582 1639 634 1778; x_wconf 57' lang='lat' dir='ltr'><strong>den</strong></span> <span class='ocrx_word' id='word_1_70' title='bbox 643 1639 694 1688; x_wconf 88' lang='lat' dir='ltr'><strong>hac</strong></span> <span class='ocrx_word' id='word_1_71' title='bbox 711 1651 766 1688; x_wconf 81' lang='lat' dir='ltr'><strong>ver.</strong></span> <span class='ocrx_word' id='word_1_72' title='bbox 786 1637 938 1702; x_wconf 83' lang='lat' dir='ltr'><strong>Bentleius.)</strong></span> <span class='ocrx_word' id='word_1_73' title='bbox 959 1667 987 1676; x_wconf 91' lang='lat'>—</span> <span class='ocrx_word' id='word_1_74' title='bbox 1016 1640 1057 1690; x_wconf 72' lang='grc'><strong>44.</strong></span> <span class='ocrx_word' id='word_1_75' title='bbox 1075 1640 1159 1703; x_wconf 74' lang='lat' dir='ltr'><strong>semesi</strong></span> <span class='ocrx_word' id='word_1_76' title='bbox 1175 1641 1262 1702; x_wconf 88' lang='lat' dir='ltr'><strong>bSTc,</strong></span> <span class='ocrx_word' id='word_1_77' title='bbox 1275 1643 1307 1692; x_wconf 81' lang='lat' dir='ltr'><strong>m</strong></span> <span class='ocrx_word' id='word_1_78' title='bbox 1323 1641 1381 1706; x_wconf 72' lang='lat' dir='ltr'><strong>(non</strong></span> 
     </span>
     <span class='ocr_line' id='line_1_12' title="bbox 385 1752 644 1778; baseline 0.012 -6"><span class='ocrx_word' id='word_1_79' title='bbox 385 1752 390 1772; x_wconf 83' lang='grc'><strong>4</strong></span> <span class='ocrx_word' id='word_1_80' title='bbox 439 1753 444 1774; x_wconf 89' lang='grc'><strong>4</strong></span> <span class='ocrx_word' id='word_1_81' title='bbox 542 1753 563 1778; x_wconf 83' lang='grc'><strong>·4</strong></span> <span class='ocrx_word' id='word_1_82' title='bbox 639 1754 644 1763; x_wconf 94' lang='grc'><strong><em>·</em></strong></span> 
     </span>
    </p>
   </div>
   <div class='ocr_carea' id='block_1_4' title="bbox 325 1885 1410 4362">
    <p class='ocr_par' dir='ltr' id='par_1_4' title="bbox 325 1885 1410 2107">
     <span class='ocr_line' id='line_1_13' title="bbox 325 1885 1410 1965; baseline 0.001 -23"><span class='ocrx_word' id='word_1_83' title='bbox 325 1889 407 1956; x_wconf 82' lang='grc' dir='ltr'><strong><em>δοσις</em></strong></span> <span class='ocrx_word' id='word_1_84' title='bbox 423 1895 501 1945; x_wconf 81' lang='lat' dir='ltr'><strong>Nulla</strong></span> <span class='ocrx_word' id='word_1_85' title='bbox 516 1895 548 1944; x_wconf 82' lang='lat' dir='ltr'><strong>rit</strong></span> <span class='ocrx_word' id='word_1_86' title='bbox 563 1895 611 1944; x_wconf 81' lang='lat' dir='ltr'><strong>beo</strong></span> <span class='ocrx_word' id='word_1_87' title='bbox 628 1896 714 1958; x_wconf 83' lang='lat' dir='ltr'><strong>potior</strong></span> <span class='ocrx_word' id='word_1_88' title='bbox 729 1897 852 1946; x_wconf 80' lang='grc'><strong>4444444444</strong></span> <span class='ocrx_word' id='word_1_89' title='bbox 888 1888 987 1954; x_wconf 79' lang='grc' dir='ltr'><strong><em>βαλών</em></strong></span> <span class='ocrx_word' id='word_1_90' title='bbox 1003 1891 1051 1944; x_wconf 75' lang='grc' dir='ltr'><strong>ἐπὶ</strong></span> <span class='ocrx_word' id='word_1_91' title='bbox 1067 1897 1131 1956; x_wconf 80' lang='grc' dir='ltr'><em>ταῖς</em></span> <span class='ocrx_word' id='word_1_92' title='bbox 1146 1885 1235 1965; x_wconf 78' lang='grc' dir='ltr'><strong><em>ἀραῖς</em></strong></span> <span class='ocrx_word' id='word_1_93' title='bbox 1246 1895 1289 1958; x_wconf 72' lang='grc' dir='ltr'><strong>εἰς</strong></span> <span class='ocrx_word' id='word_1_94' title='bbox 1299 1889 1351 1960; x_wconf 80' lang='grc' dir='ltr'><strong>τὴν</strong></span> <span class='ocrx_word' id='word_1_95' title='bbox 1361 1888 1410 1944; x_wconf 76' lang='lat' dir='ltr'><strong>ed-</strong></span> 
     </span>
     <span class='ocr_line' id='line_1_14' title="bbox 326 1967 1409 2042; baseline -0.001 -24"><span class='ocrx_word' id='word_1_96' title='bbox 326 1970 433 2033; x_wconf 84' lang='lat' dir='ltr'><strong>(quam)</strong></span> <span class='ocrx_word' id='word_1_97' title='bbox 451 1971 506 2032; x_wconf 84' lang='lat' dir='ltr'><strong>ire,</strong></span> <span class='ocrx_word' id='word_1_98' title='bbox 536 1967 567 2020; x_wconf 79' lang='grc' dir='ltr'><strong>ἐν</strong></span> <span class='ocrx_word' id='word_1_99' title='bbox 592 1969 762 2042; x_wconf 77' lang='grc' dir='ltr'><strong><em>παρενθέσει</em></strong></span> <span class='ocrx_word' id='word_1_100' title='bbox 786 1972 851 2021; x_wconf 82' lang='lat' dir='ltr'><strong>Plo-</strong></span> <span class='ocrx_word' id='word_1_101' title='bbox 888 1967 1409 2021; x_wconf 72' lang='lat' dir='ltr'><strong>lanae.i&gt;1ut.mist.2e.co.etum</strong></span> 
     </span>
     <span class='ocr_line' id='line_1_15' title="bbox 325 2041 1409 2107; baseline 0.003 -16"><span class='ocrx_word' id='word_1_102' title='bbox 325 2044 578 2107; x_wconf 78' lang='lat' dir='ltr'><strong>ceeoreot--iepis¹</strong></span> <span class='ocrx_word' id='word_1_103' title='bbox 888 2043 956 2094; x_wconf 83' lang='lat' dir='ltr'><strong>Flor.</strong></span> <span class='ocrx_word' id='word_1_104' title='bbox 980 2045 1007 2105; x_wconf 88' lang='grc'><strong>3,</strong></span> <span class='ocrx_word' id='word_1_105' title='bbox 1036 2045 1079 2093; x_wconf 85' lang='lat' dir='ltr'><strong>lb:</strong></span> <span class='ocrx_word' id='word_1_106' title='bbox 1116 2041 1245 2096; x_wconf 83' lang='lat' dir='ltr'><strong>Helvetiis</strong></span> <span class='ocrx_word' id='word_1_107' title='bbox 1272 2056 1409 2094; x_wconf 78' lang='grc'><strong>444444444-</strong></span> 
     </span>
    </p>

    <p class='ocr_par' dir='ltr' id='par_1_5' title="bbox 325 2117 1410 4362">
     <span class='ocr_line' id='line_1_16' title="bbox 359 2117 1407 2185; baseline -0.004 -17"><span class='ocrx_word' id='word_1_108' title='bbox 359 2119 446 2170; x_wconf 71' lang='grc'><strong>47-44.</strong></span> <span class='ocrx_word' id='word_1_109' title='bbox 465 2120 543 2170; x_wconf 79' lang='lat' dir='ltr'><strong>Nullo</strong></span> <span class='ocrx_word' id='word_1_110' title='bbox 553 2121 592 2182; x_wconf 83' lang='lat' dir='ltr'><strong>sit]</strong></span> <span class='ocrx_word' id='word_1_111' title='bbox 611 2121 717 2172; x_wconf 82' lang='lat' dir='ltr'><strong>Po&#39;etico</strong></span> <span class='ocrx_word' id='word_1_112' title='bbox 735 2118 851 2185; x_wconf 89' lang='lat' dir='ltr'><strong>impulsu</strong></span> <span class='ocrx_word' id='word_1_113' title='bbox 888 2119 1012 2182; x_wconf 69' lang='lat' dir='ltr'><strong>tensuit,</strong></span> <span class='ocrx_word' id='word_1_114' title='bbox 1030 2119 1189 2168; x_wconf 77' lang='grc'><strong>4444444444.</strong></span> <span class='ocrx_word' id='word_1_115' title='bbox 1210 2119 1301 2169; x_wconf 85' lang='lat' dir='ltr'><strong>Livius</strong></span> <span class='ocrx_word' id='word_1_116' title='bbox 1313 2117 1407 2181; x_wconf 82' lang='lat' dir='ltr'><strong>3l,ii:</strong></span> 
     </span>
     <span class='ocr_line' id='line_1_17' title="bbox 327 2192 1409 2260; baseline -0.001 -16"><span class='ocrx_word' id='word_1_117' title='bbox 327 2194 490 2257; x_wconf 77' lang='lat' dir='ltr'><strong>concitatum,</strong></span> <span class='ocrx_word' id='word_1_118' title='bbox 516 2197 546 2244; x_wconf 88' lang='lat' dir='ltr'><strong>ut</strong></span> <span class='ocrx_word' id='word_1_119' title='bbox 569 2207 664 2260; x_wconf 88' lang='lat' dir='ltr'><strong>perse</strong></span> <span class='ocrx_word' id='word_1_120' title='bbox 682 2194 849 2258; x_wconf 73' lang='lat' dir='ltr'><strong>intelligitur,</strong></span> <span class='ocrx_word' id='word_1_121' title='bbox 887 2195 917 2243; x_wconf 87' lang='lat' dir='ltr'><strong>ld</strong></span> <span class='ocrx_word' id='word_1_122' title='bbox 939 2207 965 2244; x_wconf 80' lang='lat' dir='ltr'><strong>re</strong></span> <span class='ocrx_word' id='word_1_123' title='bbox 990 2193 1090 2257; x_wconf 75' lang='grc'><strong>[4444444</strong></span> <span class='ocrx_word' id='word_1_124' title='bbox 1107 2192 1176 2255; x_wconf 90' lang='lat' dir='ltr'><strong>(sese</strong></span> <span class='ocrx_word' id='word_1_125' title='bbox 1200 2195 1319 2244; x_wconf 87' lang='lat' dir='ltr'><strong>invicem</strong></span> <span class='ocrx_word' id='word_1_126' title='bbox 1344 2192 1409 2243; x_wconf 85' lang='lat' dir='ltr'><strong>occi·</strong></span> 
     </span>
     <span class='ocr_line' id='line_1_18' title="bbox 326 2265 1410 2332; baseline -0.004 -14"><span class='ocrx_word' id='word_1_127' title='bbox 326 2281 379 2318; x_wconf 89' lang='lat' dir='ltr'><strong>non</strong></span> <span class='ocrx_word' id='word_1_128' title='bbox 404 2270 475 2319; x_wconf 89' lang='lat' dir='ltr'><strong>serio</strong></span> <span class='ocrx_word' id='word_1_129' title='bbox 501 2271 552 2320; x_wconf 90' lang='lat' dir='ltr'><strong>hoc</strong></span> <span class='ocrx_word' id='word_1_130' title='bbox 574 2269 731 2322; x_wconf 83' lang='lat' dir='ltr'><strong>melioribus</strong></span> <span class='ocrx_word' id='word_1_131' title='bbox 749 2270 850 2321; x_wconf 86' lang='lat' dir='ltr'><strong>civibus</strong></span> <span class='ocrx_word' id='word_1_132' title='bbox 889 2267 978 2332; x_wconf 91' lang='lat' dir='ltr'><strong>dendi)</strong></span> <span class='ocrx_word' id='word_1_133' title='bbox 1000 2271 1210 2329; x_wconf 73' lang='lat' dir='ltr'><strong>perpetraturos,</strong></span> <span class='ocrx_word' id='word_1_134' title='bbox 1237 2265 1410 2330; x_wconf 67' lang='lat' dir='ltr'><strong>praemon</strong></span> 
     </span>
     <span class='ocr_line' id='line_1_19' title="bbox 326 2340 1407 2399; baseline -0.002 -7"><span class='ocrx_word' id='word_1_135' title='bbox 326 2341 522 2394; x_wconf 88' lang='lat' dir='ltr'><strong>datconsilium</strong></span> <span class='ocrx_word' id='word_1_136' title='bbox 535 2345 666 2396; x_wconf 74' lang='lat' dir='ltr'><strong>Horatius.</strong></span> <span class='ocrx_word' id='word_1_137' title='bbox 689 2344 852 2397; x_wconf 77' lang='lat' dir='ltr'><strong>Manendum</strong></span> <span class='ocrx_word' id='word_1_138' title='bbox 888 2353 1060 2394; x_wconf 72' lang='lat' dir='ltr'><strong>srsscmerffl</strong></span> <span class='ocrx_word' id='word_1_139' title='bbox 1094 2355 1197 2391; x_wconf 75' lang='lat' dir='ltr'><strong>cannen</strong></span> <span class='ocrx_word' id='word_1_140' title='bbox 1232 2340 1407 2399; x_wconf 76' lang='lat' dir='ltr'><strong>sacerdotibus,</strong></span> 
     </span>
     <span class='ocr_line' id='line_1_20' title="bbox 327 2415 1408 2484; baseline -0.002 -18"><span class='ocrx_word' id='word_1_141' title='bbox 327 2419 417 2467; x_wconf 88' lang='lat' dir='ltr'><strong>temen</strong></span> <span class='ocrx_word' id='word_1_142' title='bbox 430 2421 488 2468; x_wconf 87' lang='lat' dir='ltr'><strong>eret</strong></span> <span class='ocrx_word' id='word_1_143' title='bbox 501 2422 612 2484; x_wconf 87' lang='lat' dir='ltr'><strong>propter</strong></span> <span class='ocrx_word' id='word_1_144' title='bbox 623 2431 756 2484; x_wconf 87' lang='lat' dir='ltr'><strong>nuperum</strong></span> <span class='ocrx_word' id='word_1_145' title='bbox 769 2433 853 2484; x_wconf 86' lang='lat' dir='ltr'><strong>quen-</strong></span> <span class='ocrx_word' id='word_1_146' title='bbox 889 2417 945 2468; x_wconf 74' lang='lat' dir='ltr'><strong>iere</strong></span> <span class='ocrx_word' id='word_1_147' title='bbox 971 2417 1080 2466; x_wconf 78' lang='lat' dir='ltr'><strong>iurando</strong></span> <span class='ocrx_word' id='word_1_148' title='bbox 1107 2417 1192 2466; x_wconf 82' lang='lat' dir='ltr'><strong>edocti</strong></span> <span class='ocrx_word' id='word_1_149' title='bbox 1218 2415 1365 2480; x_wconf 79' lang='lat' dir='ltr'><strong>(Abydeni).</strong></span> <span class='ocrx_word' id='word_1_150' title='bbox 1384 2439 1408 2448; x_wconf 94' lang='lat'><em>-</em></span> 
     </span>
     <span class='ocr_line' id='line_1_21' title="bbox 327 2488 1407 2557; baseline -0.004 -17"><span class='ocrx_word' id='word_1_151' title='bbox 327 2491 391 2541; x_wconf 87' lang='lat' dir='ltr'><strong>dem</strong></span> <span class='ocrx_word' id='word_1_152' title='bbox 413 2493 596 2555; x_wconf 86' lang='lat' dir='ltr'><strong>interpretem.</strong></span> <span class='ocrx_word' id='word_1_153' title='bbox 623 2521 651 2531; x_wconf 93' lang='lat'>-</span> <span class='ocrx_word' id='word_1_154' title='bbox 674 2496 850 2557; x_wconf 70' lang='lat' dir='ltr'><strong>Phocaeorum]</strong></span> <span class='ocrx_word' id='word_1_155' title='bbox 889 2491 1030 2552; x_wconf 74' lang='lat' dir='ltr'><strong>exsecrate]</strong></span> <span class='ocrx_word' id='word_1_156' title='bbox 1056 2490 1141 2553; x_wconf 77' lang='lat' dir='ltr'><strong>signif.</strong></span> <span class='ocrx_word' id='word_1_157' title='bbox 1169 2489 1274 2542; x_wconf 79' lang='lat' dir='ltr'><strong>formae</strong></span> <span class='ocrx_word' id='word_1_158' title='bbox 1297 2488 1407 2544; x_wconf 78' lang='lat' dir='ltr'><strong>mediae,</strong></span> 
     </span>
     <span class='ocr_line' id='line_1_22' title="bbox 327 2561 1407 2635; baseline -0.001 -20"><span class='ocrx_word' id='word_1_159' title='bbox 327 2567 395 2616; x_wconf 86' lang='lat' dir='ltr'><strong>Cum</strong></span> <span class='ocrx_word' id='word_1_160' title='bbox 406 2579 430 2615; x_wconf 89' lang='lat' dir='ltr'><strong>e.</strong></span> <span class='ocrx_word' id='word_1_161' title='bbox 447 2567 508 2615; x_wconf 89' lang='lat' dir='ltr'><strong>ente</strong></span> <span class='ocrx_word' id='word_1_162' title='bbox 522 2567 583 2617; x_wconf 88' lang='lat' dir='ltr'><strong>Chr.</strong></span> <span class='ocrx_word' id='word_1_163' title='bbox 597 2568 654 2619; x_wconf 77' lang='grc'><strong>434.</strong></span> <span class='ocrx_word' id='word_1_164' title='bbox 671 2568 705 2618; x_wconf 84' lang='lat' dir='ltr'><strong>sb</strong></span> <span class='ocrx_word' id='word_1_165' title='bbox 718 2571 850 2635; x_wconf 71' lang='lat' dir='ltr'><strong>demago,</strong></span> <span class='ocrx_word' id='word_1_166' title='bbox 891 2579 967 2617; x_wconf 75' lang='lat' dir='ltr'><strong>«cum</strong></span> <span class='ocrx_word' id='word_1_167' title='bbox 985 2579 1015 2616; x_wconf 91' lang='lat' dir='ltr'><strong>se</strong></span> <span class='ocrx_word' id='word_1_168' title='bbox 1033 2565 1097 2615; x_wconf 84' lang='lat' dir='ltr'><strong>diris</strong></span> <span class='ocrx_word' id='word_1_169' title='bbox 1117 2565 1299 2617; x_wconf 73' lang='lat' dir='ltr'><strong>devovissetn</strong></span> <span class='ocrx_word' id='word_1_170' title='bbox 1318 2561 1407 2615; x_wconf 85' lang='lat' dir='ltr'><strong>Herod.</strong></span> 
     </span>
     <span class='ocr_line' id='line_1_23' title="bbox 326 2633 1409 2712; baseline -0.005 -21"><span class='ocrx_word' id='word_1_171' title='bbox 326 2641 389 2704; x_wconf 84' lang='lat' dir='ltr'><strong>Cyri</strong></span> <span class='ocrx_word' id='word_1_172' title='bbox 415 2639 498 2702; x_wconf 86' lang='lat' dir='ltr'><strong>duce,</strong></span> <span class='ocrx_word' id='word_1_173' title='bbox 530 2642 685 2706; x_wconf 79' lang='lat' dir='ltr'><strong>gravissima</strong></span> <span class='ocrx_word' id='word_1_174' title='bbox 713 2643 851 2694; x_wconf 86' lang='lat' dir='ltr'><strong>obsidione</strong></span> <span class='ocrx_word' id='word_1_175' title='bbox 889 2641 906 2692; x_wconf 92' lang='lat' dir='ltr'><strong>l.</strong></span> <span class='ocrx_word' id='word_1_176' title='bbox 928 2640 945 2691; x_wconf 93' lang='lat' dir='ltr'><strong>l.</strong></span> <span class='ocrx_word' id='word_1_177' title='bbox 972 2636 1150 2706; x_wconf 79' lang='grc' dir='ltr'><strong><em>ἐποιήσαντο</em></strong></span> <span class='ocrx_word' id='word_1_178' title='bbox 1176 2636 1302 2712; x_wconf 81' lang='grc' dir='ltr'><strong><em>ἰσχυρὰς</em></strong></span> <span class='ocrx_word' id='word_1_179' title='bbox 1328 2633 1409 2688; x_wconf 78' lang='grc' dir='ltr'><strong><em>κατά-</em></strong></span> 
     </span>
     <span class='ocr_line' id='line_1_24' title="bbox 325 2713 1409 2787; baseline -0.002 -22"><span class='ocrx_word' id='word_1_180' title='bbox 325 2717 527 2780; x_wconf 89' lang='lat' dir='ltr'><strong>premerentur‚</strong></span> <span class='ocrx_word' id='word_1_181' title='bbox 556 2729 686 2768; x_wconf 89' lang='lat' dir='ltr'><strong>concesso</strong></span> <span class='ocrx_word' id='word_1_182' title='bbox 703 2719 782 2769; x_wconf 89' lang='lat' dir='ltr'><strong>unius</strong></span> <span class='ocrx_word' id='word_1_183' title='bbox 799 2719 851 2770; x_wconf 86' lang='lat' dir='ltr'><strong>diei</strong></span> <span class='ocrx_word' id='word_1_184' title='bbox 889 2731 950 2787; x_wconf 85' lang='grc' dir='ltr'><strong><em>ρας.</em></strong></span> <span class='ocrx_word' id='word_1_185' title='bbox 985 2714 1044 2766; x_wconf 88' lang='lat' dir='ltr'><strong>Noli</strong></span> <span class='ocrx_word' id='word_1_186' title='bbox 1076 2716 1187 2778; x_wconf 77' lang='lat' dir='ltr'><strong>iungere</strong></span> <span class='ocrx_word' id='word_1_187' title='bbox 1211 2728 1277 2766; x_wconf 91' lang='lat' dir='ltr'><strong>curn</strong></span> <span class='ocrx_word' id='word_1_188' title='bbox 1299 2713 1409 2778; x_wconf 85' lang='lat' dir='ltr'><strong>Porphy-</strong></span> 
     </span>
     <span class='ocr_line' id='line_1_25' title="bbox 326 2789 1409 2854; baseline -0.002 -13"><span class='ocrx_word' id='word_1_189' title='bbox 326 2790 362 2841; x_wconf 87' lang='lat' dir='ltr'><strong>ad</strong></span> <span class='ocrx_word' id='word_1_190' title='bbox 390 2789 594 2842; x_wconf 88' lang='lat' dir='ltr'><strong>deliberandum</strong></span> <span class='ocrx_word' id='word_1_191' title='bbox 623 2791 656 2842; x_wconf 92' lang='lat' dir='ltr'><strong>dc</strong></span> <span class='ocrx_word' id='word_1_192' title='bbox 686 2791 768 2844; x_wconf 89' lang='lat' dir='ltr'><strong>rebus</strong></span> <span class='ocrx_word' id='word_1_193' title='bbox 796 2795 851 2845; x_wconf 90' lang='lat' dir='ltr'><strong>suis</strong></span> <span class='ocrx_word' id='word_1_194' title='bbox 889 2793 979 2842; x_wconf 90' lang='lat' dir='ltr'><strong>rione:</strong></span> <span class='ocrx_word' id='word_1_195' title='bbox 1000 2795 1147 2842; x_wconf 69' lang='lat' dir='ltr'><strong>«exsecrate</strong></span> <span class='ocrx_word' id='word_1_196' title='bbox 1160 2803 1240 2854; x_wconf 77' lang='lat' dir='ltr'><strong>apros</strong></span> <span class='ocrx_word' id='word_1_197' title='bbox 1256 2791 1409 2853; x_wconf 72' lang='grc'><strong>4444444444</strong></span> 
     </span>
     <span class='ocr_line' id='line_1_26' title="bbox 326 2865 1407 2931; baseline 0.003 -15"><span class='ocrx_word' id='word_1_198' title='bbox 326 2867 425 2931; x_wconf 83' lang='lat' dir='ltr'><strong>spatio,</strong></span> <span class='ocrx_word' id='word_1_199' title='bbox 445 2880 493 2916; x_wconf 90' lang='lat' dir='ltr'><strong>eos</strong></span> <span class='ocrx_word' id='word_1_200' title='bbox 510 2879 654 2918; x_wconf 89' lang='lat' dir='ltr'><strong>commune</strong></span> <span class='ocrx_word' id='word_1_201' title='bbox 671 2868 792 2919; x_wconf 82' lang='lat' dir='ltr'><strong>mutandi</strong></span> <span class='ocrx_word' id='word_1_202' title='bbox 804 2868 852 2920; x_wconf 90' lang='lat' dir='ltr'><strong>soli</strong></span> <span class='ocrx_word' id='word_1_203' title='bbox 885 2865 1407 2930; x_wconf 60' lang='lat' dir='ltr'><strong>patetneprofopitpsedpresueilaowi·</strong></span> 
     </span>
     <span class='ocr_line' id='line_1_27' title="bbox 326 2936 1408 3007; baseline -0.003 -17"><span class='ocrx_word' id='word_1_204' title='bbox 326 2941 404 3006; x_wconf 88' lang='lat' dir='ltr'><strong>patrii</strong></span> <span class='ocrx_word' id='word_1_205' title='bbox 425 2940 563 2992; x_wconf 91' lang='lat' dir='ltr'><strong>consilium</strong></span> <span class='ocrx_word' id='word_1_206' title='bbox 581 2943 699 3007; x_wconf 83' lang='lat' dir='ltr'><strong>cepisse,</strong></span> <span class='ocrx_word' id='word_1_207' title='bbox 724 2945 785 2994; x_wconf 82' lang='lat' dir='ltr'><strong>sote</strong></span> <span class='ocrx_word' id='word_1_208' title='bbox 804 2957 853 2993; x_wconf 88' lang='lat' dir='ltr'><strong>eu·</strong></span> <span class='ocrx_word' id='word_1_209' title='bbox 890 2939 1031 2992; x_wconf 83' lang='lat' dir='ltr'><strong>utColum.</strong></span> <span class='ocrx_word' id='word_1_210' title='bbox 1045 2942 1070 3002; x_wconf 97' lang='grc'><strong>4,</strong></span> <span class='ocrx_word' id='word_1_211' title='bbox 1082 2941 1111 2990; x_wconf 80' lang='lat'><strong>3:</strong></span> <span class='ocrx_word' id='word_1_212' title='bbox 1124 2945 1304 3003; x_wconf 81' lang='lat' dir='ltr'><strong>ot--propter</strong></span> <span class='ocrx_word' id='word_1_213' title='bbox 1311 2936 1408 2988; x_wconf 71' lang='grc'><strong>44444444</strong></span> 
     </span>
     <span class='ocr_line' id='line_1_28' title="bbox 327 3015 1405 3082; baseline -0.002 -17"><span class='ocrx_word' id='word_1_214' title='bbox 327 3018 382 3066; x_wconf 87' lang='lat' dir='ltr'><strong>tem</strong></span> <span class='ocrx_word' id='word_1_215' title='bbox 411 3029 493 3080; x_wconf 85' lang='lat' dir='ltr'><strong>quam</strong></span> <span class='ocrx_word' id='word_1_216' title='bbox 520 3017 604 3079; x_wconf 82' lang='lat' dir='ltr'><strong>petria</strong></span> <span class='ocrx_word' id='word_1_217' title='bbox 632 3018 773 3078; x_wconf 87' lang='lat' dir='ltr'><strong>cederent,</strong></span> <span class='ocrx_word' id='word_1_218' title='bbox 800 3031 852 3082; x_wconf 92' lang='lat' dir='ltr'><strong>pu·</strong></span> <span class='ocrx_word' id='word_1_219' title='bbox 888 3015 1029 3064; x_wconf 76' lang='grc'><strong>4444444444</strong></span> <span class='ocrx_word' id='word_1_220' title='bbox 1045 3015 1113 3064; x_wconf 79' lang='lat' dir='ltr'><strong>sedes</strong></span> <span class='ocrx_word' id='word_1_221' title='bbox 1129 3027 1189 3064; x_wconf 82' lang='grc'><strong>4444</strong></span> <span class='ocrx_word' id='word_1_222' title='bbox 1200 3015 1367 3080; x_wconf 53' lang='lat' dir='ltr'><strong>pronepote.</strong></span> <span class='ocrx_word' id='word_1_223' title='bbox 1382 3034 1405 3046; x_wconf 95' lang='lat'>-</span> 
     </span>
     <span class='ocr_line' id='line_1_29' title="bbox 327 3085 1407 3160; baseline 0.001 -20"><span class='ocrx_word' id='word_1_224' title='bbox 327 3089 403 3140; x_wconf 84' lang='lat' dir='ltr'><strong>blicis</strong></span> <span class='ocrx_word' id='word_1_225' title='bbox 431 3092 658 3143; x_wconf 83' lang='lat' dir='ltr'><strong>exsecrationibus</strong></span> <span class='ocrx_word' id='word_1_226' title='bbox 688 3095 853 3145; x_wconf 80' lang='lat' dir='ltr'><strong>iuramento·</strong></span> <span class='ocrx_word' id='word_1_227' title='bbox 886 3089 999 3151; x_wconf 67' lang='lat' dir='ltr'><strong>paens]</strong></span> <span class='ocrx_word' id='word_1_228' title='bbox 1028 3085 1254 3160; x_wconf 77' lang='grc' dir='ltr'><em>ποιητικώτερον</em></span> <span class='ocrx_word' id='word_1_229' title='bbox 1271 3093 1311 3141; x_wconf 86' lang='lat' dir='ltr'><strong>est</strong></span> <span class='ocrx_word' id='word_1_230' title='bbox 1335 3097 1407 3152; x_wconf 76' lang='lat' dir='ltr'><strong>quam</strong></span> 
     </span>
     <span class='ocr_line' id='line_1_30' title="bbox 327 3162 1408 3233; baseline -0.005 -18"><span class='ocrx_word' id='word_1_231' title='bbox 327 3179 397 3230; x_wconf 87' lang='lat' dir='ltr'><strong>que,</strong></span> <span class='ocrx_word' id='word_1_232' title='bbox 421 3178 454 3216; x_wconf 87' lang='lat' dir='ltr'><strong>ne</strong></span> <span class='ocrx_word' id='word_1_233' title='bbox 472 3167 531 3230; x_wconf 90' lang='lat' dir='ltr'><strong>quis</strong></span> <span class='ocrx_word' id='word_1_234' title='bbox 552 3169 706 3218; x_wconf 86' lang='lat' dir='ltr'><strong>remaneret</strong></span> <span class='ocrx_word' id='word_1_235' title='bbox 723 3180 775 3218; x_wconf 91' lang='lat' dir='ltr'><strong>neu</strong></span> <span class='ocrx_word' id='word_1_236' title='bbox 792 3170 852 3233; x_wconf 91' lang='lat' dir='ltr'><strong>quis</strong></span> <span class='ocrx_word' id='word_1_237' title='bbox 882 3167 1012 3230; x_wconf 64' lang='lat' dir='ltr'><strong>,proprios</strong></span> <span class='ocrx_word' id='word_1_238' title='bbox 1025 3166 1100 3216; x_wconf 88' lang='lat' dir='ltr'><strong>cuius</strong></span> <span class='ocrx_word' id='word_1_239' title='bbox 1112 3162 1233 3216; x_wconf 86' lang='lat' dir='ltr'><strong>lectionis</strong></span> <span class='ocrx_word' id='word_1_240' title='bbox 1245 3166 1351 3216; x_wconf 91' lang='lat' dir='ltr'><strong>omnino</strong></span> <span class='ocrx_word' id='word_1_241' title='bbox 1361 3162 1408 3212; x_wconf 78' lang='lat' dir='ltr'><strong>eri</strong></span> 
     </span>
     <span class='ocr_line' id='line_1_31' title="bbox 326 3235 1406 3306; baseline 0.001 -17"><span class='ocrx_word' id='word_1_242' title='bbox 326 3241 401 3304; x_wconf 91' lang='lat' dir='ltr'><strong>prius</strong></span> <span class='ocrx_word' id='word_1_243' title='bbox 429 3243 625 3303; x_wconf 80' lang='lat' dir='ltr'><strong>reverteretur,</strong></span> <span class='ocrx_word' id='word_1_244' title='bbox 656 3255 738 3306; x_wconf 88' lang='lat' dir='ltr'><strong>quom</strong></span> <span class='ocrx_word' id='word_1_245' title='bbox 763 3255 852 3294; x_wconf 86' lang='lat' dir='ltr'><strong>masse</strong></span> <span class='ocrx_word' id='word_1_246' title='bbox 891 3255 941 3305; x_wconf 81' lang='lat' dir='ltr'><strong>gua</strong></span> <span class='ocrx_word' id='word_1_247' title='bbox 951 3241 1057 3292; x_wconf 90' lang='lat' dir='ltr'><strong>videtur</strong></span> <span class='ocrx_word' id='word_1_248' title='bbox 1068 3241 1219 3290; x_wconf 84' lang='lat' dir='ltr'><strong>auotoritas.</strong></span> <span class='ocrx_word' id='word_1_249' title='bbox 1232 3267 1259 3277; x_wconf 91' lang='lat'><em>-</em></span> <span class='ocrx_word' id='word_1_250' title='bbox 1270 3240 1372 3303; x_wconf 70' lang='lat' dir='ltr'><strong>pedere.</strong></span> <span class='ocrx_word' id='word_1_251' title='bbox 1380 3235 1406 3298; x_wconf 76' lang='grc'><strong>4.]</strong></span> 
     </span>
     <span class='ocr_line' id='line_1_32' title="bbox 328 3309 1405 3381; baseline -0.003 -16"><span class='ocrx_word' id='word_1_252' title='bbox 328 3315 406 3375; x_wconf 89' lang='lat' dir='ltr'><strong>ierri,</strong></span> <span class='ocrx_word' id='word_1_253' title='bbox 438 3329 519 3379; x_wconf 84' lang='lat' dir='ltr'><strong>quam</strong></span> <span class='ocrx_word' id='word_1_254' title='bbox 547 3317 614 3366; x_wconf 83' lang='lat' dir='ltr'><strong>meri</strong></span> <span class='ocrx_word' id='word_1_255' title='bbox 642 3318 851 3381; x_wconf 85' lang='lat' dir='ltr'><strong>immersissent,</strong></span> <span class='ocrx_word' id='word_1_256' title='bbox 891 3316 992 3368; x_wconf 87' lang='lat' dir='ltr'><strong>Ci.0d.</strong></span> <span class='ocrx_word' id='word_1_257' title='bbox 1011 3313 1152 3376; x_wconf 82' lang='grc'><strong>3,44,4“9.</strong></span> <span class='ocrx_word' id='word_1_258' title='bbox 1169 3341 1196 3352; x_wconf 83' lang='lat'><strong>-</strong></span> <span class='ocrx_word' id='word_1_259' title='bbox 1211 3313 1352 3378; x_wconf 71' lang='grc'><strong>4444444444]</strong></span> <span class='ocrx_word' id='word_1_260' title='bbox 1371 3309 1405 3362; x_wconf 84' lang='lat' dir='ltr'><strong>Ci.</strong></span> 
     </span>
     <span class='ocr_line' id='line_1_33' title="bbox 328 3387 1405 3456; baseline -0.006 -16"><span class='ocrx_word' id='word_1_261' title='bbox 328 3391 354 3440; x_wconf 93' lang='lat' dir='ltr'><strong>in</strong></span> <span class='ocrx_word' id='word_1_262' title='bbox 393 3391 450 3441; x_wconf 88' lang='lat' dir='ltr'><strong>eius</strong></span> <span class='ocrx_word' id='word_1_263' title='bbox 487 3391 628 3454; x_wconf 87' lang='lat' dir='ltr'><strong>superficie</strong></span> <span class='ocrx_word' id='word_1_264' title='bbox 667 3393 851 3456; x_wconf 84' lang='lat' dir='ltr'><strong>apparuisset,</strong></span> <span class='ocrx_word' id='word_1_265' title='bbox 891 3390 1076 3452; x_wconf 53' lang='lat' dir='ltr'><strong>ederim:</strong></span> <span class='ocrx_word' id='word_1_266' title='bbox 1092 3387 1405 3451; x_wconf 62' lang='lat' dir='ltr'><strong>proteum-ventrem.</strong></span> 
     </span>
     <span class='ocr_line' id='line_1_34' title="bbox 327 3463 1362 3530; baseline -0.005 -14"><span class='ocrx_word' id='word_1_267' title='bbox 327 3467 447 3516; x_wconf 80' lang='lat' dir='ltr'><strong>sanxisse</strong></span> <span class='ocrx_word' id='word_1_268' title='bbox 469 3478 552 3530; x_wconf 88' lang='lat' dir='ltr'><strong>seque</strong></span> <span class='ocrx_word' id='word_1_269' title='bbox 575 3465 747 3518; x_wconf 82' lang='lat' dir='ltr'><strong>obstrinxisse</strong></span> <span class='ocrx_word' id='word_1_270' title='bbox 769 3469 854 3518; x_wconf 86' lang='lat' dir='ltr'><strong>llere-</strong></span> <span class='ocrx_word' id='word_1_271' title='bbox 890 3467 955 3516; x_wconf 79' lang='lat' dir='ltr'><strong>Aen.</strong></span> <span class='ocrx_word' id='word_1_272' title='bbox 974 3466 1001 3527; x_wconf 89' lang='grc'><strong>4,</strong></span> <span class='ocrx_word' id='word_1_273' title='bbox 1020 3465 1080 3515; x_wconf 76' lang='lat'>536:</span> <span class='ocrx_word' id='word_1_274' title='bbox 1095 3463 1362 3526; x_wconf 62' lang='lat' dir='ltr'><strong>pruneriensem.</strong></span> 
     </span>
     <span class='ocr_line' id='line_1_35' title="bbox 328 3533 1405 3604; baseline -0.006 -14"><span class='ocrx_word' id='word_1_275' title='bbox 328 3539 406 3590; x_wconf 86' lang='lat' dir='ltr'><strong>dotus</strong></span> <span class='ocrx_word' id='word_1_276' title='bbox 429 3542 459 3602; x_wconf 93' lang='grc'><strong>4,</strong></span> <span class='ocrx_word' id='word_1_277' title='bbox 488 3541 545 3591; x_wconf 85' lang='grc'><strong>465.</strong></span> <span class='ocrx_word' id='word_1_278' title='bbox 576 3541 662 3592; x_wconf 86' lang='lat' dir='ltr'><strong>tradit.</strong></span> <span class='ocrx_word' id='word_1_279' title='bbox 707 3541 773 3592; x_wconf 84' lang='lat' dir='ltr'><strong>ilinc</strong></span> <span class='ocrx_word' id='word_1_280' title='bbox 797 3541 854 3593; x_wconf 83' lang='lat' dir='ltr'><strong>Cel·</strong></span> <span class='ocrx_word' id='word_1_281' title='bbox 923 3540 965 3591; x_wconf 71' lang='lat'><strong>23.</strong></span> <span class='ocrx_word' id='word_1_282' title='bbox 984 3539 1025 3590; x_wconf 75' lang='lat' dir='ltr'><strong>si.</strong></span> <span class='ocrx_word' id='word_1_283' title='bbox 1045 3541 1087 3590; x_wconf 83' lang='lat' dir='ltr'><strong>Sic</strong></span> <span class='ocrx_word' id='word_1_284' title='bbox 1100 3538 1210 3604; x_wconf 70' lang='grc'><strong>44444444]</strong></span> <span class='ocrx_word' id='word_1_285' title='bbox 1233 3539 1287 3590; x_wconf 76' lang='lat' dir='ltr'><strong>«Ex</strong></span> <span class='ocrx_word' id='word_1_286' title='bbox 1303 3533 1405 3588; x_wconf 87' lang='lat' dir='ltr'><strong>iormule</strong></span> 
     </span>
     <span class='ocr_line' id='line_1_36' title="bbox 327 3609 1404 3689; baseline -0.005 -25"><span class='ocrx_word' id='word_1_287' title='bbox 327 3612 382 3664; x_wconf 91' lang='lat' dir='ltr'><strong>lim.</strong></span> <span class='ocrx_word' id='word_1_288' title='bbox 401 3615 504 3678; x_wconf 81' lang='lat' dir='ltr'><strong>Fragm.</strong></span> <span class='ocrx_word' id='word_1_289' title='bbox 518 3616 580 3666; x_wconf 72' lang='lat'><strong>209:</strong></span> <span class='ocrx_word' id='word_1_290' title='bbox 599 3617 736 3668; x_wconf 69' lang='grc' dir='ltr'><em>Φωκσλων</em></span> <span class='ocrx_word' id='word_1_291' title='bbox 752 3619 854 3689; x_wconf 78' lang='grc' dir='ltr'><strong><em>μέχρις</em></strong></span> <span class='ocrx_word' id='word_1_292' title='bbox 891 3614 1026 3673; x_wconf 85' lang='lat' dir='ltr'><strong>sollemni;</strong></span> <span class='ocrx_word' id='word_1_293' title='bbox 1053 3627 1115 3664; x_wconf 87' lang='lat' dir='ltr'><strong>cnm</strong></span> <span class='ocrx_word' id='word_1_294' title='bbox 1136 3613 1208 3664; x_wconf 88' lang='lat' dir='ltr'><strong>enim</strong></span> <span class='ocrx_word' id='word_1_295' title='bbox 1225 3609 1404 3667; x_wconf 83' lang='lat' dir='ltr'><strong>consulebant,</strong></span> 
     </span>
     <span class='ocr_line' id='line_1_37' title="bbox 328 3681 1405 3764; baseline -0.004 -22"><span class='ocrx_word' id='word_1_296' title='bbox 328 3702 361 3738; x_wconf 76' lang='lat' dir='ltr'><strong>xc</strong></span> <span class='ocrx_word' id='word_1_297' title='bbox 385 3689 458 3759; x_wconf 77' lang='grc' dir='ltr'><strong>μένῃ</strong></span> <span class='ocrx_word' id='word_1_298' title='bbox 482 3691 574 3758; x_wconf 79' lang='grc' dir='ltr'><strong><em>μέγας</em></strong></span> <span class='ocrx_word' id='word_1_299' title='bbox 596 3693 638 3742; x_wconf 82' lang='grc' dir='ltr'><strong>εἰν</strong></span> <span class='ocrx_word' id='word_1_300' title='bbox 661 3684 710 3743; x_wconf 75' lang='grc' dir='ltr'><strong>ἁλὶ</strong></span> <span class='ocrx_word' id='word_1_301' title='bbox 733 3689 851 3764; x_wconf 76' lang='grc' dir='ltr'><strong><em>μύδρος.</em></strong></span> <span class='ocrx_word' id='word_1_302' title='bbox 892 3692 930 3742; x_wconf 90' lang='lat' dir='ltr'><strong>sic</strong></span> <span class='ocrx_word' id='word_1_303' title='bbox 941 3689 1131 3754; x_wconf 86' lang='lat' dir='ltr'><strong>loquebantur:</strong></span> <span class='ocrx_word' id='word_1_304' title='bbox 1151 3689 1318 3741; x_wconf 69' lang='lat' dir='ltr'><strong>«Placetne‘in</strong></span> <span class='ocrx_word' id='word_1_305' title='bbox 1330 3681 1405 3746; x_wconf 79' lang='lat' dir='ltr'><strong>«Quid</strong></span> 
     </span>
     <span class='ocr_line' id='line_1_38' title="bbox 330 3757 1405 3832; baseline -0.006 -19"><span class='ocrx_word' id='word_1_306' title='bbox 330 3763 383 3813; x_wconf 86' lang='lat' dir='ltr'><strong>Cir.</strong></span> <span class='ocrx_word' id='word_1_307' title='bbox 402 3763 489 3813; x_wconf 86' lang='lat' dir='ltr'><strong>Sobel.</strong></span> <span class='ocrx_word' id='word_1_308' title='bbox 508 3765 534 3814; x_wconf 91' lang='lat' dir='ltr'><strong>in</strong></span> <span class='ocrx_word' id='word_1_309' title='bbox 552 3766 674 3831; x_wconf 89' lang='lat' dir='ltr'><strong>Sophocl.</strong></span> <span class='ocrx_word' id='word_1_310' title='bbox 693 3769 779 3832; x_wconf 78' lang='lat' dir='ltr'><strong>Antig.</strong></span> <span class='ocrx_word' id='word_1_311' title='bbox 793 3767 851 3818; x_wconf 73' lang='grc'><strong>464,</strong></span> <span class='ocrx_word' id='word_1_312' title='bbox 891 3767 950 3818; x_wconf 86' lang='lat' dir='ltr'><strong>fieri</strong></span> <span class='ocrx_word' id='word_1_313' title='bbox 977 3765 1106 3830; x_wconf 72' lang='lat' dir='ltr'><strong>placete»</strong></span> <span class='ocrx_word' id='word_1_314' title='bbox 1136 3767 1164 3815; x_wconf 94' lang='lat' dir='ltr'><strong>et</strong></span> <span class='ocrx_word' id='word_1_315' title='bbox 1191 3765 1217 3815; x_wconf 94' lang='lat' dir='ltr'><strong>in</strong></span> <span class='ocrx_word' id='word_1_316' title='bbox 1245 3757 1405 3816; x_wconf 88' lang='lat' dir='ltr'><strong>decernendo</strong></span> 
     </span>
     <span class='ocr_line' id='line_1_39' title="bbox 329 3834 1404 3912; baseline -0.002 -24"><span class='ocrx_word' id='word_1_317' title='bbox 329 3837 423 3888; x_wconf 87' lang='lat' dir='ltr'><strong>Suides</strong></span> <span class='ocrx_word' id='word_1_318' title='bbox 435 3838 461 3888; x_wconf 92' lang='lat' dir='ltr'><strong>in</strong></span> <span class='ocrx_word' id='word_1_319' title='bbox 474 3837 615 3890; x_wconf 79' lang='grc' dir='ltr'><em>Φωκαέων</em></span> <span class='ocrx_word' id='word_1_320' title='bbox 626 3834 692 3912; x_wconf 82' lang='grc' dir='ltr'><strong><em>ἆρά.</em></strong></span> <span class='ocrx_word' id='word_1_321' title='bbox 711 3843 758 3893; x_wconf 86' lang='lat' dir='ltr'><strong>Ed.</strong></span> <span class='ocrx_word' id='word_1_322' title='bbox 774 3841 852 3892; x_wconf 84' lang='lat' dir='ltr'><strong>Geisi.</strong></span> <span class='ocrx_word' id='word_1_323' title='bbox 891 3841 999 3906; x_wconf 82' lang='lat' dir='ltr'><strong>placere</strong></span> <span class='ocrx_word' id='word_1_324' title='bbox 1026 3841 1129 3892; x_wconf 85' lang='lat' dir='ltr'><strong>senatui</strong></span> <span class='ocrx_word' id='word_1_325' title='bbox 1146 3839 1189 3891; x_wconf 84' lang='lat' dir='ltr'><strong>vel</strong></span> <span class='ocrx_word' id='word_1_326' title='bbox 1206 3853 1259 3891; x_wconf 92' lang='lat' dir='ltr'><strong>non</strong></span> <span class='ocrx_word' id='word_1_327' title='bbox 1280 3839 1404 3904; x_wconf 75' lang='lat' dir='ltr'><strong>placere.-</strong></span> 
     </span>
     <span class='ocr_line' id='line_1_40' title="bbox 329 3909 1404 3981; baseline -0.006 -17"><span class='ocrx_word' id='word_1_328' title='bbox 329 3914 371 3964; x_wconf 89' lang='grc'><strong>444.</strong></span> <span class='ocrx_word' id='word_1_329' title='bbox 390 3927 417 3978; x_wconf 86' lang='lat' dir='ltr'><strong>p.</strong></span> <span class='ocrx_word' id='word_1_330' title='bbox 437 3914 493 3964; x_wconf 73' lang='grc'><strong>646.</strong></span> <span class='ocrx_word' id='word_1_331' title='bbox 524 3914 612 3966; x_wconf 86' lang='lat' dir='ltr'><strong>Simile</strong></span> <span class='ocrx_word' id='word_1_332' title='bbox 635 3918 854 3981; x_wconf 83' lang='lat' dir='ltr'><strong>Epidamniorum</strong></span> <span class='ocrx_word' id='word_1_333' title='bbox 891 3919 983 3966; x_wconf 81' lang='lat' dir='ltr'><strong>Remu.</strong></span> <span class='ocrx_word' id='word_1_334' title='bbox 1003 3917 1051 3966; x_wconf 89' lang='lat' dir='ltr'><strong>Cui</strong></span> <span class='ocrx_word' id='word_1_335' title='bbox 1064 3916 1155 3966; x_wconf 87' lang='lat' dir='ltr'><strong>contro</strong></span> <span class='ocrx_word' id='word_1_336' title='bbox 1167 3915 1231 3966; x_wconf 85' lang='lat' dir='ltr'><strong>dicit</strong></span> <span class='ocrx_word' id='word_1_337' title='bbox 1241 3915 1286 3966; x_wconf 86' lang='lat' dir='ltr'><strong>Ed.</strong></span> <span class='ocrx_word' id='word_1_338' title='bbox 1300 3909 1404 3964; x_wconf 80' lang='lat' dir='ltr'><strong>beiden-</strong></span> 
     </span>
     <span class='ocr_line' id='line_1_41' title="bbox 331 3981 1403 4056; baseline -0.003 -18"><span class='ocrx_word' id='word_1_339' title='bbox 331 3989 432 4039; x_wconf 87' lang='lat' dir='ltr'><strong>iecinus</strong></span> <span class='ocrx_word' id='word_1_340' title='bbox 444 3989 527 4040; x_wconf 89' lang='lat' dir='ltr'><strong>reiert</strong></span> <span class='ocrx_word' id='word_1_341' title='bbox 537 3988 669 4042; x_wconf 86' lang='lat' dir='ltr'><strong>Diodorus</strong></span> <span class='ocrx_word' id='word_1_342' title='bbox 682 3993 784 4056; x_wconf 81' lang='lat' dir='ltr'><strong>Fregm.</strong></span> <span class='ocrx_word' id='word_1_343' title='bbox 804 3993 855 4042; x_wconf 82' lang='lat' dir='ltr'><strong>Va·</strong></span> <span class='ocrx_word' id='word_1_344' title='bbox 892 3992 941 4052; x_wconf 87' lang='lat' dir='ltr'><strong>sis;</strong></span> <span class='ocrx_word' id='word_1_345' title='bbox 960 3991 1009 4042; x_wconf 88' lang='lat' dir='ltr'><strong>sed</strong></span> <span class='ocrx_word' id='word_1_346' title='bbox 1026 3991 1166 4042; x_wconf 88' lang='lat' dir='ltr'><strong>manilesto</strong></span> <span class='ocrx_word' id='word_1_347' title='bbox 1184 3993 1332 4042; x_wconf 86' lang='lat' dir='ltr'><strong>contionem</strong></span> <span class='ocrx_word' id='word_1_348' title='bbox 1345 3981 1403 4035; x_wconf 84' lang='lat' dir='ltr'><strong>ello·</strong></span> 
     </span>
     <span class='ocr_line' id='line_1_42' title="bbox 331 4063 1402 4132; baseline 0.003 -19"><span class='ocrx_word' id='word_1_349' title='bbox 331 4065 374 4114; x_wconf 86' lang='lat' dir='ltr'><strong>tic.</strong></span> <span class='ocrx_word' id='word_1_350' title='bbox 399 4077 424 4128; x_wconf 93' lang='lat' dir='ltr'><strong>p.</strong></span> <span class='ocrx_word' id='word_1_351' title='bbox 445 4064 485 4115; x_wconf 82' lang='grc'><strong>49.</strong></span> <span class='ocrx_word' id='word_1_352' title='bbox 507 4063 599 4125; x_wconf 83' lang='lat' dir='ltr'><strong>Diod,</strong></span> <span class='ocrx_word' id='word_1_353' title='bbox 627 4078 677 4115; x_wconf 91' lang='lat' dir='ltr'><strong>nec</strong></span> <span class='ocrx_word' id='word_1_354' title='bbox 695 4080 759 4116; x_wconf 87' lang='lat' dir='ltr'><strong>vero</strong></span> <span class='ocrx_word' id='word_1_355' title='bbox 776 4067 853 4130; x_wconf 78' lang='lat' dir='ltr'><strong>longe</strong></span> <span class='ocrx_word' id='word_1_356' title='bbox 892 4068 938 4132; x_wconf 84' lang='lat' dir='ltr'><strong>qui</strong></span> <span class='ocrx_word' id='word_1_357' title='bbox 955 4079 985 4118; x_wconf 84' lang='lat' dir='ltr'><strong>se</strong></span> <span class='ocrx_word' id='word_1_358' title='bbox 1002 4067 1178 4132; x_wconf 79' lang='lat' dir='ltr'><strong>lingitpoete.</strong></span> <span class='ocrx_word' id='word_1_359' title='bbox 1199 4094 1227 4104; x_wconf 97' lang='lat'>-</span> <span class='ocrx_word' id='word_1_360' title='bbox 1250 4063 1402 4116; x_wconf 74' lang='grc'><strong>8444444·-</strong></span> 
     </span>
     <span class='ocr_line' id='line_1_43' title="bbox 331 4135 1401 4214; baseline 0.002 -26"><span class='ocrx_word' id='word_1_361' title='bbox 331 4139 409 4189; x_wconf 84' lang='lat' dir='ltr'><strong>distnt</strong></span> <span class='ocrx_word' id='word_1_362' title='bbox 432 4139 553 4191; x_wconf 80' lang='lat' dir='ltr'><strong>Aristidis</strong></span> <span class='ocrx_word' id='word_1_363' title='bbox 573 4139 769 4190; x_wconf 87' lang='lat' dir='ltr'><strong>iusiurandum:</strong></span> <span class='ocrx_word' id='word_1_364' title='bbox 797 4135 854 4212; x_wconf 79' lang='lat' dir='ltr'><strong>‹b&#39;p-</strong></span> <span class='ocrx_word' id='word_1_365' title='bbox 892 4143 959 4208; x_wconf 78' lang='grc'><strong>44444]</strong></span> <span class='ocrx_word' id='word_1_366' title='bbox 978 4143 1079 4210; x_wconf 76' lang='grc' dir='ltr'><strong><em>«αἰσίῳ</em></strong></span> <span class='ocrx_word' id='word_1_367' title='bbox 1099 4137 1205 4214; x_wconf 75' lang='grc' dir='ltr'><strong>ὄρνιθι,</strong></span> <span class='ocrx_word' id='word_1_368' title='bbox 1232 4141 1302 4192; x_wconf 91' lang='lat' dir='ltr'><strong>bono</strong></span> <span class='ocrx_word' id='word_1_369' title='bbox 1323 4135 1401 4187; x_wconf 64' lang='lat' dir='ltr'><strong>omine</strong></span> 
     </span>
     <span class='ocr_line' id='line_1_44' title="bbox 331 4207 1400 4282; baseline 0.005 -20"><span class='ocrx_word' id='word_1_370' title='bbox 331 4227 395 4262; x_wconf 83' lang='grc' dir='ltr'><strong><em>κισε</em></strong></span> <span class='ocrx_word' id='word_1_371' title='bbox 405 4241 419 4250; x_wconf 96' lang='grc'>-</span> <span class='ocrx_word' id='word_1_372' title='bbox 431 4210 498 4278; x_wconf 73' lang='grc' dir='ltr'><em>τοὺς</em></span> <span class='ocrx_word' id='word_1_373' title='bbox 511 4207 650 4280; x_wconf 80' lang='grc' dir='ltr'><strong><em>Ἓλληνας</em></strong></span> <span class='ocrx_word' id='word_1_374' title='bbox 666 4214 716 4263; x_wconf 81' lang='grc' dir='ltr'><strong>καὶ</strong></span> <span class='ocrx_word' id='word_1_375' title='bbox 738 4208 854 4279; x_wconf 70' lang='grc' dir='ltr'><strong><em>ὤμοσεν</em></strong></span> <span class='ocrx_word' id='word_1_376' title='bbox 891 4220 1001 4282; x_wconf 81' lang='lat' dir='ltr'><strong>propter</strong></span> <span class='ocrx_word' id='word_1_377' title='bbox 1017 4219 1106 4282; x_wconf 89' lang='lat' dir='ltr'><strong>ipsum</strong></span> <span class='ocrx_word' id='word_1_378' title='bbox 1124 4219 1245 4270; x_wconf 78' lang='lat' dir='ltr'><strong>boclam</strong></span> <span class='ocrx_word' id='word_1_379' title='bbox 1255 4217 1400 4280; x_wconf 66' lang='lat' dir='ltr'><strong>generosum</strong></span> 
     </span>
     <span class='ocr_line' id='line_1_45' title="bbox 332 4281 1165 4362; baseline 0.002 -26"><span class='ocrx_word' id='word_1_380' title='bbox 332 4281 404 4358; x_wconf 77' lang='grc' dir='ltr'><strong><em>ὑπὲρ</em></strong></span> <span class='ocrx_word' id='word_1_381' title='bbox 420 4286 477 4338; x_wconf 79' lang='grc' dir='ltr'><strong>τῶν</strong></span> <span class='ocrx_word' id='word_1_382' title='bbox 492 4283 647 4355; x_wconf 71' lang='grc' dir='ltr'><strong>Ἀθηναίων</strong></span> <span class='ocrx_word' id='word_1_383' title='bbox 664 4285 791 4362; x_wconf 78' lang='grc' dir='ltr'><strong><em>μύδρους</em></strong></span> <span class='ocrx_word' id='word_1_384' title='bbox 802 4289 854 4356; x_wconf 79' lang='grc' dir='ltr'><strong>ἐμ·</strong></span> <span class='ocrx_word' id='word_1_385' title='bbox 893 4291 1032 4344; x_wconf 90' lang='lat' dir='ltr'><strong>consilium</strong></span> <span class='ocrx_word' id='word_1_386' title='bbox 1050 4291 1165 4344; x_wconf 68' lang='lat' dir='ltr'><strong>oblate...</strong></span> 
     </span>
    </p>
   </div>
   <div class='ocr_carea' id='block_1_5' title="bbox 0 0 1549 4978">
    <p class='ocr_par' dir='ltr' id='par_1_6' title="bbox 0 0 1549 4978">
     <span class='ocr_line' id='line_1_46' title="bbox 0 0 1549 4978; baseline 0 0"><span class='ocrx_word' id='word_1_387' title='bbox 0 0 1549 4978; x_wconf 95' lang='lat' dir='ltr'><strong> </strong></span> 
     </span>
    </p>
   </div>
  </div>
 </body>
</html>
