2998 4980
676 431 805 482 llOlth'l'll
824 431 993 484 CARhssNUM

458 561 460 568 s
544 587 614 652 Vim
636 586 802 655 stomacho
823 587 1015 674 apposuisse
1037 595 1155 650 nostro.

461 748 531 814 irae
553 745 714 836 Thyesten
736 747 832 813 exitio
856 745 944 832 gravi

462 869 611 935 Stravere
633 879 666 935 et
686 868 757 935 altis
778 867 914 934 urbibus
940 864 1069 934 ultimae

503 991 627 1056 Stetere
650 1010 783 1066 causae,
808 1010 867 1056 eur
888 989 1032 1076 perirent

544 1109 700 1176 Funditus
723 1111 990 1198 imprimeretque
1011 1109 1113 1175 muris

461 1267 583 1335 Hostile
604 1279 746 1335 aratrum
768 1269 929 1335 exereitus
952 1267 1102 1335 insolens.

462 1391 642 1478 Compesce
664 1399 821 1457 mentem:
845 1409 897 1456 me
920 1411 1053 1478 quoque
1074 1391 1215 1477 pectoris

356 1594 396 1643 22.
432 1589 508 1652 cosp.
527 1591 556 1640 T.

325 1759 365 1810 46.
387 1757 521 1823 storneeho]
546 1755 608 1808 Aliis
625 1771 672 1808 cor
687 1757 811 1820 (Theogn.
853 1757 883 1806 2:
919 1755 980 1806 Urbs
1005 1761 1095 1806 aratro
1126 1757 1256 1817 conditur,
1289 1762 1381 1808 metro

294 1832 356 1882 ⁴56:
384 1829 485 1882 δειλῶν
507 1847 553 1881 τοι
569 1829 677 1882 τελέθει
695 1826 816 1902 ὀξυτέρη
852 1829 966 1880 rethur.
997 1831 1214 1882 vetustissimum
1229 1833 1320 1882 autem
1339 1835 1383 1883 est

293 1904 406 1976 κραδίη·
419 1919 481 1956 mon
493 1921 519 1956 v.
533 1907 817 1970 superimposuere
854 1905 1001 1956 eversionis
1028 1904 1182 1968 symbolum
1203 1907 1282 1956 etiam
1307 1907 1382 1970 apud

292 1981 348 2032 aliis
366 1983 456 2040 ieeur,
483 1982 509 2030 h.
528 1980 546 2030 l.
565 1982 719 2032 stomachus
737 1980 817 2031 sedes
854 1978 1009 2030 Orientales.
1039 1981 1167 2030 ieremias
1187 1981 1229 2040 26,
1248 1981 1276 2030 8:
1303 1977 1382 2030 Σιών

292 2055 358 2115 irae,
376 2055 464 2105 ut0d.
479 2057 503 2116 l,
516 2057 541 2117 6,
555 2057 583 2106 6:
602 2070 706 2120 praeeo
719 2057 818 2106 Pelidae
853 2048 894 2116 ὦς
915 2050 1005 2126 ἀγρὸς
1027 2048 1279 2126 ἀροτριαθήσετω.
1316 2057 1383 2107 ilie-

293 2130 460 2190 storacium
482 2129 555 2180 unde
572 2131 732 2180 steneehari.
768 2131 818 2182 Ce-
853 2142 959 2192 ronym.
980 2132 1006 2180 in
1029 2130 1138 2180 zachar.
1165 2143 1188 2180 e.
1214 2131 1243 2180 8:
1272 2131 1383 2182 iratres

294 2207 383 2255 terum
400 2205 467 2258 haee
484 2207 592 2270 stropha
612 2205 734 2256 callidam
752 2219 818 2256 con·
853 2205 971 2266 templum
984 2205 1236 2266 Hierosolpmitooum
1255 2206 1283 2254 ie
1305 2207 1375 2270 ipae

294 2281 359 2330 tinet
376 2282 440 2341 irae,
460 2282 485 2330 in
503 2295 584 2344 quam
596 2283 755 2346 proruperat
767 2282 819 2330 iio-
852 2280 958 2328 minium
978 2281 1059 2343 pentir
1083 2293 1222 2341 oppressae.
1258 2281 1380 2344 Propert.

291 2356 386 2414 ratius,
406 2357 618 2416 exeusationem,
637 2357 735 2420 quippe
748 2367 816 2418 quae
853 2353 883 2414 3,
907 2354 937 2414 9,
956 2352 1002 2404 tt:
1030 2356 1132 2404 Moesia
1148 2381 1177 2392 -
1193 2357 1272 2407 &aio
1285 2359 1384 2420 Neptu-

293 2430 426 2479 humanae
444 2432 554 2481 naturae
572 2431 710 2494 congenita
732 2433 759 2479 et
775 2431 817 2480 in·
852 2429 898 2477 uia
906 2429 998 2489 pressit
1012 2435 1102 2479 aratro
1117 2431 1200 2480 Victor
1210 2433 1340 2482 Palladiae
1351 2433 1383 2481 li-

293 2505 343 2554 sita
360 2505 402 2553 sit.
852 2515 930 2565 pheres
945 2504 1010 2553 artis
1023 2517 1108 2566 equus.
1124 2530 1152 2540 -
1165 2506 1280 2570 insolens]
1292 2505 1376 2571 Epod.

325 2579 365 2629 tr.
402 2580 460 2629 Irae
482 2581 551 2630 inter
571 2580 717 2642 Thyestem
741 2580 818 2629 eth·
854 2577 895 2636 to,
915 2576 955 2626 tt.

292 2653 395 2714 heum,
419 2655 464 2716 qui
486 2653 558 2703 tratri
580 2653 648 2704 filios
670 2652 816 2718 epulandos
885 2652 926 2700 it,
962 2652 1091 2715 Οοτηρτεοο
1105 2654 1219 2719 masten]
1246 2656 1377 2718 resume,

291 2728 423 2789 apposuit.
458 2729 558 2780 Rursus
575 2733 666 2778 autem
683 2726 758 2778 facile
775 2728 817 2776 in-
852 2737 916 2786 rege
950 2727 1084 2788 animum,
1116 2725 1229 2794 θυμόν,
1257 2731 1376 2796 μένος..

291 2799 393 2864 telliges
405 2802 616 2867 hyperbolarum
627 2805 722 2854 harum
734 2803 817 2873 εἰρω-
853 2799 969 2862 Theogn.
989 2801 1054 2851 355:
1073 2801 1139 2862 ἴσχε
1155 2800 1234 2854 νόον.

290 2879 380 2926 vetar.
885 2873 926 2924 23.
947 2875 1067 2941 lentavit]
1079 2881 1221 2942 tentanmr,
1234 2881 1272 2930 uti
1283 2879 1378 2931 morbo

325 2951 431 3002 tn-ts.
457 2953 535 3002 esitio
556 2952 640 3016 previ]
662 2953 711 3003 Dio
729 2953 817 3014 Chry·
855 2949 928 3012 (Epp.
947 2952 971 3012 t,
990 2952 1015 3013 6,
1033 2952 1080 3002 28:
1104 2954 1126 3002 si
1149 2955 1216 3004 latre
1239 2959 1285 3004 orit
1308 2967 1380 3006 reses

291 3030 355 3076 sost.
375 3027 418 3077 0r.
436 3027 476 3078 66.
489 3039 516 3091 p.
530 3029 578 3078 700
595 3029 687 3091 Emp:
707 3019 753 3077 ὅτι
769 3021 818 3076 διὰ
851 3023 938 3073 morbo
957 3027 1119 3092 homnium),
1143 3030 1182 3078 sie
1206 3030 1232 3079 h.
1257 3027 1274 3078 l.
1297 3031 1379 3080 animi

291 3098 420 3172 χρυσοῦν
464 3097 613 3174 πρόβατον
650 3097 817 3153 ἀνάστατον
852 3099 1062 3162 perturbatione.
1089 3128 1117 3138 -
1138 3103 1251 3152 loduici
1268 3104 1379 3168 heestu]

291 3175 401 3242 συνέβη
424 3179 560 3244 γενέσθω
575 3175 751 3244 τηλικαύτην
772 3177 817 3228 oi·
854 3173 922 3224 Cum
934 3177 1002 3226 haeo
1016 3189 1125 3241 quoque
1142 3189 1186 3227 vv.
1205 3176 1247 3227 vel
1268 3177 1380 3228 intelici-

291 3252 358 3302 κίαν
383 3247 436 3317 τὴν
456 3251 602 3316 Πέλοπος,
629 3253 660 3303 οἱ
675 3250 817 3324 τραγῳδοί
853 3249 895 3299 ter
911 3251 1010 3302 tentata
1035 3251 1148 3316 (indulti,
1168 3253 1217 3302 heu
1239 3253 1316 3319 dulei)
1336 3252 1380 3304 uel

291 3340 392 3388 φασιν.
427 3327 528 3376 Deinde
552 3330 658 3377 enarrat
676 3327 817 3392 Pelopida·
853 3326 1017 3389 reprehensa
1026 3327 1132 3387 fuerint,
1150 3327 1315 3378 monendum
1327 3329 1380 3379 hoo

292 3413 352 3450 rum
378 3401 493 3450 nemora
522 3402 619 3450 omnia.
650 3428 678 3438 -
704 3402 816 3468 ultimae]
854 3399 1008 3463 simpliciter
1024 3401 1115 3452 dicere
1126 3399 1244 3452 voluisse
1255 3403 1378 3465 poetam:

293 3472 343 3524 tab
362 3471 454 3524 ultimo
471 3475 544 3523 initio
555 3475 700 3539 repetitae,
719 3479 746 3527 et
756 3489 818 3542 pro-
855 3475 897 3524 «in
913 3475 1029 3538 iuventa,
1046 3477 1123 3526 ouius
1140 3477 1213 3539 mata
1228 3477 1381 3528 recordatio

290 3550 385 3612 pterea
401 3550 589 3612 praecipuae·
613 3549 664 3613 (die
678 3557 819 3617 urspriinp-
855 3550 1006 3600 etiamnunc
1025 3551 1145 3601 animum
1167 3563 1259 3602 meum
1280 3550 1381 3602 mulcet

291 3622 413 3688 thium.)
446 3623 570 3674 Similiter
587 3625 641 3676 Cic.
664 3625 699 3677 de
715 3629 771 3678 inv.
790 3629 816 3690 t,
853 3625 933 3687 atque
956 3621 1116 3675 exhilarat.»
1155 3624 1302 3676 subtilioris
1332 3627 1382 3675 uti-

292 3697 317 3760 5.
350 3697 382 3747 5:
415 3696 447 3746 ab
479 3699 567 3749 ritino
591 3701 719 3764 principio
746 3703 819 3752 here
855 3711 922 3761 que,
946 3698 996 3749 sed
1011 3701 1056 3749 vix
1071 3699 1199 3761 verioris,
1224 3701 1381 3764 interpreta-

288 3773 479 3837 pruereptioois.
497 3773 570 3825 Philo
581 3777 670 3839 Legat.
681 3777 817 3828 adcaium
853 3774 934 3824 tionis
950 3775 1043 3824 auctor
1062 3776 1161 3826 exstitit
1179 3773 1379 3838 Dillenburger:

292 3850 340 3899 30:
372 3843 427 3912 τὴν
454 3841 591 3899 ἀνωτάτω
621 3852 672 3902 καὶ
702 3848 817 3924 πρώτην
856 3849 898 3898 tin
921 3848 1045 3910 iuventa,
1073 3863 1142 3913 qima
1169 3861 1217 3901 sue
1237 3848 1380 3900 dulcedine

291 3923 397 3973 astar.
412 3948 439 3958 -
453 3923 555 3988 Stetere]
566 3927 732 3977 «exstitere»
745 3926 816 3991 virg.
854 3925 910 3974 tam
931 3923 1075 3975 obstrietus
1097 3926 1171 3975 tenet
1188 3925 1330 3984 horntues,
1351 3925 1382 3974 ut

292 3999 357 4049 hen.
377 3997 401 4058 7,
420 3997 482 4048 553:
501 4004 570 4050 sieut
583 4000 749 4051 dedicemus.
855 3999 974 4049 omnium
999 3998 1110 4050 aliarum
1132 4011 1225 4049 rerum
1241 3999 1329 4049 securi
1353 4010 1382 4046 o·

324 4072 366 4122 st.
392 4073 518 4138 araim]
544 4075 708 4126 Modestinus
733 4075 816 4126 Pand.
854 4073 926 4123 moia
943 4072 994 4123 sihi
1007 4071 1089 4124 boam
1104 4072 1382 4138 putentsuasquein-

291 4148 345 4198 Vll.
369 4147 417 4197 Tit.
444 4149 817 4212 stereometriam
854 4146 980 4212 dulgeant
1002 4149 1169 4199 temeritati.»
1205 4148 1258 4198 Cir.
1282 4146 1330 4198 ud.
1354 4146 1378 4206 3,

293 4237 404 4274 eversae
421 4227 538 4274 aratrum
558 4226 720 4288 impressum
745 4237 816 4286 esse,
855 4222 896 4285 u,
917 4225 962 4274 27:
981 4225 1038 4274 Nos
1054 4237 1099 4288 epo
1116 4221 1381 4286 hortensiorum

294 4299 400 4349 notante
427 4297 518 4350 hamb.
544 4299 637 4348 isidor.
665 4299 750 4362 origg.
777 4300 816 4360 ts,
854 4299 956 4350 iweoto
972 4299 1076 4350 Consule
1092 4297 1191 4350 Planco.
