2998 4980
652 401 779 454 llOliA'l'll
801 401 969 455 crumilum

610 632 845 695 cnm
864 631 1000 694 xm

477 800 575 868 Velox
596 821 769 884 amoenum
791 821 891 889 saepe
913 798 1105 868 Lucretilem

476 924 574 989 llutat
594 925 722 1012 Lycaeo
744 925 873 990 Faunus
895 933 927 989 et
948 923 1075 1010 igneam

517 1043 667 1111 Defendit
688 1054 845 1111 aestatem
866 1043 999 1135 capellis

560 1165 671 1253 Usque
693 1167 775 1232 meis
796 1165 990 1254 pluviosque
1012 1175 1135 1231 ventos.

477 1327 611 1413 Impune
633 1333 736 1391 tutum
756 1345 817 1412 per
838 1343 953 1390 nemus
975 1323 1108 1390 arbutos
1346 1325 1367 1387 5

332 1505 408 1556 XVII.
442 1505 525 1556 luscr.
543 1502 613 1568 volg.
648 1503 687 1553 Ad
705 1503 877 1565 Iiyndctidcm
894 1531 921 1540 -
934 1504 972 1553 Ad
988 1505 1092 1554 eandam
1107 1503 1265 1553 meretricem
1277 1503 1329 1553 ST.

301 1608 329 1618 —
347 1582 372 1630 5.
407 1584 485 1630 totam
498 1592 561 1630 eum
578 1577 661 1630 Codd.
680 1577 802 1630 Lambini
813 1576 897 1628 Bentl.
921 1578 1016 1641 (Nostri
1032 1591 1127 1629 omncs
1143 1578 1245 1642 tutum)

300 1739 376 1789 lIVII.
403 1739 521 1788 Amicam
534 1735 792 1787 iuSabinumsuum
827 1735 915 1802 imago
938 1737 979 1786 est
1002 1736 1029 1786 in
1053 1737 1138 1786 Mosco
1157 1735 1267 1786 Borion.
1301 1734 1363 1786 Vol.

269 1814 370 1865 invitat.
388 1813 520 1876 Tempus,
541 1825 594 1874 quo
615 1811 793 1874 compositum
829 1810 894 1860 VIII.
914 1811 941 1860 T.
958 1811 998 1860 20.

268 1889 302 1938 sit
321 1899 445 1948 carmen,
472 1884 575 1935 deliniri
596 1884 701 1948 nequit;
726 1882 794 1932 rele-
862 1885 886 1934 2.
918 1885 956 1935 Ex
973 1886 1125 1935 nostrarum
1144 1883 1298 1948 linguarum
1316 1898 1364 1934 ra-

268 1964 331 2011 runt
353 1963 442 2010 autem
465 1958 508 2009 alii
528 1959 562 2010 ad
584 1971 608 2008 a.
628 1973 654 2008 u.
674 1972 697 2008 c.
723 1958 792 2018 Ita,
829 1959 900 2009 tione
927 1964 1054 2009 mmmm
1081 1973 1144 2010 eum
1169 1959 1364 2010 tantummodo

269 2034 311 2086 alii
328 2033 363 2084 ad
379 2047 403 2084 a.
423 2035 480 2084 727.
828 2031 926 2094 locum,
946 2046 1028 2097 quam
1037 2033 1221 2097 relinquimus,
1235 2047 1302 2091 cum
1316 2048 1361 2095 eo,

302 2109 325 2158 l.
344 2109 459 2170 Formias,
479 2107 630 2160 Latinorum
643 2108 794 2172 priscorum
830 2121 883 2172 quo
901 2109 1108 2172 proficiscimur;
1127 2109 1209 2159 LaIIni
1227 2108 1261 2159 de
1281 2111 1363 2159 uiro-

269 2183 338 2234 deus
363 2183 505 2246 sIlvestris,
536 2182 642 2234 oracula
668 2183 792 2243 fundens,
830 2197 882 2246 que
894 2196 920 2234 v.
938 2189 1039 2233 mutare
1054 2186 1191 2247 usurpant.
1218 2185 1287 2236 ilinc
1305 2185 1363 2233 iam

269 2259 377 2308 HoraIIo
401 2258 474 2309 idem
500 2259 555 2309 iere
576 2262 617 2309 est
636 2271 699 2309 cum
716 2261 795 2308 Grae·
829 2259 979 2309 Priscianus
996 2259 1036 2308 48.
1050 2260 1078 2308 Τ,
1094 2257 1118 2306 2.
1134 2271 1160 2321 p.
1175 2257 1230 2307 tia.
1247 2258 1294 2307 ΚΓ.
1316 2271 1364 2306 ex·

269 2345 363 2383 corum
381 2335 460 2394 Pone,
477 2335 506 2382 ut
522 2333 597 2383 Ouid.
608 2335 676 2384 Fast.
690 2335 715 2394 i,
729 2331 792 2384 tal:
828 2332 923 2398 plicat:
947 2347 1024 2398 apro:
1047 2331 1181 2395 Lycaeum
1197 2334 1284 2382 mutat
1305 2333 1361 2382 Lu-

269 2407 372 2456 samm
390 2407 418 2456 in
440 2408 551 2457 Arcadica
571 2409 665 2470 ternplo
684 2410 796 2470 Lycaeos
830 2407 939 2458 oretilin
974 2410 1076 2458 Mutare
1098 2404 1154 2456 scil.
1179 2409 1221 2456 est
1245 2408 1272 2455 et
1297 2419 1361 2456 ccr-

268 2480 349 2530 itcbet.
385 2481 437 2531 Cir.
465 2483 594 2546 imprimis
615 2483 734 2532 Gorhard
757 2483 795 2531 del
828 2484 945 2534 tenaciter
962 2485 989 2532 et
1004 2482 1169 2531 cinicuschen.
1204 2481 1258 2532 Cir.
1277 2481 1358 2532 Ovid.

268 2557 310 2605 dio
323 2555 412 2605 Fauno
427 2568 441 2604 e
454 2557 491 2606 de'
506 2558 680 2620 moisepucci.
702 2557 795 2619 Napoli
829 2560 899 2609 Fasi.
921 2555 946 2618 I,
974 2556 1034 2607 803:
1061 2557 1235 2618 Mimasque
1253 2557 1361 2606 mnium

269 2631 412 2693 ⁴825.,qui
423 2644 450 2694 p.
464 2631 505 2681 27.
522 2633 642 2695 apposite
660 2631 738 2681 allert
748 2645 791 2681 vu.
829 2634 898 2684 tectis
917 2630 1063 2695 affleatibae.
1106 2630 1173 2680 Vide
1197 2630 1232 2680 ad
1254 2631 1304 2682 0d.
1331 2631 1358 2691 2,

268 2703 355 2754 Rutilii
379 2703 402 2766 l,
427 2705 490 2754 230:
522 2706 574 2755 Hoc
596 2707 653 2756 Inui
679 2707 794 2756 Casinam
830 2708 870 2769 io,
889 2707 930 2757 Ia.

268 2779 340 2841 smne
352 2779 429 2843 fuisse
436 2785 528 2842 putat;
547 2807 563 2817 ·
573 2806 588 2817 -
599 2781 650 2830 Seu
666 2782 720 2830 Part
736 2781 795 2842 rnr-
862 2782 886 2832 3.
904 2780 1028 2844 Defendit]
1041 2778 1200 2844 «propulsat,
1214 2781 1316 2841 arcet»
1329 2782 1360 2829 ui

267 2853 351 2902 rionis
366 2856 508 2904 mutavit
523 2856 645 2906 Maenala
661 2855 738 2918 siluis,
756 2857 796 2906 Si-
829 2858 899 2920 Virg.
924 2854 978 2906 Ecl.
1003 2857 1027 2916 7,
1055 2855 1099 2906 II:
1123 2854 1254 2904 solstitium
1266 2855 1359 2917 pecori

267 2941 297 2977 cc
315 2929 383 2978 dnus
399 2930 498 2992 patrios
520 2931 603 2981 incole
614 2932 717 2981 Faunae
737 2930 792 2981 init.
829 2931 956 2994 defendite.
981 2929 1120 2994 Reponitur
1135 2929 1179 2979 hio
1193 2941 1258 2980 usus
1273 2932 1358 2980 etiam

268 3002 336 3052 Voss
358 3003 392 3053 ad
414 3004 484 3067 Virg.
503 3004 557 3056 Ecl.
580 3006 604 3067 6,
628 3007 669 3056 27.
702 3007 793 3069 ltaque
828 3007 856 3056 in
872 3004 990 3070 pedestri
1005 3005 1132 3055 oratione.
1157 3005 1210 3054 Cio.
1230 3005 1286 3054 Cat.
1307 3007 1355 3056 ⁴5:

269 3089 302 3127 ex
328 3079 434 3142 Lycaeo
458 3079 553 3144 (schol.
580 3080 614 3131 ad
634 3080 746 3131 Theocr.
769 3079 792 3142 l,
829 3081 919 3130 nirnios
942 3080 1001 3130 solis
1028 3080 1135 3142 defendit
1159 3079 1271 3129 ardores.
1305 3091 1357 3144 pro

271 3151 332 3201 tao:
360 3147 430 3223 ὄρος
451 3151 504 3220 τῆς
524 3148 671 3226 Ἀρκαδίας
687 3153 794 3222 κληθὲν
830 3157 855 3205 S.
874 3155 968 3206 Roscio
987 3155 1015 3204 l:
1033 3153 1156 3203 intumum
1168 3157 1261 3216 putant
1276 3167 1357 3217 opor-

268 3219 327 3275 ἀπὸ
344 3225 496 3290 Λυκάονος
512 3228 565 3280 τοῦ
581 3227 744 3298 Πελασγοῦ,
763 3229 794 3280 ἐν
829 3235 880 3280 tere
891 3229 995 3292 defendi.
1032 3229 1085 3279 Cir.
1101 3241 1151 3279 noa
1167 3228 1201 3278 ad
1214 3230 1275 3279 Tac.
1291 3231 1353 3293 Agr.

269 3288 446 3366 ᾧμαντεῖον
462 3299 584 3368 Πανός.)
599 3317 681 3370 saepe
698 3307 794 3369 migrat
830 3305 870 3354 30.
905 3305 947 3354 Sic
966 3297 1086 3368 ἀμύνειν
1104 3305 1155 3353 cet.

269 3377 296 3425 in
328 3375 502 3438 Lucretilem,
532 3378 690 3431 Sabinorum
718 3393 795 3430 mon·
862 3377 886 3429 l.
908 3378 1070 3442 Usqueapud
1082 3380 1177 3442 poetas
1192 3390 1279 3442 prov.
1292 3389 1356 3426 sem

270 3453 340 3512 tem,
375 3449 451 3500 villae
479 3453 635 3502 Horatianae
665 3454 792 3516 Violnum,
826 3467 890 3516 per,
911 3453 1019 3517 proprie
1041 3451 1185 3516 usquead
1209 3451 1355 3502 terminum

268 3525 593 3590 partomhodierniMcntc
601 3527 726 3578 Gennaro.
739 3531 793 3578 Pau
829 3527 968 3578 inlinitum.
993 3529 1048 3577 lam
1065 3539 1161 3588 seraper
1177 3527 1205 3576 et
1219 3539 1293 3588 saepe
1306 3539 1356 3589 pu-

269 3602 360 3650 autem
408 3593 575 3671 ὀρειβάτης,
625 3603 791 3666 montivagos.
830 3615 911 3665 gnare
929 3603 1002 3652 ratus
1025 3601 1056 3652 II.
1074 3599 1230 3664 Peerlkamp
1253 3612 1355 3664 propo-

269 3675 358 3738 Eurip.
372 3675 444 3739 apud
460 3677 536 3726 Dion.
553 3675 609 3726 llal.
625 3677 658 3726 de
672 3690 791 3741 compos.
829 3677 883 3726 suli
897 3677 957 3738 ipse.
981 3677 1079 3726 Omnes
1094 3675 1155 3724 ante
1167 3687 1229 3725 eum
1238 3673 1354 3724 lectores

269 3763 296 3814 p.
315 3748 372 3800 Iao.
389 3750 449 3800 Seli.
476 3743 509 3813 ὃς
529 3755 559 3801 τε
576 3751 680 3822 πέτρον
694 3745 793 3822 Ἀρκά-
830 3750 970 3814 cogitando
1009 3747 1208 3813 suppleverant:
1251 3761 1349 3812 «tamea

269 3821 326 3873 δων
375 3820 566 3897 δυσχείμερον
614 3823 791 3891 ἐμβατεύεις.
830 3825 968 3890 (semper),
987 3835 1049 3873 cum
1064 3823 1171 3873 adesi.»

270 3898 344 3949 ovid.
363 3899 431 3948 Fast.
448 3901 473 3960 2,
486 3901 543 3951 285.
559 3900 593 3951 de
611 3900 723 3951 eodem:
741 3901 795 3962 lpse
862 3899 920 3950 tto.
934 3897 1354 3962 «CumFaunIpraesenIiatuttm

269 3974 329 4024 cleos
342 3973 416 4023 veina
432 3974 572 4026 deaurare
590 3977 683 4039 pandet
696 3975 723 4023 in
736 3975 794 4024 auis
829 3975 864 4026 sit
876 3986 985 4033 nemus,
1005 3973 1121 4035 inmune,
1139 3973 1196 4022 siue
1211 3971 1264 4022 ullo
1280 3973 1352 4036 peri-

269 4047 402 4099 Mootibus.
427 4049 459 4100 Et
474 4051 561 4100 Nicias
577 4051 624 4114 Ep.
644 4051 668 4099 6.
686 4047 791 4100 Anthol.
830 4048 898 4110 culo,
914 4046 977 4097 Illud
988 4049 1167 4112 pervagantur
1178 4047 1273 4108 damae,
1291 4061 1352 4098 sae-

263 4125 297 4174 I.
316 4123 340 4173 t.
359 4137 385 4188 p.
403 4124 459 4174 484,
494 4124 542 4176 Ed.
564 4125 634 4188 Lips.
657 4123 690 4174 dc
707 4125 791 4174 Pane:
829 4137 878 4189 pe,
903 4125 933 4172 ut
949 4121 1048 4184 solent,
1074 4135 1089 4172 a
1106 4121 1256 4173 tramitibus
1273 4123 1351 4173 deer-

269 4199 366 4263 μίμνω
381 4191 504 4248 Ἕνθάδε
525 4195 680 4249 Μαινάδων
696 4192 794 4249 κλιτὺν
829 4201 934 4259 rantes,
958 4211 1080 4262 caprae.»
1102 4225 1128 4234 -
1145 4198 1248 4260 Inopiam
1263 4197 1350 4259 tutum]

270 4269 484 4344 ἀποπρολιπών.
513 4270 694 4340 Pulcherrima
713 4273 793 4325 Fauni
830 4273 901 4324 Ilaec
929 4270 1071 4324 cumulatio
1100 4284 1234 4322 summam
1265 4273 1350 4335 gregis
