3014 4978
566 453 624 502 nib.
645 454 685 502 iv.
722 455 750 504 C.
770 455 812 503 IV.

316 607 464 674 Permisit
487 617 638 694 expertus
660 607 791 676 fidelem

357 728 500 815 luppiter
524 727 555 792 in
578 727 766 816 Ganymede
789 729 889 806 lluvo,

272 885 357 952 Olim
380 887 526 952 inventas
548 895 581 951 ci
602 887 724 973 patrius
747 887 838 973 vigor

271 1006 353 1074 Nido
375 1005 523 1073 laborum
545 1006 687 1094 propulit
710 1008 846 1074 inscium

312 1129 474 1216 chique
497 1129 560 1194 iam
581 1127 698 1200 nimbis
721 1130 853 1196 remotis

358 1249 506 1316 insolitos
529 1250 674 1318 docuere
696 1250 787 1316 nisus

207 1448 231 1496 6.
247 1446 353 1509 meludit
369 1445 456 1496 libid.
477 1447 608 1510 (nense.)
628 1473 657 1484 -
685 1448 709 1497 'l.
731 1447 864 1508 Varnieqna
880 1447 949 1514 b,yp
968 1449 1037 1512 (cum
1056 1462 1111 1500 var.
1131 1449 1191 1500 lect.

172 1521 254 1584 vomi)
279 1536 297 1580 χ
324 1519 402 1580 alter.
429 1538 454 1582 ι,
479 1535 519 1585 pr.
542 1519 595 1582 βκ,
623 1535 676 1572 nou
701 1520 870 1584 improbante
896 1520 1022 1572 Bentleio.
1060 1525 1099 1584 (Ut
1124 1537 1190 1584 nos,

173 1595 281 1656 Bsicd,
300 1598 366 1646 Pott.
386 1597 524 1660 quinque.)

142 1776 183 1822 tur
210 1772 300 1822 mente
327 1768 427 1834 aquila,
455 1772 523 1822 iovis
547 1772 667 1822 ministro
704 1771 818 1833 infinito,
847 1785 901 1836 quo
932 1771 1031 1837 aliquid
1061 1774 1158 1824 lactum
1185 1779 1226 1824 ast

141 1849 197 1897 sive
222 1843 319 1897 iumula
338 1846 379 1906 (ut
395 1845 466 1908 Virg.
483 1847 549 1896 Aen.
567 1848 596 1905 o,
618 1846 664 1895 95:
703 1849 749 1897 eut
765 1847 823 1896 lieri
840 1846 919 1906 solet,
938 1851 968 1898 ut
982 1848 1066 1912 Epod.
1079 1848 1109 1908 3,
1129 1849 1152 1899 t.
1171 1849 1224 1898 Sei.

139 1933 252 1985 serpens
272 1920 383 1983 Ῑοαιοὶια
398 1919 552 1981 Anchisae),
576 1921 666 1982 Geny—
703 1922 821 1982 i,l‚ts.
841 1921 907 1985 Epp.
919 1923 930 1970 l
941 1959 947 1982 ,
959 1922 1053 1988 ΛΟΜ.
1074 1923 1143 1985 Virg.
1158 1925 1223 1973 Aen.

139 1994 262 2054 medem,
277 1994 351 2044 Trois
363 1993 455 2054 fllium,
468 1997 602 2058 rapuerat,
615 1995 666 2044 sio·
701 1996 730 2056 8,
748 1996 805 2046 394.
827 2023 854 2034 -
869 1997 979 2061 patriae]
999 1997 1171 2060 «ingenitos»

139 2082 192 2132 que
207 2065 383 2132 Apollodorus
394 2068 424 2127 3,
444 2069 490 2126 ia,
503 2069 534 2128 i,
547 2069 576 2119 3:
595 2066 665 2120 τοῦ·
734 2072 758 2120 6.
778 2070 901 2131 momen]
920 2073 963 2120 «et
978 2069 1081 2121 volatus
1093 2073 1121 2121 et
1137 2073 1226 2120 certa-

139 2137 264 2192 τον-διά
280 2137 388 2205 κάλλος
404 2135 576 2212 ἀναρπάσας
592 2139 664 2207 Ζεὺς
701 2146 816 2205 minum,
836 2158 905 2209 quoe
922 2157 985 2194 eum
1002 2148 1120 2204 manent,
1134 2146 1225 2196 etium·

137 2215 173 2268 δι’
196 2211 284 2268 ἀετοῦ
307 2214 385 2267 θεῶν
408 2211 546 2277 οἰνοχόον
563 2217 595 2268 ἐν
611 2213 664 2269 oal-
700 2221 763 2269 binc
785 2220 945 2270 insuetum.»
965 2247 993 2256 -
1008 2220 1133 2282 propulit]
1155 2221 1225 2270 «im-

138 2289 216 2363 ρανῷ
232 2293 419 2357 κατέστησεν.
439 2293 615 2354 Posteriores,
634 2296 664 2343 ut
699 2292 779 2358 pulsu
801 2293 919 2357 quodam
940 2293 1051 2344 nannai
1074 2295 1137 2344 nido
1154 2294 1224 2345 iorns

136 2367 256 2428 videtur,
279 2368 370 2416 lovem
392 2367 480 2429 ipsum
502 2379 535 2416 eo
553 2364 662 2417 consilio
700 2367 824 2432 expulit.»
852 2366 942 2418 Altera
963 2367 1042 2418 lectio
1058 2371 1166 2431 monuit
1187 2371 1222 2428 vi,

137 2454 199 2492 sese
223 2441 250 2490 in
270 2437 386 2504 aquilam
409 2441 527 2490 mutasse
545 2442 661 2491 narrant.
700 2455 769 2506 quoe
786 2443 830 2492 bio
847 2443 1005 2506 requiritur,
1025 2447 1107 2494 caret.
1122 2469 1150 2480 -
1164 2445 1225 2495 Fre-

136 2515 245 2566 bucien.
268 2513 334 2565 Diei.
358 2516 389 2564 D.
412 2513 437 2565 i.
466 2513 557 2578 ibique
580 2515 662 2566 ilem-
699 2529 786 2581 quens
803 2520 894 2566 autem
910 2516 1060 2580 perlectum
1077 2519 1166 2568 acrisii
1186 2519 1223 2568 si-

136 2589 254 2640 sterbus.
274 2587 380 2638 Fundus
397 2591 487 2639 autam
504 2587 609 2638 tabulae
622 2591 663 2639 cst
698 2591 865 2655 gnificatione
897 2591 923 2641 in
952 2590 1168 2645 similitudinibus
1197 2593 1224 2642 ct

135 2662 210 2713 iliad.
229 2678 262 2724 u,
280 2663 343 2712 232:
371 2655 505 2725 ἀντίθεος
526 2659 662 2728 Γαναμή-
698 2664 949 2729 comparationibus.
981 2665 1034 2716 Cir.
1062 2667 1132 2730 Virg.
1154 2669 1221 2718 Aen.

135 2731 259 2803 dqg,‘⁸Oq
270 2731 306 2800 δὴ
319 2731 474 2800 κάλλιστος
484 2739 583 2802 γε’νετο
592 2737 662 2803 θνη-
699 2742 744 2800 ll,
763 2740 811 2792 809
828 2752 905 2803 seqq.

135 2809 195 2862 τῶν
210 2807 387 2882 ἀνθρώπων·
407 2807 463 2861 Τὸν
480 2811 530 2862 καὶ
546 2805 662 2882 ἀνηρει·
731 2815 756 2862 7.
775 2813 800 2864 8.
821 2813 951 2874 Verniqoc]
975 2813 1044 2862 «iam
1065 2812 1163 2864 nimbis
1181 2813 1224 2864 hi·

135 2895 237 2950 ψαντο
252 2887 318 2938 θεοὶ
335 2885 381 2937 An
393 2881 572 2947 οἰνοχοεύειν
582 2883 661 2937 Κοίλ-
698 2887 789 2938 barnis
812 2885 1009 2946 desinentibus,
1040 2899 1102 2938 cum
1124 2887 1223 2938 sudum

135 2961 203 3024 λεος
225 2960 320 3012 εἵνεκα
342 2955 404 3023 olo,
431 2959 465 3011 ἵν’
486 2955 661 3012 ἀθανάτοισι
698 2959 882 3013 estcaelum.»
897 2962 985 3011 Primo
998 2963 1154 3022 enimvero,
1168 2963 1224 3013 inc-

134 3037 245 3102 μετείη.
279 3035 365 3086 schol.
395 3037 477 3086 Vetic.
508 3036 543 3086 ad
570 3037 659 3100 Eurip.
697 3039 761 3086 unta
779 3047 873 3085 mense
894 3033 990 3098 Aprili,
1014 3036 1148 3086 interdurn
1169 3037 1223 3086 ium

134 3111 232 3162 Troad.
246 3112 309 3162 82⁴:
332 3106 390 3160 Τὸν
407 3107 581 3176 Γανυμήδην
597 3109 661 3160 καθ’
699 3111 812 3161 exeunte
830 3123 866 3160 m.
885 3109 979 3160 Martio
996 3108 1083 3172 aquila
1100 3123 1150 3173 par
1164 3110 1222 3161 dies

129 3179 258 3257 Ὅμηρον
277 3181 374 3256 Τρωὸς
392 3179 463 3235 ὄντα
482 3183 571 3236 παῖδα
586 3183 662 3235 Λαο-
697 3185 763 3234 xxi.
782 3184 839 3234 ovis
856 3182 972 3233 incubat.
1008 3184 1038 3233 V.
1058 3184 1152 3234 Sobinz
1170 3185 1223 3234 Nc-

134 3259 276 3326 μέδοντος
292 3257 344 3311 νῦν
361 3255 439 3310 εἶπεν
455 3254 662 3325 ἀκολουθήσας
697 3264 748 3312 sier
763 3259 816 3308 und
831 3259 900 3318 iiior,
921 3257 1012 3308 zurici
1028 3257 1101 3308 tete.
1118 3271 1145 3321 p.
1163 3258 1220 3308 ⁴09.

134 3331 175 3402 τῷ
201 3331 254 3401 τὴν
280 3330 388 3406 μικρὰν
409 3329 517 3386 Ἰλιάδα
542 3347 661 3400 πεποιη-
698 3334 727 3383 in
739 3333 819 3396 pocta
831 3333 920 3382 autem
932 3332 1063 3382 versantis
1074 3329 1154 3382 stulta
1165 3332 1223 3381 erat

133 3407 208 3462 redu.
225 3439 252 3448 -
265 3412 369 3475 inspice
383 3411 518 3474 egregiam
529 3410 661 3474 picturam
698 3406 754 3457 lubi
768 3407 889 3457 Caesaris
907 3406 1030 3469 scaligeri
1048 3405 1221 3469 reprehensio

134 3485 326 3550 Pompeianam
351 3487 417 3536 Μαι.
445 3485 605 3536 borbonii.
631 3487 658 3535 T.
697 3485 771 3533 Po'e'i.
791 3481 847 3532 Lib.
861 3481 885 3531 6.
900 3493 926 3545 p.
940 3481 1007 3541 887,
1027 3480 1100 3543 quod
1117 3477 1221 3544 aquilae

133 3560 176 3610 86.
199 3587 226 3598 —-
243 3561 320 3624 flauo]
339 3559 415 3610 liom.
436 3561 532 3623 iiymn
548 3560 575 3609 in
593 3560 659 3609 ven.
697 3555 817 3608 novellae
840 3567 934 3606 meuse
965 3555 1076 3605 demum
1103 3557 1222 3618 Augrmto

134 3633 199 3684 203:
219 3627 302 3684 Ἤτοι
323 3633 379 3699 μὲν
400 3629 509 3697 ξανθὸν
526 3629 661 3698 Γανυμή-
698 3631 766 3681 nidis
783 3631 874 3694 patriis
889 3627 1033 3680 evolarent.
1054 3627 1223 3694 (Denimboao

133 3705 187 3758 θεα
207 3709 328 3774 μητίετα
349 3705 420 3772 Ζεὺς
434 3703 588 3780 Ἥραασεν.
612 3709 661 3758 Sa·
697 3704 785 3755 ltaliae
806 3717 865 3754 vara
885 3705 932 3754 cir.
955 3703 1046 3754 iuven.
1071 3701 1099 3764 l,
1123 3703 1163 3753 87.
1191 3703 1220 3760 ὅ,

134 3783 169 3832 tis
187 3785 277 3832 eutem
294 3784 398 3847 poetice
416 3784 467 3834 bec
484 3783 658 3847 digressione,
697 3779 743 3830 78:
755 3779 871 3841 sreormat
883 3789 1024 3828 coercerem
1034 3777 1224 3840 praedicaver-

134 3869 217 3920 qnam
234 3857 331 3908 frustra
344 3857 440 3920 (delato
456 3859 535 3909 eliam
547 3871 572 3907 v.
586 3857 621 3919 6.)
634 3859 659 3908 in
696 3867 744 3903 nor
753 3854 865 3916 luppiter
876 3859 898 3902 at
908 3853 986 3902 ααὶιο
998 3853 1103 3902 elitaret
1110 3850 1223 3914 poenulo

132 3931 252 3994 νοθείας
265 3933 445 3997 suspicionem
463 3931 598 3982 adducere
617 3945 661 3981 co·
696 3927 801 3991 obulo.)
824 3953 852 3964 -
872 3928 961 3978 Lectio
979 3926 1062 3977 Codd.
1082 3924 1143 3988 nliq.
1162 3937 1221 3974 vcr-

134 4008 213 4056 natus
231 4009 272 4058 est
289 4008 350 4067 iii..
369 4007 512 4070 significet,
532 4019 581 4058 cur
597 4009 661 4071 lup-
696 4003 783 4065 nisque
805 4015 858 4052 non
881 4004 921 4052 est
940 4001 990 4051 nisi
1007 3997 1220 4050 accommodatio
1245 4013 1251 4019 ·

134 4081 205 4144 piter
220 4078 337 4144 aquilam
355 4083 427 4132 tanto
448 4082 549 4132 honore
567 4080 660 4144 dignu·
697 4076 732 4128 ed
743 4091 768 4127 v.
781 4076 883 4134 ninom
902 4089 952 4127 nec
963 4074 1070 4139 placant
1085 4073 1152 4122 venti
1162 4071 1219 4122 sine

135 4157 178 4204 tus
195 4155 237 4204 sit.
697 4149 832 4218 ἐπιθέτῳ,
852 4153 879 4200 et
897 4151 997 4214 ingrata
1018 4145 1106 4199 sibilat
1126 4156 1221 4196 versus

167 4230 191 4278 o.
226 4229 304 4292 σθαι]
334 4229 489 4294 frequenter
515 4231 660 4294 usurpatur
699 4228 832 4288 Varioque
858 4225 912 4276 iam
938 4223 1027 4274 nimbo
1050 4221 1160 4271 remotis.
1191 4245 1218 4254 —

135 4304 162 4352 in
181 4302 281 4354 labellis
300 4306 327 4354 et
343 4303 472 4370 exemplis
485 4304 518 4354 da
537 4305 659 4368 tempora
694 4303 772 4363 nine]
785 4297 1036 4358 «clarumverbero,
1052 4293 1219 4357 remigium.»
