2986 4974
457 471 516 522 ura.
536 473 555 521 ι.
592 469 750 522 carvin.
1113 467 1175 534 tot

101 631 276 691 καταβαίνειν
298 622 384 692 ὅλως,
407 624 467 678 ἀλλ’
488 621 579 680 αὐτοῦ
601 628 665 700 περὶ
685 624 719 678 τὸ
742 621 818 698 ὕδωρ
838 621 916 689 ἔχειν
933 623 986 694 τῆν
1006 625 1125 695 πλάνην.
1147 655 1174 666 -

99 716 222 779 Archytas
239 716 411 775 Tarentinus,
432 711 605 777 philosophus
623 713 820 776 Pythagoreus,
839 714 1008 765 astronomus
1025 715 1053 763 et
1069 725 1177 776 geome-

99 803 147 858 tra,
165 797 283 863 aequalis
295 801 352 848 erat
362 795 491 857 Platonis,
510 797 578 847 inter
590 797 665 848 euius
677 796 802 861 epistolas
813 796 968 846 subditicios
980 797 1004 846 ei
1017 796 1176 848 duodecima

98 883 249 934 imcnhitur.
296 881 380 932 Etiam
405 881 432 931 iu
453 893 483 931 re
505 879 610 945 publica
635 879 707 931 domi
725 879 886 944 militiaeque
910 878 1101 932 illustrissimus
1118 881 1174 932 luit.

98 967 146 1018 Sed
167 966 229 1017 illud
253 966 368 1016 maxime
393 965 504 1024 mirum,
532 963 604 1028 quod
626 965 694 1014 teste
716 961 855 1013 Aristotele
873 961 946 1014 Polit.
966 963 994 1024 8,
1021 964 1050 1024 6,
1079 965 1103 1014 t.
1129 963 1178 1016 tuit

98 1053 172 1100 etiam
187 1051 311 1100 inventor
327 1045 378 1113 τῆς
402 1045 562 1114 πλαταγῆς,
590 1041 626 1113 ἢν
643 1042 757 1098 διδόασι
774 1052 835 1109 τοῖς
852 1045 985 1110 παιδίοις,
1003 1039 1084 1112 ὅπως
1100 1043 1178 1119 χρώ-

97 1149 165 1198 μενα
184 1130 275 1204 ταύτῃ
297 1130 389 1198 μηδὲν
406 1128 590 1198 καταγνύωσι
606 1128 663 1181 τῶν
680 1127 755 1182 κατὰ
771 1129 826 1196 τὴν
843 1133 947 1183 οἰκίαν.
982 1131 1049 1183 Nihil
1067 1131 1178 1196 quidem

97 1219 190 1282 antiqui
207 1217 360 1268 memorant
376 1215 411 1266 de
429 1215 574 1278 naufragio,
593 1207 648 1279 quo
665 1217 787 1280 perierit:
807 1215 856 1266 sed
872 1217 958 1280 potuit
969 1217 1025 1266 elus
1036 1217 1076 1266 rei
1088 1215 1177 1266 tacere

97 1301 172 1352 fldem
196 1299 239 1350 vel
265 1301 380 1363 scriptor
401 1299 495 1364 aliquis
518 1311 589 1350 nunc
612 1299 766 1363 deperditus
789 1299 830 1348 vel
850 1302 954 1348 vetusta
975 1299 1177 1348 Tarentinorum

98 1385 170 1436 lame.

436 1476 453 1512 1
818 1473 835 1510 1

626 1522 644 1558 1

156 1649 217 1698 Post
233 1645 384 1698 secundem
396 1644 544 1696 Editionem
556 1644 624 1695 adeo
637 1641 719 1694 multa
731 1642 765 1694 de
777 1647 872 1694 vexato
885 1642 937 1694 hoc
949 1643 1067 1694 carmine
1079 1643 1177 1708 scripta

98 1733 165 1792 sunt,
191 1733 218 1780 et
238 1732 266 1780 in
290 1731 333 1780 his
354 1727 479 1780 nonnulla
502 1731 556 1779 tam
578 1728 645 1778 mira
663 1729 743 1790 atque
761 1726 938 1788 incredibilia,
965 1730 994 1777 ut
1009 1725 1052 1778 vel
1069 1729 1179 1791 proptor

98 1811 170 1874 flues,
196 1827 264 1879 quos
287 1814 352 1864 mihi
376 1815 402 1863 in
423 1813 474 1862 hac
496 1812 572 1862 tertia
593 1823 657 1861 cura
675 1811 810 1872 constitui,
838 1823 871 1862 ea
888 1812 1023 1875 respicere
1041 1823 1112 1860 nuno
1129 1823 1179 1860 ue-

99 1909 201 1959 queam;
219 1899 363 1962 praeterea
381 1896 508 1960 equidem
525 1897 552 1945 in
569 1893 717 1945 pallavicini
742 1896 874 1958 amicique
897 1896 1114 1959 interpretatione
1132 1893 1180 1944 ob-

100 1979 210 2032 ilrmatus
226 1993 386 2046 permaneo.
422 1979 599 2030 Nouissimam
622 1979 815 2042 expositionem
836 1976 911 2029 dedit
927 1979 1076 2038 lleutzuer,
1102 1990 1181 2041 prae·

100 2067 182 2128 ceptor
198 2065 345 2115 Plauensis.
381 2063 447 2113 Vide
464 2061 630 2113 Dielschium
651 2061 853 2112 interualli.
873 2063 935 2111 LIV.
955 2063 974 2111 l.
993 2075 1020 2126 p.
1040 2061 1096 2112 406.
1116 2073 1175 2124 sqq.

100 2147 128 2209 (p.
146 2147 204 2198 los:
230 2150 269 2198 Er
288 2147 367 2212 findet
386 2147 413 2196 la
430 2147 485 2196 dem
506 2147 622 2196 Gedicma
642 2147 697 2195 eine
716 2147 880 2209 Verspottunq
896 2145 941 2194 der
956 2145 1180 2208 llatltoporeisctea

99 2229 250 2294 Pltlosopls'e,
269 2233 355 2281 ladem
369 2231 492 2292 treantes
507 2229 634 2294 qmttlript
648 2230 746 2291 walle,
764 2230 847 2279 setaen
859 2229 971 2278 Gtuubm
983 2241 1017 2278 on
1029 2229 1068 2276 alie
1079 2227 1180 2278 Seelen-

98 2317 244 2378 woadentnp
262 2313 520 2376 sumcere-enm)

438 2433 456 2470 1
818 2431 835 2467 1

627 2480 645 2516 1

156 2603 316 2667 Naperrime
333 2601 369 2651 ad
386 2613 434 2652 uos
451 2601 574 2665 pervenit
590 2600 680 2650 notitia
698 2598 757 2650 libri
775 2599 809 2650 de
824 2599 876 2650 hoo
888 2598 1006 2649 carmine
1017 2595 1178 2650 scholastici:
1279 2641 1281 2644 ,

100 2683 186 2736 lloror.
203 2688 252 2736 Dte
268 2686 313 2736 28.
333 2685 383 2735 Ode
400 2685 442 2734 cler
457 2685 476 2734 1.
495 2685 585 2734 Bacis.
614 2683 689 2733 Nebat
706 2685 785 2734 einen
800 2683 907 2746 Annona
922 2682 985 2732 uber
998 2695 1023 2732 o.
1038 2681 1078 2732 tt.
1096 2695 1123 2732 o.
1137 2681 1177 2731 ta.

100 2767 138 2816 tier
152 2769 189 2819 37.
209 2771 259 2820 Ode
283 2769 325 2818 des
340 2770 360 2818 1.
379 2769 467 2818 Bacis.
505 2768 557 2816 Von
577 2767 608 2816 ll.
626 2767 747 2816 Korcter.
767 2767 861 2818 corlon.
881 2765 955 2816 t8l8.
990 2766 1077 2826 Quam
1096 2766 1180 2814 Koar-

100 2851 165 2902 cheri
182 2853 437 2904 commentationem
459 2853 545 2916 ipsam
566 2863 628 2900 cum
650 2850 770 2900 nondum
793 2852 908 2900 tractare
931 2848 1008 2900 uobis
1030 2848 1178 2911 eontigerit,

101 2936 150 2986 eius
169 2950 306 2988 summam
327 2935 418 2986 uerbis
439 2933 557 2994 Baehrii,
581 2935 630 2984 siri
652 2933 798 2984 doctissimi
817 2933 931 2997 (Heidelb.
950 2931 1050 2982 latrat.
1071 2931 1135 2982 leta
1152 2943 1179 2994 p.

100 3017 168 3082 aaa),
185 3021 227 3071 laic
245 3018 463 3082 subiungendum
480 3017 648 3068 curavimus:

156 3104 202 3153 Die
217 3104 319 3154 Aasiclt
340 3104 382 3152 des
402 3103 540 3166 Vorsassarr
561 3101 625 3164 loon
642 3100 857 3164 doronstinoas,
885 3099 943 3148 dass
959 3113 994 3148 on
1011 3099 1056 3147 cler
1072 3097 1181 3160 attempt·

101 3183 162 3236 alm
183 3187 259 3237 Fam
281 3187 418 3250 wardiam
438 3185 615 3249 smtauloltrn,
641 3186 688 3234 dos
709 3183 796 3233 tianae
817 3182 878 3232 αὸιν
899 3182 966 3232 aient
988 3181 1052 3232 olon
1066 3182 1111 3244 seir
1127 3181 1181 3232 οιίιι

101 3267 174 3318 ironia
190 3272 250 3320 oder
265 3271 312 3334 tier
328 3271 399 3320 einen
415 3269 487 3331 Spott
507 3269 558 3333 aas
569 3270 616 3318 ders
635 3267 812 3318 mandationes
829 3267 898 3316 Stolz
914 3267 966 3316 ond
982 3265 1082 3316 Donet
1097 3277 1180 3314 αιτι-

101 3351 178 3413 aaa,
195 3355 303 3404 condem
320 3353 396 3402 Mein
412 3353 466 3402 ene
483 3351 568 3402 litim
586 3352 722 3416 Persislope
738 3350 861 3400 enimtea
878 3351 912 3400 ret
929 3349 979 3412 aas
993 3347 1118 3412 llteolopie
1128 3349 1181 3398 aaa

101 3433 254 3500 Philosophia,
273 3437 425 3486 nommllicll
442 3436 491 3499 auf
504 3437 543 3485 die
559 3435 830 3499 Ausarstelranpsleltre,
852 3435 901 3484 sete
917 3434 951 3484 ate
967 3434 995 3482 ia
1011 3433 1058 3484 dart
1074 3432 1181 3484 &naen

101 3515 139 3564 ier
159 3519 331 3583 illitosophen,
357 3521 478 3570 zenoctst
503 3521 548 3568 der
571 3520 703 3583 pefeierten
725 3519 777 3567 aad
801 3517 984 3580 vorzuqswoise
1005 3517 1181 3580 hoetpeelsrlm

101 3599 268 3668 mamaea,
287 3605 380 3668 pelelrt
396 3605 492 3667 werde,
512 3604 551 3654 tile
567 3603 613 3653 mil
628 3603 670 3651 ell'
689 3603 758 3651 ihrer
770 3601 900 3660 Weistett,
918 3601 965 3650 mit
981 3599 1024 3649 oll'
1036 3599 1106 3649 ihrer
1116 3599 1180 3661 Spe-

102 3685 214 3748 tttloiion,
241 3689 303 3738 doclt
327 3689 395 3738 atem
419 3688 482 3738 liber
507 3688 552 3736 dos
574 3687 665 3736 trinales
680 3685 794 3734 lenimen
810 3685 921 3744 konnen,
947 3697 1002 3733 woa
1018 3697 1071 3732 aaa
1085 3681 1180 3733 ¹elitaret

102 3769 211 3820 coelom
226 3774 290 3822 loos
306 3772 370 3821 oller
386 3773 483 3820 onmrn
501 3770 718 3820 Mencloenlinrier
734 3770 780 3828 ist;
798 3770 856 3818 (loss
873 3769 925 3818 cleo
943 3769 969 3817 in
980 3767 1059 3818 diem
1068 3765 1179 3816 Hlasicltt

102 3849 162 3901 illm
185 3856 234 3919 aas
253 3856 346 3920 pletelse
364 3854 444 3904 Weise
464 3855 504 3904 ein
523 3854 627 3918 pietates
642 3855 705 3903 Loos
723 3880 751 3888 -
771 3853 817 3901 clos
836 3851 960 3902 Touesloos
979 3877 1007 3886 -
1026 3849 1176 3910 bevorslsla,

102 3935 147 3982 tad
161 3937 263 4002 Kaine,
282 3937 347 3988 estoit
362 3939 430 3987 atcln
447 3939 491 3987 der
508 3937 655 3988 Gelelrriesto
670 3937 723 3986 ond
741 3935 871 3998 Wetsoste,
889 3935 940 3984 siclt
951 3935 1040 3984 diesen
1051 3933 1177 3984 nttzlelsen

102 4012 185 4084 lime,
203 4023 260 4072 dass
276 4037 304 4072 ar
319 4020 438 4072 oielnwlr
453 4021 499 4070 mit
517 4021 572 4070 dem
582 4021 634 4070 sict
650 4020 777 4085 mycipsa
794 4023 887 4080 mttsse,
905 4033 960 4068 was
972 4015 1175 4080 jecennam,

104 4101 159 4148 wls
174 4104 228 4156 deas
244 4107 404 4170 merua,
423 4105 554 4156 salmacia
573 4131 600 4140 —-
618 4105 664 4154 mil
680 4105 759 4154 daem
776 4103 854 4154 Grob.

549 4313 726 4323 —-—-—
