3014 4978
681 433 809 486 Hostili
826 433 996 487 clamatu

473 593 592 656 Virtute
617 610 668 656 me
691 590 818 655 involvo
839 590 1040 677 probamque

515 711 708 800 Pauperiem
731 711 801 779 sine
824 711 899 778 dota
922 731 1055 798 quaero.

429 873 498 937 Non
521 881 571 938 est
592 891 715 948 meum,
740 869 767 936 si
789 871 910 956 mugiat
931 869 1044 936 siricis

432 992 534 1060 Malus
555 990 721 1081 procellis,
747 991 947 1059 admiseras
969 1009 1085 1078 preces

472 1117 653 1183 Decurrere
676 1124 709 1181 et
729 1113 812 1179 votis
835 1112 970 1199 pacisoi,

515 1239 561 1303 Ne
583 1236 723 1324 Cypriae
745 1234 928 1324 Tyriaeque
951 1254 1077 1301 mareas

370 1399 410 1449 60.
430 1399 568 1460 8444444444
585 1411 609 1447 4.
631 1397 691 1459 (uon
708 1395 786 1456 BbS.)

305 1539 371 1603 Epp.
392 1537 523 1599 4,7,34;
550 1535 831 1600 iiooeposioooepel-
902 1535 942 1584 tt.
962 1535 1002 1585 58.
1033 1537 1090 1586 Nou
1107 1538 1250 1602 4444444444]
1269 1539 1384 1588 4444444
1482 1511 1483 1582 Ῐ

305 1614 345 1662 lor
362 1611 483 1676 44444444,
510 1615 601 1660 amoto
623 1611 780 1674 44444444
768 1609 831 1658 4444-
869 1622 946 1660 meaa
959 1608 1055 1660 indolis
1068 1612 1177 1674 meique
1189 1613 1287 1672 moris·
1305 1625 1383 1662 amaa
1482 1633 1483 1638 1

305 1687 407 1751 sipoore
431 1686 532 1749 antiqui
556 1698 605 1749 pro
628 1684 764 1734 rescribere
780 1697 831 1748 po-
869 1684 995 1746 drgnilate
1008 1683 1162 1736 abhorret.»
1192 1685 1381 1737 Platotloihl

306 1759 419 1821 nebant,
444 1761 473 1809 ιι4
496 1759 584 1809 adhue
601 1759 747 1822 resupnum
764 1757 832 1806 dici·
868 1759 1017 1822 ptotmu
1045 1751 1081 1810 ori
1104 1755 1160 1830 γάρ
1180 1757 1383 1812 devoratorium

306 1846 367 1884 mus
386 1846 435 1897 pro
452 1833 630 1882 musaeum.»
656 1833 757 1882 Faenus.
786 1832 833 1881 lio-
868 1829 902 1882 τὸ
928 1828 1009 1898 ἐμόν
1044 1831 1229 1885 4144444444.
1259 1837 1284 1893 4,
1304 1835 1331 1895 3,
1347 1833 1381 1884 48.

221 1926 230 1941 .
305 1907 411 1958 44444444
428 1909 518 1956 autam
536 1908 577 1957 444
593 1907 723 1969 scriptum
749 1904 831 1956 debili
869 1907 920 1958 aa.
942 1909 1000 1957 Non
1015 1920 1099 1958 maura
1114 1913 1158 1958 444.
1178 1909 1229 1960 ct.
1247 1910 1384 1960 Neomare
1482 1941 1483 1946 κ

306 1981 435 2042 liberere,
454 1980 575 2030 debitum
587 1979 691 2032 solvere
704 1991 753 2043 per
765 1992 830 2030 sorr-
869 1983 969 2042 quidem
993 1982 1086 2044 edepol.
1124 1983 1184 2032 Tuo.
1210 1985 1279 2034 Anu.
1303 1983 1334 2042 6,
1354 1982 1381 2032 8:

305 2061 413 2123 pturam
438 2054 598 2120 (4444444444
622 2056 672 2118 aas
694 2055 765 2105 44444
787 2069 833 2105 44-
869 2070 920 2106 ooo
945 2060 980 2106 444
1003 2061 1118 2108 oestrum
1134 2083 1148 2094 ·
1165 2083 1180 2094 ·
1197 2059 1336 2108 4444444444.
1360 2083 1382 2092 -
1482 2077 1483 2082 ’

307 2132 388 2196 dero).
409 2129 692 2194 incertusapudPlut.
706 2129 834 2181 de'l'rau·
868 2129 1021 2194 4444444414
1009 2129 1155 2192 «strideat,
1182 2131 1317 2196 fragorem
1332 2131 1383 2182 edel
1482 2127 1483 2130 ’

307 2204 378 2292 quill.
392 2204 489 2256 Vol..i
510 2218 538 2269 p
557 2207 614 2256 855.
634 2207 671 2254 a:
695 2199 762 2256 Ἡδι)
778 2204 833 2270 μὲν
870 2205 904 2255 ab
930 2204 1017 2256 Atrion
1043 2204 1169 2256 4444444.»
1194 2206 1288 2266 Odi,
1307 2205 1382 2264 44,

307 2273 344 2328 ἄν
360 2293 388 2330 τι
404 2279 512 2350 φέρῃς,
531 2272 706 2346 ὀλ4γονδ“”
685 2295 772 2343 αχος,
797 2273 834 2344 ἢν
870 2281 1014 2330 444444--
999 2281 1215 2343 -44444444444
1236 2286 1381 2345 4444444.-

307 2347 473 2425 ἀπολείπῃς.
508 2355 609 2404 Seneea
628 2355 662 2404 de
679 2356 775 2419 Tranq.
789 2357 833 2406 44.
870 2353 1014 2418 miserari·
1002 2353 1144 2416 «humiles,
1171 2367 1245 2418 quae
1270 2353 1384 2405 dedecori

308 2430 512 2491 Quandocumque
534 2434 619 2478 444444
643 2431 747 2480 reddere
768 2429 835 2480 4444-
871 2430 934 2479 4444
950 2427 999 2489 illi,
1019 2430 1063 2493 qui
1082 2429 1120 2480 eis
1138 2431 1250 2480 utitur.»

309 2504 394 2562 bitur,
420 2516 471 2552 444
496 2509 614 2562 queratur
635 2517 692 2553 cora
708 2504 831 2566 Fortuna,
903 2505 944 2556 ts.
964 2505 1005 2554 40.
1025 2504 1171 2568 4444444444]
1190 2506 1264 2569 virg.
1281 2509 1341 2556 Aen.
1357 2505 1381 2560 t.

310 2578 351 2627 444
368 2576 444 2637 dicet,
472 2575 538 2636 Quia
555 2577 677 2638 44444444,
695 2579 754 2628 cedo
769 2592 835 2641 pro-
871 2581 936 2631 itta:
975 2592 1061 2648 proces
1082 2580 1228 2630 4444444444
1248 2582 1275 2630 io
1295 2591 1383 2638 444444,

308 2657 348 2702 aa
372 2650 504 2712 4444444444.
543 2650 571 2700 84
596 2653 656 2713 quid
681 2652 772 2702 444444
796 2666 835 2703 me
872 2655 945 2718 quod
961 2653 1127 2717 frequentius
1145 2656 1248 2704 eet-
1270 2656 1384 2715 4444444-

308 2728 346 2777 444
361 2726 487 2788 44444444,
506 2727 648 2776 4444444444
664 2727 785 2778 4444444.Ι
811 2729 832 2778 si
871 2728 993 2791 4444444
981 2730 1183 2780 «mercatorum
1218 2741 1294 2780 mora
1327 2729 1384 2777 rotis

309 2800 486 2862 4444444444,
504 2813 549 2864 epo
564 2813 625 2850 uero
640 2801 737 2864 4444444
748 2803 835 2866 44444-
872 2803 1020 2865 transigere
1041 2815 1102 2854 cum
1121 2803 1177 2864 dis,
1208 2817 1244 2855 ne
1262 2802 1384 2884 4444444444

308 2880 409 2937 4444444
419 2879 565 2938 arpentum
584 2876 686 2926 4444444
695 2877 835 2940 4444444444-
872 2878 942 2928 iacto
967 2877 1100 2942 pretiosae
1131 2889 1240 2930 meroes
1271 2880 1298 2930 in
1327 2875 1384 2928 mari

309 2963 357 3012 que
371 2962 455 2998 meam
470 2949 558 3011 reddo,
580 2951 692 3000 restituo.
871 2953 1014 3018 44444444,
1038 2950 1064 3000 44
1087 2950 1160 3014 quod
1179 2955 1287 3016 poetice
1308 2951 1384 3015 expri-
1482 2989 1483 2992 .

341 3025 381 3073 ts.
398 3024 686 3089 VirtutemeiooolooJ«
674 3024 768 3076 «ueluti
781 3025 836 3090 pal·
872 3029 921 3077 mit
935 3027 1067 3077 revocetis
1084 3027 1111 3075 44
1128 3029 1250 3080 mentem
1267 3026 1384 3078 thesauris

309 3097 361 3158 lio;
386 3099 490 3148 certum
510 3098 673 3162 praesidium
691 3112 752 3150 eam
769 3101 835 3150 mihi
871 3103 1081 3165 inperpetuum
1107 3099 1251 3153 demersis.
1295 3103 1384 3152 844444

309 3185 402 3237 paro.»
430 3171 503 3223 Plato
515 3172 549 3224 da
561 3175 670 3238 lieptt,
689 3187 715 3238 p.
729 3173 834 3225 itia:
872 3177 990 3236 Quaestt.
1015 3177 1070 3224 nat.
1093 3174 1122 3235 l,
1140 3175 1173 3225 i:
1203 3177 1304 3240 4444444
1323 3185 1384 3237 potet

309 3251 372 3309 ταῖς
382 3245 439 3295 τῶν
453 3242 592 3307 φυλάκων
606 3243 746 3314 γυναιξίν,
760 3247 836 3299 4444-
870 3251 943 3313 fieri,
969 3254 997 3298 ut
1020 3263 1078 3298 4444
1093 3249 1220 3312 praedius
1239 3251 1329 3313 4444444
1340 3259 1383 3309 po-

311 3335 363 3392 περ
382 3314 487 3391 ἀρετὴν
504 3314 570 3370 ἀντὶ
588 3322 709 3386 ἱματίων
727 3315 835 3388 eimed-
871 3325 981 3374 44444444
1005 3328 1028 3373 44
1060 3329 1215 3385 tempestates
1246 3321 1385 3376 4444444444

310 3393 488 3445 4444444444.
524 3397 579 3448 Cic.
597 3396 717 3447 adi'am.
735 3397 765 3458 9,
783 3398 833 3447 20:
871 3400 987 3448 44444444.
1009 3425 1036 3432 -
1065 3399 1213 3463 Tyriaeque]
1240 3399 1274 3450 44.
1295 3399 1384 3460 syriae

311 3471 400 3520 litteris
415 3470 752 3521 metoooluo.Atl1eu.i
772 3483 833 3535 pag.
872 3487 927 3535 que.
963 3473 1031 3522 Sane
1056 3485 1072 3522 4
1097 3471 1212 3524 librariis
1230 3475 1317 3524 notius
1331 3482 1382 3520 roo
1482 3529 1483 3532 Ἴ

310 3544 367 3593 aut.
386 3543 420 3592 44
438 3545 565 3606 Dionysio
584 3544 759 3606 Heracleote,
789 3547 835 3608 qui
872 3546 1048 3598 substitutum
1065 3550 1108 3597 est
1124 3548 1227 3598 rariori.

311 3628 344 3665 ex
360 3617 439 3666 stoa
432 3582 832 3704 rnEpiourlhortosmigr’arat:
905 3622 945 3670 64.
972 3621 1014 3670 64
1041 3621 1133 3686 44444]
1165 3622 1214 3672 04.
1234 3623 1265 3684 4,
1282 3621 1325 3680 tt.
1342 3617 1381 3668 ⁴8

311 3683 345 3751 ὃς
361 3683 617 3776 ἄντικρυςὰποόὺς
633 3688 684 3743 τὸν
700 3690 755 3758 τῆς
771 3687 836 3764 uipe-
872 3695 975 3744 auidum
990 3707 1118 3746 44444.-
1142 3696 1209 3748 litet
1225 3709 1313 3760 recep!
1329 3703 1383 3757 lm·

311 3761 477 3830 τῆςχιτῶνα
485 3759 833 3833 ἇνθινὰμετημφιάσατο.
872 3771 920 3820 tim
943 3771 1054 3834 propter
1076 3771 1262 3834 gravissimam
1278 3765 1383 3820 auctori·

343 3840 385 3890 uo.
412 3841 464 3890 4444
489 3841 556 3906 dote]
586 3843 656 3905 Opes
685 3844 833 3906 signifieat,
871 3845 956 3894 talem
974 3843 1058 3894 Codd
1077 3843 1145 3904 Bb..
1173 3845 1269 3908 partlm
1286 3843 1384 3908 propter

311 3912 410 3978 quibus
428 3915 541 3964 Fortuna
558 3913 639 3966 veluti
657 3915 731 3966 dotat
756 3931 833 3980 eum,
872 3917 1005 3981 ingratum
1016 3929 1113 3970 sonum
1127 3919 1213 3970 lian-
1226 3924 1317 3976 44444
1335 3911 1383 3977 (Sa-
1482 3919 1483 3966 ἶ

312 3987 445 4040 ouilavet.
472 3989 562 4052 imago
579 3992 670 4039 autem
687 3989 721 4040 ab
738 3992 835 4042 eodu-
872 3992 994 4042 nedonus
1019 3991 1142 4043 volebat:
1168 3994 1237 4044 0444
1253 4019 1292 4030 --
1306 3985 1382 4054 m.)

312 4063 394 4123 citur,
432 4063 504 4126 quod
533 4063 660 4126 virginem
689 4065 835 4118 indotatam
873 4069 953 4116 44444
969 4067 1062 4130 igitur,
1091 4066 1192 4129 idest,
1219 4065 1263 4118 tuli
1280 4067 1305 4116 in
1320 4061 1383 4129 ptri·
1482 4111 1483 4134 ,

313 4137 363 4188 sibi
385 4137 458 4202 tingit
476 4139 618 4189 honestam
639 4143 832 4205 paupertatem.
872 4139 950 4202 aulo,
979 4141 1045 4192 dum
1070 4141 1113 4192 alii
1138 4143 1172 4194 44
1196 4143 1257 4192 vota
1279 4139 1381 4190 desora-
1482 4151 1483 4196 3

312 4213 418 4263 Patron.
435 4212 483 4264 at:
514 4213 593 4264 44444
607 4215 696 4265 meotis
712 4229 785 4266 soror
800 4221 835 4267 444
871 4215 964 4268 dunt.»
981 4213 1045 4267 Plin.
1060 4217 1090 4268 ll.
1103 4217 1134 4268 N.
1146 4217 1176 4278 8,
1189 4218 1232 4268 to:
1252 4215 1382 4276 44444444·

309 4291 456 4349 perperos.
871 4291 960 4353 444444
973 4295 1090 4343 votorum
1110 4291 1178 4343 44444
1197 4295 1245 4354 ed,
1271 4283 1380 4347 4444443
1482 4299 1483 4370 ff
