3080 4980
555 421 613 470 nm.
635 421 652 468 i.
690 423 718 470 c.
740 422 768 469 n.
1180 419 1221 486 23

138 580 161 636 2,
180 577 240 628 til:
259 579 345 640 lforoc
363 575 440 638 (liert
458 602 472 612 -
483 601 497 612 -
513 575 559 626 llic
572 577 647 637 pata
662 577 766 640 incipitis
782 577 860 638 clipeo
876 578 977 640 totisque
987 579 1100 628 resultat.
1135 579 1221 643 Atque

139 662 357 712 honorationem
378 660 484 710 videtur
504 660 639 724 praeferre
661 659 754 723 Regel,
778 661 855 711 docte
877 661 1014 725 disputans
1035 661 1068 712 de
1086 663 1220 724 Iugurtha,

139 745 170 795 de
187 744 252 794 iuba
269 746 331 808 post
347 743 506 794 acerrimam
523 743 721 793 contentionem
738 744 834 808 Thapsi
851 742 964 794 devicto.
991 745 1092 794 Verum
1104 745 1142 794 sic
1153 759 1222 808 quo-

138 841 188 891 que
206 828 300 889 peditis
319 825 452 878 ἐπίθετον
472 825 515 876 vel
537 829 639 877 temere
662 824 796 876 delectum
819 830 860 879 est
880 826 924 877 vel
943 827 1031 892 potius
1053 829 1111 878 sine
1129 829 1222 878 collido

138 912 254 960 itatem
270 923 381 974 prorsus
399 905 574 981 παράδοξον,
594 912 736 973 utmmquo
749 923 813 960 sane
826 913 917 960 contra
931 911 1029 960 Horatii
1042 923 1154 962 morem.
1184 912 1221 962 Ex

138 997 225 1045 nostra
242 997 336 1044 contra
353 995 483 1044 sententia
501 996 542 1044 est
559 993 641 1044 Mauri
659 995 720 1057 post
737 993 798 1056 equi
819 994 940 1056 generosi
959 992 1120 1058 dominoque
1139 996 1222 1046 caris-

138 1078 194 1128 simi
210 1080 329 1127 mortem
347 1076 522 1126 immoderato
540 1077 627 1127 lurore
645 1077 751 1128 accensi
769 1090 831 1126 cum
843 1079 961 1127 Romano
973 1075 1040 1128 illius
1053 1078 1221 1129 interfectore

137 1161 266 1210 acerrime
285 1159 460 1224 depugnantis
476 1173 586 1224 prorsus
604 1162 709 1224 egregia
732 1161 843 1224 pictura.
878 1163 965 1224 Atque
983 1163 1012 1210 ut
1029 1160 1150 1211 Ovidium
1167 1160 1184 1211 l.
1203 1161 1220 1212 l.

138 1243 223 1294 dicere
242 1243 346 1294 decuit:
366 1245 470 1306 equique
486 1245 551 1294 celer
565 1244 691 1307 summio
702 1249 774 1307 torpa
790 1243 908 1305 relinquit
924 1243 1046 1305 Spmmuo
1062 1257 1164 1306 aequone
1174 1259 1222 1295 oo-

31 1383 35 1390 ,
136 1341 193 1377 nom
208 1327 276 1376 dioc
291 1327 382 1388 pedes
398 1331 468 1375 errat
483 1328 510 1376 in
528 1328 594 1388 olto,
614 1329 652 1378 sio
670 1327 737 1377 mira
754 1326 821 1377 haec
839 1326 957 1377 brevitas
973 1327 1060 1376 Mauri
1073 1329 1164 1390 peditis
1179 1327 1222 1391 ly-

136 1412 203 1462 ricae
222 1411 289 1460 artis
307 1411 488 1473 magisterium
508 1413 577 1471 crat,
597 1411 667 1474 quod
686 1409 850 1475 postulabat,
869 1413 898 1460 ut
915 1411 976 1474 equi
994 1412 1166 1462 amissionem
1183 1410 1224 1462 le·

136 1497 190 1544 otor
206 1496 266 1558 ipse
286 1493 337 1543 sibi
354 1494 511 1556 cogitatione
528 1493 672 1558 suppleret.

181 1578 261 1638 Quod
279 1579 370 1628 autem
388 1578 421 1627 ad
439 1579 466 1627 T.
481 1577 557 1628 Fabri
575 1580 643 1627 coni.
656 1579 738 1628 Marsi
754 1579 859 1638 attinet,
878 1589 941 1628 oum
952 1581 1046 1630 nactus
1057 1578 1159 1628 interea
1171 1579 1223 1628 sim

136 1661 280 1710 editionem
299 1660 414 1711 Eduardi
431 1661 546 1722 Zurckii,
566 1659 682 1712 Harlemi
700 1661 788 1721 l696.,
812 1663 976 1711 accuratiora
996 1662 1049 1710 iam
1067 1661 1101 1711 de
1119 1659 1161 1710 illa
1178 1673 1223 1710 re-

136 1745 203 1794 lerre
221 1757 345 1808 possum.
381 1744 499 1794 Hominis
517 1743 666 1794 scholastici
683 1742 822 1794 consilium
844 1743 892 1794 luit
908 1745 1080 1794 Dacieriauee
1098 1755 1179 1793 curae
1197 1745 1222 1794 in

136 1825 396 1878 adolescentulorum
414 1839 493 1878 usum
510 1829 586 1890 quasi
604 1827 793 1891 compendium
811 1827 918 1891 aliquod
939 1826 1092 1888 elaborare;
1116 1827 1222 1877 codices

136 1913 248 1975 inspexit
265 1909 361 1960 nullos.
395 1911 452 1961 lam
470 1924 531 1961 cum
549 1909 619 1975 apud
637 1913 774 1961 auctorem
791 1924 879 1972 suum,
898 1911 984 1962 soceri
1001 1913 1068 1962 mire
1080 1911 1223 1960 immemo-

137 2007 201 2055 rem,
220 1995 293 2044 haec
310 1995 485 2058 repperisset:
506 1995 526 2044 ll
535 1993 590 2057 faut
607 1997 811 2044 necesaotrement
827 1995 873 2044 lira
890 1996 982 2055 Marsi,
1001 2008 1094 2044 cormac
1110 1995 1173 2043 dona
1190 1993 1224 2042 les

137 2078 224 2128 oteillcs
241 2077 349 2128 editions
369 2105 396 2114 -
415 2079 441 2127 in
459 2077 556 2142 quibus
574 2093 626 2128 non
644 2079 707 2129 dicit
723 2093 811 2142 neque
830 2081 859 2128 ut
876 2080 969 2142 opinor
986 2078 1075 2128 dicere
1092 2077 1223 2141 potuisset

140 2163 240 2225 -ipse
265 2159 433 2212 confidenter
453 2161 569 2225 scripsit:
602 2162 687 2213 «rico
714 2165 795 2226 antiq.
823 2162 907 2212 codd.
935 2163 1042 2226 reposui
1067 2162 1148 2212 ilorci
1172 2172 1221 2225 pro

138 2245 247 2294 Mauri.»
