2998 4980
496 449 554 498 nn.
574 450 593 496 1.
630 449 658 497 c.
678 447 786 496 xxvio.
1138 439 1198 504 457

161 607 249 672 llixla
272 627 386 672 senum
409 623 447 670 ac
469 607 621 670 iuvenum
644 603 819 668 densentur
842 601 967 676 lunera,
994 600 1113 666 nullum

324 729 427 793 Saeva
450 737 547 812 capul
568 725 763 812 Proserpina
787 723 873 810 sugit.
1158 721 1199 784 ΞΟ

159 925 204 988 lle
227 944 358 1010 quoque
381 921 496 987 devexi
520 919 652 1014 rapidus
675 939 785 985 comes
809 919 938 986 Orionis

325 1042 460 1130 Illyricis
483 1045 583 1107 Notus
606 1041 712 1106 obruit
735 1039 840 1105 undis.

185 1309 224 1357 49.
242 1308 281 1371 ac]
299 1311 323 1356 ci
340 1319 363 1366 c,
383 1307 448 1354 Poll.
468 1307 531 1354 tres.
554 1331 580 1339 -
600 1305 736 1354 censemur
755 1317 823 1352 corr.
843 1316 866 1351 c.
887 1305 913 1352 ct
929 1300 1019 1352 Aldus.
1051 1304 1090 1366 (Ui
1108 1317 1164 1364 noS,

148 1382 329 1508 pppppinnpsilri
346 1384 373 1430 ei
389 1395 430 1444 pr.
450 1393 477 1438 c,
501 1377 570 1445 βγκ,
593 1381 707 1430 Poiiierii
726 1377 838 1440 omnes.)
861 1405 886 1412 —
908 1379 949 1426 Ξ4.
969 1377 1072 1426 collidus
1088 1374 1105 1425 ri
1122 1392 1163 1442 ap.

120 1700 194 1750 lorma
211 1713 260 1765 pro
274 1701 394 1758 mnsam,
412 1698 545 1762 reperitur
556 1698 635 1746 elram
675 1695 1074 1746 Oriorilribernircondiiurondir.
1084 1696 1197 1746 Theocr.

119 1775 182 1837 apud
204 1776 284 1824 Tacii.
304 1775 374 1824 Anu
392 1774 422 1834 Ξ,
448 1772 489 1824 ii.
515 1785 547 1822 ex
569 1772 634 1822 Cod.
675 1774 704 1833 7,
717 1771 757 1822 453.
767 1770 810 1821 ed.
819 1771 921 1820 limeis:
941 1763 1103 1832 Χῶτανέφ
1114 1769 1199 1821 ἑσπε-

119 1849 180 1898 iled.
198 1851 335 1898 denserent.
361 1848 426 1898 Vide
444 1847 552 1896 omnino
572 1847 637 1895 Wa-
674 1848 747 1934 ριοις
767 1845 879 1913 ἐρίφοις
899 1839 1027 1907 νότος
1011 1842 1084 1932 vypci
1109 1842 1199 1916 διώκῃ

118 1937 221 1983 guorurn
238 1924 271 1973 ad
292 1923 365 1984 Virg.
384 1924 430 1972 Ge.
445 1924 474 1980 4,
493 1921 550 1972 ais.
569 1923 634 1971 Aen.
674 1918 729 1986 Kv
730 1936 805 1978 ιατα
818 1934 837 1979 χ
838 1914 916 1988 sip
917 1935 957 1968 ων
969 1935 1003 1968 or
1004 1919 1061 1970 ’ἐπ’
1070 1913 1198 1986 Ωκεανῶ

119 1999 144 2052 7,
161 1999 214 2050 rui.
674 1991 791 2059 ποδας
776 2010 852 2054 ισχει
864 1992 922 2044 κτλ
938 1995 1067 2045 Leonidas
1082 1995 1196 2045 lnAnih.

674 2071 727 2122 i’al.
747 2073 766 2120 l.
784 2084 811 2133 p.
831 2069 893 2119 ³85:
912 2062 1009 2138 Εὗρον
1026 2083 1063 2132 με
1079 2074 1200 2157 τρηχεῖα

147 2147 184 2195 iii.
202 2148 292 2212 Saeva]
313 2147 408 2210 Odyss.
428 2145 453 2206 λ,
473 2146 513 2196 ii:
533 2141 635 2215 ἐπαινῇ
674 2147 724 2196 καὶ
740 2141 888 2209 αἰπήεσσα
904 2145 1048 2209 ναταιγίς,
1069 2145 1120 2193 καὶ
1136 2140 1198 2207 νύξ,

119 2219 316 2294 Περσεφονείῃ.
336 2223 473 2284 imperioso
491 2221 587 2271 eadem
600 2219 638 2270 di·
673 2221 724 2270 καὶ
744 2214 889 2305 δνοφερῆς
906 2215 1023 2282 adriaco
1040 2216 1200 2283 πανδνσίης

119 2297 178 2344 ciiur
194 2299 245 2347 Sal.
265 2299 295 2358 Ξ,
321 2299 351 2356 5,
377 2297 432 2347 iio
452 2295 617 2346 Brunatius
611 2308 636 2343 rn
665 2289 791 2356 ”Niliaci
814 2287 961 2362 Ὠρίωνος.
987 2292 1038 2341 Cir.
1063 2293 1199 2342 Thoonem

119 2369 200 2420 liuseo
217 2372 435 2434 iiiroherianop.
455 2369 499 2419 63:
521 2369 565 2419 Ar.
578 2381 637 2420 εοε-
674 2369 745 2433 apud
763 2368 905 2431 inghirami
923 2368 979 2417 Gai.
994 2368 1048 2416 Om
1062 2369 1104 2416 ill.
1117 2369 1145 2417 T.
1156 2367 1197 2417 83.

119 2446 452 2496 nordmannorum
471 2457 512 2493 io.
534 2455 634 2494 iurem.
674 2444 848 2508 imprimisp.
868 2442 975 2492 Ξ34.-“
995 2441 1095 2491 Occidit
1109 2444 1199 2514 aniam

119 2529 212 2568 reunia.
246 2520 378 2584 :sopiti
405 2521 461 2570 iioc
486 2518 636 2582 perlectum
674 2520 753 2569 Orion
771 2518 879 2567 ineunte
898 2515 1051 2575 Novembri,
1071 2529 1124 2578 quo
1138 2516 1200 2565 anni

118 2583 259 2662 ἀορίστως.
278 2595 377 2653 Recte,
397 2593 491 2656 credo,
515 2595 637 2657 Porphy-
673 2595 795 2656 tempore
821 2592 943 2641 saeviunt
960 2589 1105 2654 procellae,
1130 2603 1200 2652 quo-

119 2666 163 2713 rio:
187 2667 312 2718 «Nullum
334 2669 413 2731 caput
428 2669 584 2731 Proserpina
603 2668 636 2716 ti·
674 2669 744 2717 circa
763 2668 845 2716 Noius
863 2681 943 2716 comes
960 2667 1059 2714 Orionis
1078 2666 1198 2714 vocalur.

119 2743 174 2798 mel,
187 2755 217 2792 ac
228 2756 278 2806 per
287 2744 340 2792 hoc
349 2756 484 2793 neminem
494 2744 636 2805 exceptum
674 2741 781 2791 Hesiod.
793 2733 871 2810 Epy
885 2741 945 2790 647;
964 2731 1065 2790 uir*
1043 2755 1081 2788 αν
1092 2734 1202 2804 Hiera

119 2812 224 2876 hanbei;
249 2819 321 2878 sive,
345 2818 367 2867 si
384 2819 483 2876 marie,
503 2816 636 2880 aliquanio
674 2813 732 2877 δες,
767 2815 872 2876 σθένος
907 2808 1032 2883 ὄβριμον
1062 2807 1201 2901 Ὠρίωνος

119 2887 331 2952 elegantiuscum
341 2890 584 2953 Dillenburgerozu
573 2891 638 2940 «Ne-
675 2886 837 2956 Φεύγονοαι
854 2889 1024 2939 πίπτωσιν
1010 2905 1040 2951 ες
1053 2883 1201 2974 ἠεροειδέα

119 2975 157 3012 mo
174 2967 226 3015 iam
244 2968 333 3030 gravis
351 2968 404 3026 esi,
427 2979 509 3030 quem
526 2968 637 3016 Proser·
674 2961 794 3024 πόντον,
819 2960 861 3028 Ar)
885 2960 950 3012 τότε
968 2965 1112 3014 παντοίων
1129 2957 1198 3014 ἀνέ-

118 3037 187 3100 pina,
206 3040 232 3089 id
250 3044 307 3100 esi,
328 3053 401 3091 mors
419 3039 514 3103 fugiat,
533 3041 634 3098 timeat,
672 3055 736 3103 μων
759 3035 883 3090 θύουσιν
905 3033 1059 3102 ἁῆταα.-
1084 3038 1199 3102 illyricis]

119 3111 148 3160 od
158 3126 236 3175 quern
248 3129 323 3165 mors
335 3127 389 3164 non
398 3114 535 3164 accedat.
554 3114 637 3166 illari
674 3127 770 3164 mans
780 3113 930 3172 Hadriatici,
944 3125 1019 3162 ouius
1028 3113 1120 3162 rnlnno
1130 3125 1199 3162 sinui

105 3185 207 3238 lucau.
234 3191 268 3250 Ξ,
296 3191 344 3240 744ι
371 3203 440 3239 more
463 3191 520 3251 ipsa
543 3189 637 3252 resupii
673 3188 777 3238 adiacet
793 3185 905 3248 Illyria.»
925 3186 1201 3250 Oudendorpiusma-

119 3258 189 3321 Scope
204 3265 287 3312 virum
308 3263 446 3326 (Mar-iuml.
477 3264 635 3326 Proserpina
673 3262 745 3313 lebai
772 3263 861 3311 ionicis
888 3260 930 3310 vel
964 3261 1051 3324 polius
1079 3260 1198 3322 Apelleis.

119 3331 168 3394 ipsa
184 3337 217 3386 ad
234 3337 411 3388 moribundos
429 3337 556 3386 aceedil'
550 3338 635 3400 risque
672 3339 772 3387 Verum
782 3337 888 3398 illyricis
899 3336 989 3395 eiiam,
1003 3347 1066 3385 oum
1078 3334 1111 3384 de
1124 3334 1200 3386 liiore

120 3409 246 3472 lamquam
268 3412 384 3462 victimis
407 3406 555 3482 καταρχῆς
577 3411 636 3461 loco
673 3413 770 3463 ilalino
793 3413 820 3460 iu
846 3408 939 3474 Apulia
965 3411 1065 3473 agitur,
1093 3410 1201 3460 delendi

120 3481 261 3536 cincinnum
293 3486 419 3548 desecat,
450 3490 480 3537 ui
504 3484 636 3548 Θάνατος
673 3487 869 3551 quadamtenus
892 3487 994 3549 polest,
1022 3486 1044 3535 si
1068 3484 1200 3536 habemus

119 3557 182 3617 apud
198 3560 286 3624 Eurip.
306 3560 362 3611 Alc.
381 3561 422 3612 74
440 3562 511 3624 Virg.
529 3565 594 3612 Aen
609 3561 633 3622 i,
672 3560 714 3611 vel
738 3575 786 3624 pro
810 3559 922 3625 simplici
944 3559 1066 3626 ἐτιθέτῳ
1089 3563 1200 3610 ornante

120 3628 172 3678 698:
190 3635 308 3685 Nondum
323 3635 360 3684 iiii
376 3638 471 3700 iicorcn
484 3637 637 3698 Proserpina
673 3648 695 3685 s.
719 3636 824 3699 poetico
847 3649 895 3699 pro
921 3635 999 3686 undis
1025 3633 1198 3698 quibuslibet,

119 3705 201 3754 veriim
220 3710 316 3758 crinem
337 3709 477 3759 Abdowrai
502 3712 637 3775 Sippioquc
674 3711 723 3772 (ul,
749 3723 781 3758 ue
800 3710 859 3772 quis
877 3723 921 3759 me
939 3709 1130 3768 calumnietur,
1157 3707 1200 3759 vel

120 3786 187 3838 rapui
206 3784 373 3834 domnaocrci
394 3785 466 3834 Orco.
490 3787 554 3834 Siai.
573 3783 634 3834 Silr.
672 3784 699 3832 iu
724 3783 770 3832 0d.
801 3785 831 3844 l,
861 3785 890 3844 4,
918 3783 960 3833 l3:
996 3783 1066 3833 ircbc
1093 3783 1201 3844 capisa-

120 3850 141 3910 ἲ,
159 3855 180 3914 i,
199 3855 258 3907 iii:
276 3860 332 3908 Iam
348 3859 480 3920 complace
495 3873 575 3908 manu
587 3859 637 3908 cri·
672 3859 801 3919 iim-roam
811 3859 987 3908 incre-Icariis
997 3857 1125 3922 fidelibus,
1144 3856 1199 3918 ubi,

120 3938 169 3974 ueni
184 3935 245 3980 lanei
262 3933 345 3996 insero
361 3935 431 3983 iuno.
673 3933 694 3982 si
712 3931 853 3988 voluisset.
873 3932 923 3983 alia
940 3933 1059 3984 irriderer
1070 3931 1143 3981 haud
1154 3933 1202 3981 mi·

674 4021 723 4058 nus
741 4009 802 4071 apia
821 4007 919 4071 eligere
938 4006 1099 4072 potuisseizl
1117 4004 1160 4056 vel
1178 4007 1200 4056 si

147 4075 185 4125 il.
202 4080 242 4128 ΞΞ.
265 4082 361 4146 dcccxi]
375 4083 562 4134 «adoreneum
575 4095 637 4132 ver·
674 4079 838 4144 explicamus
864 4082 897 4132 de
928 4081 1044 4147 procella
1070 4079 1104 4130 ab
1131 4081 1201 4130 Euro

121 4152 230 4212 Sellium
248 4158 278 4205 ut
294 4157 341 4206 0d.
361 4156 389 4217 3,
409 4159 454 4217 Ξ7,
474 4158 518 4207 48;
540 4159 637 4206 Procris
674 4155 735 4206 inde
753 4170 786 4206 ex
804 4159 885 4206 maris
903 4157 1046 4206 lladriaoiii
1064 4156 1123 4206 sinu
1140 4167 1202 4202 con-

121 4220 198 4274 Orion.
216 4229 297 4292 Epod.
318 4231 362 4290 45,
382 4232 410 4280 7;
434 4232 519 4281 nemis
534 4232 637 4293 inferius
674 4231 762 4287 citata,
781 4243 850 4294 quae
869 4232 1025 4293 naufragum
1043 4229 1152 4278 landem
1169 4227 1201 4276 il-

122 4295 198 4348 Ou'ou.
211 4301 278 4365 virg.
290 4307 355 4355 Aen.
367 4306 390 4364 7,
406 4305 468 4354 ile:
488 4306 583 4354 Saeuus
594 4305 636 4353 ubi
674 4304 719 4354 lud
737 4305 770 4353 ad
792 4304 853 4354 litus
870 4304 1003 4354 delulerii.
