2986 4974
505 393 564 444 tto.
589 395 606 442 Ι,
643 394 671 444 C.
691 393 800 444 XXXll'.

426 773 662 836 cm
685 773 879 836 um.

279 945 400 1010 Parcus
424 941 560 1008 deorum
584 943 687 1010 cultor
708 954 741 1010 et
764 943 963 1032 infrequens.

281 1065 472 1131 insanientis
494 1063 572 1130 dum
594 1065 771 1152 sapientiae

322 1185 495 1252 Consultus
518 1206 609 1262 erre,
634 1207 719 1252 nunc
742 1197 920 1253 retrorsum

362 1307 440 1374 Vela
462 1307 541 1372 dare
564 1315 662 1394 etque
685 1308 803 1376 iterare
825 1329 941 1375 cursus

171 1487 280 1538 XXXIV.
317 1489 400 1536 luscr.
424 1485 493 1549 volg.
517 1486 556 1537 Au
577 1500 603 1536 se
625 1488 715 1549 innan.
743 1515 770 1524 -
789 1488 828 1536 Ad
846 1489 982 1536 Fortarnorn
999 1491 1022 1536 et
1039 1501 1064 1536 ae
1080 1489 1162 1550 iprum

140 1564 183 1612 ST.
210 1563 294 1624 (idem
312 1564 332 1612 T
349 1563 376 1612 in
397 1564 530 1626 margine:
557 1561 611 1612 Hac
633 1563 679 1612 ode
694 1562 820 1626 sipnitlcut
835 1575 861 1611 se
873 1561 1055 1624 penneltun
1071 1575 1159 1626 agne,

139 1639 202 1698 qnod
217 1639 363 1700 epicureum
378 1643 471 1688 sectum
487 1641 584 1687 medua
600 1637 755 1700 imeiipionra
771 1636 914 1700 salonit.)

138 1795 243 1845 XXXlV.
270 1795 381 1846 Fulmen
403 1809 452 1860 per
468 1796 567 1848 sudum
585 1798 632 1847 de·
668 1797 818 1861 infrequens]
846 1796 910 1859 equi
931 1809 992 1845 raro
1012 1795 1126 1846 deorum
1144 1793 1193 1843 dc-

110 1870 214 1920 missum
240 1870 395 1934 religiosum
421 1871 472 1921 sibi
498 1873 630 1923 terrorem
668 1870 744 1921 lubra
768 1871 853 1920 adit.»
887 1871 915 1920 ln
940 1867 1114 1921 iormularum
1134 1882 1193 1920 ser-

110 1943 244 1994 incussisse
268 1945 346 2004 dicit,
369 1947 403 1994 ita
428 1947 457 1995 ut
473 1946 577 2010 Epicuri
595 1947 629 1998 de
668 1957 747 1996 mone
766 1947 843 1996 Festo
861 1947 928 1996 teste
945 1945 1089 2008 infrequens
1099 1942 1193 2008 appel-

109 2015 153 2067 diis
173 2020 349 2081 seutentiam,
378 2019 440 2070 olim
461 2019 512 2070 sibi
529 2020 630 2084 proba·
667 2019 772 2069 labatur
789 2018 879 2079 miles,
900 2019 961 2082 «qui
979 2017 1056 2068 abest
1067 2017 1190 2068 aluitvea

109 2093 157 2140 tum
174 2093 206 2154 (r.
226 2094 324 2154 Sati,
344 2095 372 2154 5,
396 2095 457 2143 tot:
481 2095 538 2144 deor
554 2096 629 2144 didici
666 2095 773 2156 signis.»
809 2093 947 2142 sed-haec
965 2093 1135 2155 significatio,
1163 2095 1192 2142 ut

107 2179 214 2216 terrm
230 2182 309 2232 apere
326 2169 448 2232 uerum),
467 2182 520 2219 non
537 2172 628 2221 tamen
665 2171 738 2220 recte
755 2168 821 2218 vidit
838 2168 962 2230 Lessing,
982 2166 1044 2216 nihil
1062 2166 1096 2216 ad
1110 2168 1193 2217 llore-

109 2253 209 2292 omnem
228 2243 335 2307 Epicuri
353 2243 502 2294 doctrinam
515 2257 541 2292 v.
554 2257 578 2293 c.
593 2245 627 2296 de
665 2245 731 2294 tium
749 2243 850 2293 attinet.

108 2308 191 2386 ἡδονῇ
209 2321 261 2367 cet.
281 2319 432 2368 retecturus
449 2319 492 2368 sit.
527 2317 627 2370 Nullius
697 2320 722 2368 2.
759 2315 1092 2380 locucionis-sapientiae]
1111 2314 1189 2378 Apud

107 2389 204 2440 iurabat
215 2393 240 2442 iu
253 2391 339 2441 verba
352 2394 477 2454 magistri.
495 2393 626 2444 Graecum
664 2395 769 2444 Lucret.
796 2393 825 2454 t,
854 2393 894 2441 ⁴0.
938 2391 1042 2454 Epicuri
1069 2389 1189 2440 doctrina

108 2463 207 2529 aliquod
237 2466 378 2531 exemplar
408 2469 516 2532 poetam
547 2481 627 2532 secu·
663 2469 725 2517 nar
737 2462 844 2532 ἐξοχὴν
859 2467 1116 2528 sopientiorocatur3
1135 2465 1187 2514 iarn

105 2541 155 2589 tum
172 2553 231 2591 esse
250 2541 380 2605 equidem
403 2555 455 2592 non
473 2546 551 2606 puto,
576 2542 626 2594 sed
663 2542 741 2592 huius
766 2542 971 2605 perversitatem
993 2540 1188 2603 significaturus

105 2625 188 2665 veram
219 2617 305 2666 animi
338 2618 547 2668 commotionem
576 2631 626 2682 per
662 2617 825 2667 inanimalem
851 2615 980 2681 appellat,
1008 2617 1038 2665 ut
1062 2611 1185 2676 Aeschyl.

104 2687 277 2756 φαινόμενον
296 2689 360 2741 illud
377 2695 521 2743 excitatam
539 2691 574 2742 ab
592 2707 624 2744 ee
662 2695 749 2743 Prom.
769 2691 825 2742 did.
846 2694 873 2741 et
895 2690 983 2754 Eurip.
1007 2689 1088 2753 lphig.
1110 2690 1186 2738 Taur.

103 2775 250 2828 expressam
268 2779 340 2817 esse.
363 2768 493 2817 Nimirum
505 2767 549 2817 hic
560 2781 626 2831 quo-
661 2767 723 2817 too:
743 2759 851 2837 ἄχαριν
867 2761 961 2836 χάριν.
976 2764 1041 2815 ibid.
1056 2765 1119 2815 832:
1138 2759 1190 2812 dci·

103 2850 150 2900 que
173 2843 285 2903 poetam
310 2841 376 2902 egit;
404 2841 541 2905 quomodo
566 2843 624 2892 ani·
660 2843 722 2912 κρυ·
747 2836 886 2911 ἁδάκροα.
923 2839 1004 2904 Soph.
1027 2840 1098 2889 Alae.
1122 2838 1184 2887 665:

103 2915 182 2963 matus
200 2913 282 2964 luerit
302 2913 345 2965 illo
366 2914 506 2965 dumtaxat
523 2919 624 2979 puncto
660 2915 774 2987 ἐχθρῶν
786 2911 885 2987 ἄδωρα
896 2910 983 2985 δῶρα.
1002 2915 1110 2976 Gregor.
1122 2911 1184 2962 Naz.

102 2987 235 3051 temporis,
254 3001 311 3052 quo
328 2989 380 3039 hoc
398 2988 514 3041 lulmtnis
531 2993 625 3040 osten·
660 2995 759 3043 tnvect.
786 3005 826 3056 pr.
854 2992 881 3041 in
907 2989 998 3040 lulian.
1026 2987 1074 3039 Ed.
1102 2987 1183 3037 Paris.

103 3061 152 3110 tum
169 3063 282 3124 accidit,
309 3063 387 3116 uobis
411 3066 533 3128 exponit;
560 3078 623 3115 nam
661 3067 733 3116 tris.
756 3081 782 3131 p.
806 3067 851 3116 79:
878 3058 1009 3126 ἄσοφος,
1036 3061 1070 3112 t'r'
1094 3054 1186 3124 οὕτως

103 3137 289 3198 “consemionem
308 3138 367 3201 fidei
388 3139 414 3187 in
430 3139 518 3188 melius
537 3145 623 3189 mcu-
660 3136 815 3206 ὂνομάσω,
843 3142 944 3202 σοφία.
975 3139 1029 3189 Cic.
1055 3137 1089 3186 da
1112 3137 1183 3186 Orat.

102 3211 163 3269 tuen,
181 3213 211 3260 ut
228 3211 380 3261 Christiano
398 3213 479 3263 modo
497 3213 549 3263 hoc
566 3227 624 3264 ear-
659 3216 683 3278 3,
702 3217 743 3266 te:
763 3217 883 3277 innuptae
898 3215 1009 3276 nuptiae.
1028 3209 1138 3274 Philipp.
1159 3211 1183 3272 l,

102 3295 158 3332 men
182 3286 319 3349 inscripsit
344 3287 475 3350 interpres
502 3289 620 3351 quidem,
658 3293 684 3353 a,
697 3293 721 3341 s:
740 3291 864 3353 insepulto
876 3289 1013 3352 npuuura.
1033 3285 1106 3337 Ouid.
1121 3287 1182 3337 liet.

101 3367 145 3406 uos
164 3359 206 3408 hic
232 3373 286 3409 non
310 3362 487 3423 agnoscimus.
528 3365 621 3427 Neque
659 3367 692 3427 Ξ,
719 3366 785 3416 oti:
814 3365 956 3427 iniectaque
985 3365 1052 3414 iusta
1075 3361 1181 3425 pnepit.

101 3441 158 3481 vero
180 3434 260 3484 nimis
284 3437 422 3498 precariae
446 3450 542 3488 eorum
563 3439 622 3502 opi·
658 3441 750 3490 Boetia.
772 3441 851 3490 Cous.
871 3440 917 3489 Ph.
937 3440 966 3500 2,
986 3437 1014 3490 l:
1038 3435 1185 3488 mortalium

101 3503 164 3555 aioni
180 3509 349 3571 accedimus,
375 3511 420 3574 qui
438 3511 537 3562 iidmen
558 3511 621 3563 illud
657 3529 745 3564 rernm
760 3515 854 3564 misera
876 3514 1009 3564 beatitudo.
1045 3511 1183 3563 Contraria

101 3577 203 3640 figurate
226 3583 262 3633 de
280 3586 420 3648 repentine
439 3585 560 3636 iortuuae
580 3589 621 3637 vi-
658 3590 759 3640 rationa
783 3588 872 3652 Eurip.
896 3589 993 3638 Bacch.
1018 3587 1064 3636 65:
1092 3581 1184 3636 πόνον

101 3653 247 3708 cissitudiue
255 3659 442 3722 accipiendum
449 3673 509 3711 esse
517 3664 618 3714 rentur.
658 3658 730 3729 ἡδὺν
747 3659 888 3727 Κάμανόν
904 3665 927 3712 ν’
946 3656 1119 3725 εὐκάματον.

100 3726 181 3792 Longe
207 3735 279 3783 euim
305 3733 403 3785 clarius
427 3735 479 3785 hoc
502 3747 518 3786 a
540 3739 619 3800 poeta
690 3739 714 3789 3.
744 3738 882 3800 supientiae
899 3736 1037 3800 Connnnn]
1056 3738 1128 3787 Neve
1141 3735 1184 3786 di-

101 3803 297 3864 significandum
329 3807 429 3860 fuisset.
462 3837 488 3846 -
518 3811 619 3873 Dignus
657 3815 743 3872 ctum,
762 3813 1025 3870 stramenticium
1045 3813 1182 3862 «versatus

101 3879 150 3938 est,
175 3882 221 3944 qul
243 3883 277 3932 de
299 3884 352 3933 hoe
368 3885 488 3934 carmine
505 3883 618 3949 legatur,
656 3888 683 3937 in
700 3901 731 3936 ea
751 3886 896 3938 doctriua·
915 3887 968 3937 Liv.
989 3887 1034 3946 40,
1053 3887 1097 3936 ti:
1119 3887 1184 3936 iuris

101 3949 201 4017 Lessing
217 3957 356 4022 limaeam
371 3959 414 4008 des
430 3959 524 4010 Horas.
550 3961 616 4024 Opp.
656 3967 732 4024 aque
748 3961 903 4024 eloquentiae
918 3963 1052 4012 cannatae.
1074 3963 1179 4012 Petron.

100 4024 138 4074 ed.
153 4029 260 4080 Laetam.
276 4033 317 4082 tv.
331 4045 357 4096 p.
371 4031 412 4084 tt.
432 4061 459 4070 -
477 4035 618 4100 (Scriptum
657 4037 686 4086 C.
700 4036 745 4085 89:
764 4035 808 4086 titt
819 4041 842 4087 et
852 4037 989 4099 sapientiae
1000 4035 1182 4086 comanissimc

99 4099 197 4153 ridetur
214 4119 238 4154 a.
258 4119 285 4156 u.
305 4119 329 4156 c.
348 4107 397 4158 73⁰
413 4107 456 4159 vel
474 4109 541 4172 734.)
654 4109 717 4160 vic?
736 4137 763 4146 -
779 4111 846 4176 οννο]
860 4114 943 4162 «Dum
956 4111 1033 4174 quasi
1044 4123 1094 4174 per
1105 4123 1180 4160 mare

129 4176 151 4224 l.
177 4179 279 4243 Ρονοιιν]
306 4182 421 4246 «exigua
447 4184 550 4233 tantum
574 4196 619 4234 sa·
656 4183 727 4234 nullo
740 4184 1038 4248 certeconsiliovegor,
1058 4187 1181 4235 nuncre-

101 4247 206 4307 ennete,
231 4254 392 4318 siquando.
418 4255 562 4308 efferens.»
590 4285 616 4294 -
655 4261 723 4310 uerti
741 4273 822 4323 cogor
838 4260 873 4311 ad
891 4261 1025 4312 seniorem
1043 4259 1112 4310 illam
1136 4272 1180 4308 ra-
