3002 4974
513 503 572 552 ute.
592 503 622 552 ll.
659 503 687 552 C.
708 503 784 552 xvu.

452 940 853 1004 emmu-

239 1113 305 1180 Cur
326 1131 377 1178 me
401 1109 545 1200 querelis
568 1110 732 1176 exanimas
757 1109 848 1175 tuis?

238 1236 304 1302 Nee
326 1233 376 1299 dis
399 1233 538 1300 amicum
560 1241 610 1298 est
632 1251 693 1298 nec
714 1231 792 1302 mihi
814 1241 844 1298 te
867 1232 957 1319 prius

283 1355 402 1432 Obire,
427 1355 612 1430 Maecenas,
636 1373 782 1420 mearum

323 1475 453 1545 Grande
475 1475 577 1542 decus
599 1473 814 1562 columenque
837 1495 954 1541 rerum.

238 1637 287 1704 lh
308 1627 455 1703 telmeso
478 1635 503 1702 si
527 1643 653 1721 partem
674 1633 801 1700 animae
824 1633 909 1721 rapit

240 1759 393 1826 Maturior
413 1758 478 1835 vis,
503 1753 581 1843 quid
603 1774 713 1821 moror
735 1753 850 1832 altera,

280 1883 347 1948 Nec
370 1900 465 1947 carus
487 1897 593 1966 aeque
615 1899 677 1946 neo
699 1887 866 1965 superstes

174 2063 252 2114 xvu.
271 2062 353 2111 inser.
366 2058 435 2122 vulg.
454 2059 492 2108 Ad
510 2059 692 2118 Maecenatem,
712 2061 739 2108 et
755 2059 794 2108 sic
810 2055 892 2107 obse.
915 2085 942 2094 —
959 2059 997 2108 Ad
1013 2060 1165 2109 Mccmntem

137 2137 288 2201 porenetioe
303 2128 512 2204 (adamantini)
530 2133 661 2182 wauceles
671 2134 699 2182 Τ.
715 2159 742 2168 -
762 2134 785 2182 4.
800 2132 969 2195 ᾳιωνο444444Τ,
984 2161 1010 2170 -
1023 2135 1047 2183 5.
1062 2133 1126 2183 flate
1137 2135 1164 2194 d,

138 2213 171 2262 At
188 2215 212 2260 te
229 2211 255 2259 S.
276 2211 320 2273 (ot
337 2222 399 2270 uos,
417 2207 516 2270 Bch.)
541 2233 568 2242 -
587 2209 611 2256 6.
629 2207 736 2258 durem
753 2206 837 2256 Codd.
855 2206 915 2270 aliq.
936 2207 1028 2270 (nostri
1045 2209 1117 2270 non.)
1139 2236 1165 2243 —

141 2286 200 2348 (Vv.
219 2285 294 2334 7-9.
314 2283 412 2334 desunt
428 2283 454 2332 in
472 2282 511 2344 Β.)

139 2445 219 2494 xvll.
240 2441 444 2506 congratulatur
461 2441 557 2502 arnico,
575 2453 637 2491 curn
676 2441 705 2500 4,
725 2439 765 2490 36.
790 2466 817 2476 -
843 2439 947 2490 Primus
964 2453 1058 2491 versus
1076 2443 1140 2492 satis
1157 2443 1199 2492 in-

109 2531 139 2568 ex
163 2517 240 2582 gravi
263 2516 358 2566 morbo
382 2514 574 2576 convaluisset,
601 2516 637 2566 si·
675 2513 747 2564 dicat
769 2515 906 2564 Horatium
929 2513 1001 2578 loqui
1024 2515 1058 2565 do
1076 2515 1200 2566 diuturno

109 2591 219 2656 mulque
245 2603 307 2641 eum
331 2589 461 2641 consolari
485 2589 575 2641 studet
596 2591 637 2640 at-
675 2591 835 2642 llaecenatis
861 2589 969 2650 morbo,
996 2603 1049 2641 non
1075 2592 1109 2642 de
1136 2605 1200 2644 casu

109 2679 159 2730 que
187 2666 322 2726 hortatur,
356 2679 390 2714 ne
416 2663 533 2727 querelis
559 2663 637 2714 nimis
675 2663 764 2730 aliquo
789 2666 940 2730 repentino,
967 2665 1013 2728 qui
1039 2667 1149 2717 exitium
1175 2669 1200 2717 ei

109 2738 254 2803 indulgeat.
297 2737 394 2789 Plinius
418 2740 448 2789 H.
476 2737 506 2788 N.
532 2739 560 2800 7,
587 2739 634 2787 tt:
676 2740 791 2790 minatus
808 2740 849 2790 sit.

111 2815 265 2878 mamalum
279 2817 403 2876 nepetae
418 2813 556 2876 smrtseat,
574 2813 637 2862 dent
707 2817 763 2866 2-5.
791 2817 900 2866 nmmum
925 2816 967 2880 est]
994 2829 1044 2880 pro
1071 2816 1198 2881 «placet»,

109 2891 133 2940 C.
144 2887 296 2940 Maecenati.
309 2888 396 2938 Eidem
407 2889 514 2938 triennio
522 2901 637 2950 etpremo
675 2891 776 2940 Graeco
794 2890 883 2940 modo.
909 2888 981 2939 lliad.
1000 2906 1026 2950 ι,
1044 2891 1090 2941 23:
1118 2883 1199 2941 Οὕτω

108 2965 176 3013 nulio
188 2963 266 3012 torae
280 2967 402 3012 monnento
412 2963 516 3026 condeit
525 2975 634 3012 romnus.
674 2977 731 3014 non
754 2961 800 3014 An
821 2961 919 3030 μέλλει
942 2957 1096 3034 ὑπερμενέϊ
1113 2963 1200 3026 φίλον

109 3040 212 3088 Seneca
229 3037 296 3100 Epp.
316 3037 377 3087 tor:
396 3037 456 3087 lnde
466 3037 528 3086 ittud
538 3037 637 3086 Maeee-
675 3034 756 3089 εἶναι.
778 3066 805 3074 -
825 3041 926 3089 Grande
943 3039 1024 3102 decio]
1043 3039 1096 3090 Cir.
1113 3040 1159 3090 Od.
1175 3042 1198 3101 t,

108 3113 175 3162 nutis
192 3111 364 3173 tnmndmum
379 3115 477 3172 notun,
497 3124 545 3172 qno
562 3115 586 3159 et
597 3111 637 3159 de-
674 3115 704 3174 4,
722 3113 747 3162 2.
769 3139 796 3148 -
815 3113 983 3176 columenque]
1002 3113 1044 3162 Sic
1062 3113 1133 3177 apud
1148 3114 1200 3162 Lu-

108 3187 229 3236 tititntem
245 3199 296 3235 non
311 3185 637 3248 reeusatetdeformitotem
674 3187 742 3237 aian
767 3187 833 3236 lim.
858 3186 899 3237 5⁰.
924 3188 1018 3236 Timon
1038 3183 1199 3238 vocaturn&

109 3267 131 3311 et
148 3261 280 3310 monete
301 3265 403 3310 omnam
424 3273 535 3321 mncnn,
562 3259 637 3308 damn-
673 3255 794 3332 ἶρεισμα
810 3254 1046 3326 τῶνἈθηναίων.
1072 3261 1145 3313 Pind.
1160 3261 1197 3312 Ol.

107 3337 182 3386 modo
205 3335 272 3384 inter
291 3335 352 3384 tuac
368 3333 439 3384 moto
455 3335 558 3397 spiritns
570 3347 636 3397 pro-
673 3337 698 3398 2,
709 3337 736 3386 6:
757 3329 1200 3407 Θήρωνα--ἔρεισμἺκράγαν-

107 3414 228 3474 roaetw:
248 3407 373 3459 «Debilem
388 3409 465 3472 sonito
479 3421 569 3470 menn,
587 3409 637 3458 De-
673 3424 731 3472 τος.
753 3440 780 3448 -
794 3415 896 3474 partem
906 3411 1019 3475 animae]
1038 3411 1086 3462 Od.
1098 3413 1121 3472 4,
1134 3412 1159 3472 3,
1172 3413 1196 3462 8.

108 3483 182 3535 tuan
189 3485 266 3546 pede,
280 3497 363 3542 cono5
378 3483 459 3533 Tuber
469 3485 572 3534 adstrue
584 3483 638 3548 aib-
706 3485 730 3534 6.
757 3486 886 3535 deterior
907 3485 953 3549 vie]
979 3485 1025 3534 uSi
1048 3483 1094 3535 leti
1114 3487 1154 3536 vis
1172 3489 1198 3536 te

109 3559 209 3620 beram,
231 3557 351 3609 taonem
367 3563 442 3620 quote
459 3560 554 3608 denter:
581 3559 637 3607 Vite
674 3559 750 3610 citius
773 3572 854 3622 quam
878 3573 922 3610 me
946 3561 1107 3624 exstinguet,
1134 3561 1199 3624 quid

108 3635 169 3684 dum
184 3637 309 3696 monost,
328 3633 387 3683 tene
404 3635 454 3683 esti
479 3633 550 3682 Hanc
564 3633 634 3693 miti,
674 3647 723 3698 ago
744 3632 826 3684 altera
848 3635 926 3685 unius
947 3634 1123 3699 eiusdemque
1141 3637 1199 3686 ani·

108 3708 147 3756 cet
162 3711 241 3756 amna
256 3707 285 3756 St
301 3707 400 3756 sedeam
416 3721 498 3768 cneco,
516 3707 634 3756 uuonan
674 3721 733 3758 mae
746 3711 867 3759 nostrum
878 3709 1020 3760 amborum
1032 3723 1096 3774 pars
1107 3711 1133 3760 in
1144 3712 1197 3760 u'ta

109 3781 243 3845 Scriptum
260 3783 302 3830 est
318 3793 428 3832 carmen
446 3795 470 3830 a.
488 3780 634 3842 u.c.728.,
671 3784 837 3833 remaneat»
876 3783 949 3834 Falso
978 3784 1102 3835 acumine
1131 3785 1198 3834 Bur-

110 3858 237 3906 censente
256 3857 380 3916 Praelata,
403 3855 460 3906 aliis
481 3853 635 3905 auctoribus
672 3870 786 3908 mannus
804 3859 831 3906 et
848 3858 1057 3922 Coninghamius
1077 3859 1193 3908 atterum

109 3944 133 3980 a.
147 3929 329 3981 relevaret.
344 3931 397 3980 Cir.
416 3943 486 3980 nunc
499 3930 634 3980 Frandseu
672 3931 721 3991 Qui
730 3943 794 3980 vero
804 3934 1018 3982 construxerunt:
1032 3933 1196 3994 commoror,

110 4005 252 4054 Maecenas
269 4016 295 4067 p.
314 4005 455 4054 too-aue.
672 4005 753 4054 attera
773 4003 871 4068 (ablat.)
889 4019 934 4056 nec
948 4019 1024 4057 cumn
1037 4019 1124 4068 aeque,
1144 4018 1196 4056 non

142 4081 166 4129 4.
185 4079 326 4143 asenneus]
345 4079 504 4130 «conturbas
523 4080 549 4128 et
563 4091 635 4130 surn-
672 4079 917 4130 animadvertamnt
947 4081 998 4130 hac
1026 4081 1197 4132 distractione

111 4165 155 4203 mo
172 4165 296 4203 maerore
314 4153 423 4204 allicis.»
442 4154 495 4204 Cic.
514 4167 564 4218 pro
581 4151 632 4202 uit.
670 4154 862 4217 ingratissimos
888 4154 1003 4206 evadere
1026 4166 1153 4204 numeros
1171 4155 1198 4202 et

111 4227 133 4290 5.
144 4227 190 4276 93:
208 4228 289 4277 Heu
300 4228 636 4278 enoninmntettnterimnnt
671 4229 782 4279 modum
800 4241 860 4280 esse
882 4241 1013 4293 perquam
1035 4229 1194 4278 contortum.

110 4303 633 4364 haematitarumqnaenndioasndne.
703 4304 728 4354 i.
763 4313 839 4353 eurio
869 4304 961 4367 necne]
992 4307 1094 4366 «atquo
1121 4303 1195 4366 prius

110 4377 151 4426 Sic
169 4376 250 4427 etiam
266 4378 367 4427 annone
383 4379 488 4427 Terent.
506 4376 589 4428 Andr.
608 4376 632 4437 4,
673 4390 773 4427 eram.»
808 4378 914 4428 Dictum
932 4378 974 4428 est
990 4378 1019 4425 ut
1035 4377 1100 4440 epp.
1122 4377 1149 4436 4,
1169 4375 1192 4438 3,

194 4469 287 4514 nonar.
305 4481 360 4515 ron.
380 4469 396 4513 l.
428 4467 613 4515 animaelli.
995 4469 1023 4512 20
