2986 4974
316 453 379 519 228
703 450 832 501 aonnrn
851 449 1019 502 caniuuuu

571 579 719 656 Laetitia,
742 579 896 644 moriture
915 576 1017 652 Delli,

488 741 551 806 Seu
575 747 717 804 maestus
740 737 825 802 omni
848 747 994 823 tempore
1017 733 1152 811 vixeris,
1371 737 1387 796 5

488 861 553 926 Seu
575 871 606 925 te
629 860 660 923 in
683 868 806 925 remoto
829 857 973 946 gramine
996 878 1055 944 per
1077 856 1148 922 dies

529 985 641 1048 Festos
664 979 852 1046 reclinatum
873 978 981 1046 bearis

570 1102 725 1168 interiore
748 1111 822 1167 nota
845 1100 980 1167 Falerni.

487 1262 559 1340 Quo
581 1261 677 1347 pinus
699 1261 812 1348 ingens
834 1259 972 1348 albaque
999 1260 1138 1348 populus

380 1537 482 1660 latito
499 1535 625 1595 BbSTud,
651 1547 745 1585 omnes
762 1532 885 1592 Bentleii,
914 1534 960 1583 Ct:
990 1547 1042 1596 qua
1058 1535 1090 1595 L,
1110 1548 1125 1582 e
1144 1533 1263 1586 Lambini
1281 1535 1361 1586 Codd.

344 1612 397 1660 lien
422 1649 444 1672 .,
463 1612 496 1662 bl.

344 1863 368 1914 ι.
387 1860 656 1925 moriter01n0uando
669 1859 778 1924 quidem
791 1861 838 1911 tibi
875 1864 1008 1912 commate
1040 1863 1102 1926 post
1129 1875 1154 1912 v.
1183 1861 1286 1912 Faumt
1311 1862 1391 1926 posito

314 1949 422 2001 quoque
434 1935 605 1986 moriendum
617 1937 658 1985 est
668 1949 700 1985 ac
715 1937 839 1999 propter·
874 1937 1012 2000 stropham
1029 1937 1134 1986 tertiam
1151 1937 1262 1999 iungunt
1278 1949 1342 1988 cum
1353 1949 1392 1988 se-

311 2025 342 2061 ee
367 2008 430 2060 nihil
457 2013 482 2060 te
505 2009 595 2059 iuvant
614 2023 665 2060 nec
682 2009 838 2060 sollicitudi-
874 2011 975 2064 cunda:
989 2011 1039 2061 sed
1047 2012 1158 2075 propter
1168 2009 1307 2061 meliorem
1319 2012 1392 2062 totius

311 2097 369 2148 nes,
387 2097 476 2148 neque
489 2083 572 2134 effusa
583 2083 706 2134 laetitia.»
728 2085 836 2135 cornice
873 2086 976 2150 periodi
1014 2087 1135 2150 poeticae
1173 2087 1391 2136 constructionem

311 2161 381 2210 hanc
398 2160 567 2220 sententiam,
587 2172 656 2222 quae
669 2160 740 2224 apud
752 2161 837 2210 liora-
873 2163 1011 2225 praestare
1028 2161 1135 2210 videtur
1152 2163 1244 2211 nostra
1255 2161 1390 2217 distinctio,

310 2236 377 2286 lium
395 2237 450 2285 tam
473 2233 569 2284 crebro
581 2235 723 2298 reperitur,
742 2237 780 2287 sic
793 2249 837 2285 ex·
873 2247 955 2298 quam
972 2235 1093 2298 sequitur
1110 2236 1190 2286 etiarn
1206 2235 1230 2284 J.

310 2310 408 2376 pressit
433 2309 540 2360 Plautus
562 2309 685 2360 Bacchid.
712 2324 738 2359 v.
759 2311 791 2371 c,
809 2311 834 2372 2,
906 2310 930 2360 9.
951 2313 1004 2372 Quo
1017 2310 1103 2373 pinus]
1121 2311 1163 2360 Sic
1180 2309 1260 2360 Libri.
1286 2312 1344 2372 (ιω
1362 2310 1391 2372 (ut

309 2383 836 2446 '15:Nontibiveuitinmenmomo-
873 2383 920 2435 Od.
940 2385 964 2446 3,
983 2384 1008 2446 3,
1027 2384 1059 2436 ιθ
1078 2387 1105 2435 et
1121 2385 1162 2446 30,
1184 2385 1224 2434 to.
1259 2383 1390 2452 Tibulli,

309 2458 349 2520 bo,
367 2459 410 2519 Si,
429 2459 489 2508 dun
504 2458 590 2518 vivos,
609 2459 652 2506 tibi
664 2457 728 2507 'bene
743 2459 834 2522 sadus,
872 2461 896 2520 5,
915 2459 966 2523 96.)
985 2474 1000 2510 c
1018 2461 1087 2512 coni.
1101 2460 1239 2510 dumtaxat
1250 2461 1390 2523 repositum
1477 2461 1478 2488 ι

308 2534 365 2583 iam
378 2533 424 2594 pol
440 2532 467 2580 id
483 2532 583 2592 quidem
607 2544 657 2581 esse
683 2532 752 2581 band
772 2547 835 2595 per-
871 2533 991 2595 videtur,
1016 2536 1065 2585 etsi
1082 2534 1227 2585 Lambinus
1244 2533 1329 2585 libros
1348 2545 1390 2597 ap-
1477 2565 1478 2578 ι

309 2606 757 2670 tonptnquum:Nequeatboclnodie
768 2609 836 2658 omi-
871 2607 959 2672 pellat.
973 2607 1048 2660 Falso
1057 2607 1134 2672 volgo
1144 2607 1288 2672 explicant:
1304 2609 1391 2660 «Ferre
1477 2583 1478 2632 l

309 2682 383 2743 seria,
407 2685 466 2743 post
492 2681 519 2729 in
535 2681 617 2731 Morte
641 2681 668 2729 ιιι
690 2685 836 2732 occeanum
870 2683 934 2733 iube
951 2684 1012 2733 vina
1029 2696 1071 2746 eo,
1088 2684 1131 2732 ubi
1149 2687 1231 2742 cet.»;
1257 2697 1308 2733 nec
1330 2696 1388 2734 uero

312 2769 362 2807 ΝΘ
383 2754 518 2816 Mittam?
872 2758 1034 2821 iungendum
1063 2761 1121 2808 erat
1148 2771 1211 2808 cum
1241 2757 1391 2822 praecedo,
1477 2783 1478 2828 3

343 2831 368 2879 5.
388 2829 412 2879 6.
430 2828 547 2891 mumius]
567 2828 620 2879 Cir.
639 2828 687 2878 Od.
706 2830 833 2894 nutu,
872 2831 995 2882 videlicet
1022 2833 1080 2883 sine
1114 2834 1321 2896 interrogatione
1349 2845 1392 2893 qao
1477 2835 1478 2884 ι

309 2903 381 2954 unde
408 2904 489 2953 etium
512 2903 556 2952 bic
581 2902 699 2954 nonnulli
722 2903 835 2956 Dellium
871 2909 1002 2971 pronatae,
1029 2921 1080 2957 nec
1099 2909 1151 2969 Quo
1168 2907 1391 2971 interpretandum

309 2976 473 3041 aegritudine
485 2977 566 3028 animi
578 2990 737 3041 oppressum
754 2979 834 3029 tuisse
872 2994 922 3043 quo
938 2981 999 3042 loci,
1018 2983 1047 3031 ut
1064 2983 1106 3031 est
1122 2994 1187 3032 sane
1203 2981 1275 3045 apud
1293 2983 1348 3032 Cic.
1362 2980 1391 3030 de
1477 2975 1478 3024 l

309 3054 366 3104 sine
383 3055 458 3104 certo
476 3056 632 3117 argumento
650 3054 699 3103 rati
717 3055 786 3104 sunt.
805 3079 833 3088 -
872 3057 958 3107 Divin.
976 3057 1006 3117 ι,
1026 3056 1072 3106 66:
1092 3058 1237 3118 eucrocia
1254 3057 1393 3106 locinoeco
1477 3039 1478 3074 l

308 3130 335 3178 in
351 3129 447 3179 retecto
463 3127 588 3192 promitte]
614 3128 655 3178 «in
672 3129 749 3192 prato
770 3140 836 3191 pro-
871 3136 958 3191 retur,
980 3130 1007 3180 id
1025 3133 1082 3192 est,
1105 3130 1203 3181 «ubi».
1238 3131 1305 3182 vide
1322 3129 1391 3182 iupa,

309 3207 369 3268 pter
396 3205 484 3268 ipsam
512 3202 683 3254 solitudinem
711 3203 835 3266 pergrato
872 3197 956 3260 Fingit
978 3197 1056 3260 igitur
1078 3195 1129 3246 sibi
1152 3196 1241 3246 locum
1263 3196 1392 3248 amoenis·
1477 3239 1478 3252 ,

310 3277 359 3338 illi,
390 3280 436 3341 qui
464 3275 603 3341 tranquille
632 3278 658 3327 et
686 3289 702 3325 a
728 3276 834 3327 nemine
872 3271 986 3332 simum,
1005 3283 1088 3333 quem
1105 3268 1290 3334 contemplans
1307 3269 1334 3319 in
1350 3269 1392 3319 bas
1477 3267 1478 3304 i

310 3350 493 3415 interpellatus
510 3353 603 3414 potare
622 3351 719 3414 cupit.»
872 3346 1091 3409 interrogationes
1102 3347 1261 3409 prorumpit.
1277 3340 1392 3408 -pioutl

343 3425 367 3476 8.
386 3425 455 3488 cota]
474 3425 586 3474 Nomina
598 3423 753 3486 consulum,
776 3427 836 3489 qui·
873 3419 975 3482 Italica,
1001 3421 1084 3480 Pinie;
1109 3433 1178 3484 quae
1204 3419 1317 3470 arbores
1335 3429 1391 3470 sune

311 3500 362 3550 bus
379 3501 440 3550 nata
458 3501 535 3549 erant
551 3500 625 3560 rina,
650 3499 724 3550 cadis
742 3501 836 3552 inseri-
873 3496 993 3558 ingentes
1003 3497 1101 3546 suntet
1112 3493 1191 3546 simul
1202 3488 1391 3560 ἀμφιλαφειςι
1477 3535 1478 3562 p

311 3573 452 3625 behantur.
471 3576 527 3624 iam
545 3578 757 3626 consentaneum
768 3577 834 3636 erat,
873 3570 907 3620 ci.
926 3563 1002 3622 Vos's.
1022 3570 1057 3620 ad
1068 3571 1139 3634 Virg.
1153 3567 1206 3620 Eel·
1226 3570 1254 3630 72
1274 3570 1324 3620 6⁵²
1339 3565 1392 3632 Ν·
1477 3571 1478 3654 l

310 3649 389 3698 utin
412 3647 548 3711 apothecis
572 3649 631 3699 cadi
648 3650 702 3700 vini
719 3651 835 3700 recentis
871 3645 998 3695 ebenina
1010 3645 1088 3708 piem
1102 3645 1130 3694 in
1146 3644 1232 3694 boetia.
1261 3671 1288 3681 -
1315 3655 1392 3706 popu-
1477 3657 1478 3660 ’

311 3735 420 3787 semper
437 3725 602 3785 ponerentur
612 3727 673 3774 ente
685 3725 759 3788 prius
774 3738 838 3774 con·
872 3721 923 3785 lto]
956 3717 1060 3787 (λεύκῃ)
1086 3719 1192 3784 Virgilio
1211 3717 1266 3770 Ecl.
1297 3719 1326 3780 9,
1352 3717 1390 3768 ii:

311 3796 396 3856 ditos;
421 3797 492 3847 uude
516 3797 610 3860 flebat,
637 3802 666 3849 ut
688 3813 741 3863 quo
758 3801 837 3848 vetu-
872 3797 998 3856 condicio,
1011 3797 1077 3846 Aen.
1090 3797 1119 3857 8,
1132 3795 1193 3846 276:
1211 3793 1316 3844 bicoior.
1335 3791 1392 3843 «Ce-
1477 3797 1478 3852 i

311 3871 393 3923 stiora
416 3875 507 3922 essent
529 3873 603 3934 vina,
631 3887 664 3924 co
681 3873 784 3937 longius
801 3873 835 3924 ab
873 3872 962 3920 lerum
989 3869 1048 3934 lege
1074 3884 1136 3922 cum
1163 3869 1248 3920 C⁰dd·
1275 3868 1391 3929 W»
1477 3861 1478 3942 l

312 3945 380 3996 ostio
392 3947 484 3996 essent
495 3949 598 3997 remota
610 3961 642 3998 ac
654 3947 837 4012 depromenda
874 3958 928 3995 non
944 3944 1062 4008 mleque,
1080 3948 1111 3996 ut
1125 3943 1270 3996 Lambinus
1282 3943 1392 4007 suspice·
1477 3955 1478 3988 t

312 4034 345 4072 ex
368 4020 487 4071 interiore
509 4020 584 4072 cella.
621 4023 687 4074 Hinc
710 4023 791 4073 etiam
808 4025 838 4074 cle
875 4021 918 4068 tur
934 4032 966 4068 ex
981 4019 1067 4082 Epod.
1087 4022 1117 4081 ι,
1137 4020 1182 4069 to:
1206 4019 1277 4070 Altos
1291 4015 1392 4068 monto
1477 4031 1478 4096 j

311 4095 414 4145 meliore
429 4101 491 4146 nota
507 4095 599 4148 Catuli.
622 4098 663 4157 68,
681 4097 722 4148 28.
742 4098 836 4148 Curius
870 4094 983 4156 populos.
1004 4096 1106 4160 Quippe
1123 4093 1185 4145 nibil
1198 4093 1316 4157 trigidius
1326 4089 1392 4141 ossei
1477 4105 1478 4164 f

314 4182 357 4233 ap.
377 4169 431 4219 Cic.
451 4169 486 4220 ad
508 4172 580 4222 Fam.
605 4173 635 4234 7,
658 4172 705 4223 29:
732 4171 837 4234 Sulpicii
874 4169 980 4233 gemino
997 4169 1040 4220 illo
1057 4169 1179 4222 eiusdem
1200 4163 1391 4232 significationis
1477 4209 1478 4218 ,

311 4245 445 4294 ειιοσοιιονι
461 4259 507 4294 nos
523 4247 553 4296 cte
569 4246 671 4298 mdiore
689 4251 751 4297 neto
768 4259 837 4296 com-
874 4245 990 4308 epiibeto
1018 4247 1105 4310 inperia
1129 4244 1262 4306 cunque.»
1305 4243 1389 4292 Burri..
1477 4235 1478 4304 g

312 4318 412 4368 mondo.
432 4318 657 4373 Vid.Excursurn.
673 4319 837 4372 -Nonnulli
874 4321 959 4384 itque
977 4320 1049 4370 idem
1066 4327 1108 4372 est
1124 4319 1250 4370 iudicium
1263 4313 1390 4368 Heinsiiiu
1477 4353 1478 4410 ἦ
