3002 4974
525 453 645 504 mauu.
681 455 770 527 cru.

276 609 426 675 Mercede
448 619 543 696 pacta
565 609 764 684 Laomedon,
789 611 866 676 mihi

323 731 505 819 Castaeqne
527 731 713 797 damnatum
735 732 897 798 Minervae

362 853 443 919 Cum
463 850 585 941 populo
608 862 640 919 et
661 851 745 919 duce
768 853 980 922 fraudulento.

278 1011 343 1076 lam
366 1029 427 1076 nec
449 1011 616 1078 Lacaenae
640 1009 976 1098 splendet'adulterao
1156 1015 1196 1080 itt

279 1134 437 1198 Famosus
459 1131 579 1220 hospes
601 1153 663 1199 nec
685 1133 802 1199 Priami
824 1133 941 1200 domus

322 1254 457 1321 Periura
478 1273 644 1342 pugnaces
666 1253 805 1321 Achivos

364 1375 534 1442 Hectoreis
557 1373 674 1463 opibus
696 1375 854 1464 refringit,

178 1557 219 1608 23.
240 1558 388 1607 molum
405 1552 522 1607 malebat
538 1554 623 1607 Bentl.
644 1583 673 1592 -
690 1555 731 1606 tt.
750 1555 842 1606 Peiora
857 1555 886 1604 T.

108 1717 236 1767 CLllx-
251 1715 399 1776 CLXXVL,
437 1715 538 1764 Paridis
570 1714 637 1765 iudi·
672 1713 768 1764 recidit
784 1715 879 1768 excidii
891 1716 1019 1766 Troianae
1030 1715 1105 1766 urbis
1121 1715 1199 1780 culpa

107 1792 179 1841 cium
197 1791 223 1840 in
241 1787 393 1857 anaglypho
410 1788 481 1854 apud
492 1788 636 1852 ingbirami
674 1789 761 1839 omnis
777 1791 858 1853 alque
882 1789 1049 1853 ignominia.»
1085 1791 1122 1840 lta
1145 1791 1201 1846 iere

108 1865 166 1915 Gal.
186 1866 241 1913 Oro.
261 1864 281 1912 l.
300 1863 328 1913 T.
347 1863 371 1913 9.
674 1863 727 1924 iam
744 1862 900 1914 Lambinus.

138 1938 249 1990 tt—as.
268 1937 442 2002 lopotloerem]
454 1934 527 1987 iliad.
540 1953 560 1997 ι,
573 1935 635 1988 393:
705 1938 746 1988 ae.
765 1939 904 2004 Lacaenae]
923 1937 1122 2003 simplicissima
1134 1941 1201 1989 ratio

107 2011 193 2063 πόλιν
221 2009 254 2062 δέ
281 2025 311 2060 τε
339 2011 397 2081 πῦρ
424 2005 578 2076 ἀμαθύνει.
607 2037 634 2047 -
675 2013 728 2072 est,
747 2014 777 2061 ut
794 2016 998 2063 construamus:
1023 2013 1110 2076 hospes
1126 2015 1202 2064 adul·

106 2103 139 2138 er
154 2087 215 2151 quo]
235 2087 323 2150 Haupt
338 2085 394 2137 volt
410 2099 443 2136 ec
460 2100 525 2150 quo3
545 2099 637 2147 eoquo
673 2091 743 2136 teroe
758 2087 890 2138 toracem
907 2086 1022 2150 (geniti,
1049 2100 1103 2137 non
1119 2101 1199 2138 vero:

107 2161 258 2226 significat:
289 2161 358 2210 «iam
381 2160 442 2211 iude
467 2175 499 2211 ex
517 2174 549 2211 eo
567 2163 638 2211 tem·
673 2160 782 2222 splendet
792 2161 921 2210 murae
938 2161 1047 2224 (dativi,
1067 2161 1139 2224 quod
1153 2175 1201 2212 ex-

108 2249 191 2302 pore,
232 2247 286 2298 quo
310 2235 427 2298 primum
453 2235 526 2286 bauo
551 2233 594 2284 illo
622 2248 637 2284 a
674 2234 790 2299 plicent,
826 2237 922 2285 «iactat
947 2249 976 2286 se
1002 2233 1144 2300 pulchrum
1171 2249 1203 2286 ac

109 2309 295 2362 Laomedonte
312 2309 457 2359 commissa
475 2311 531 2371 est,
549 2308 637 2372 gravis
674 2308 787 2359 nitidum
799 2309 915 2360 Helenae
927 2325 949 2370 ς»
968 2309 1027 2360 vel:
1047 2309 1203 2362 «adulterae

106 2385 172 2437 ultio
190 2385 285 2434 Troiae
308 2383 480 2445 imminebat,
506 2397 576 2447 quae
595 2395 639 2434 ou·
674 2385 786 2448 propter
811 2385 931 2450 eorporis
956 2384 1071 2435 formam
1088 2384 1202 2450 placet.»

107 2461 214 2511 lumilas
232 2458 341 2508 taudem
362 2460 424 2521 post
446 2457 566 2508 ultimam
586 2461 639 2509 Pa·
675 2459 804 2522 semdae,
843 2461 872 2509 ut
900 2471 949 2510 nos
977 2460 1202 2524 interpretamur,

106 2535 173 2585 ridis
200 2532 307 2596 culpam
334 2545 395 2582 eam
418 2531 535 2582 afflixit.»
569 2534 639 2583 Lao-
676 2531 797 2583 absolute
823 2535 881 2584 est:
912 2547 979 2584 «uon
1006 2535 1059 2584 iam
1083 2534 1205 2600 superbit

109 2609 210 2660 medon
229 2605 332 2657 scilicet
348 2608 501 2670 Neptunum
519 2609 547 2657 et
561 2606 640 2671 Apol·
676 2608 795 2672 corporis
814 2607 899 2658 torma
917 2610 1015 2659 Paris.»
1057 2606 1204 2680 Τραγικώ-

106 2683 206 2744 linem,
243 2683 289 2744 qui
314 2679 389 2730 urbis
414 2681 520 2731 moenie
546 2681 571 2731 ei
591 2694 639 2730 ex·
675 2695 763 2732 τατον
788 2685 879 2733 autem
904 2683 937 2732 de
967 2683 1068 2735 Paridis
1096 2686 1205 2735 interitu

108 2758 281 2816 struxerant,
308 2753 399 2805 debita
422 2755 550 2806 mercede
570 2754 640 2805 trau-
675 2753 772 2822 μῦθον
781 2758 820 2807 sio
830 2759 936 2807 enarrat
944 2755 1069 2808 Welclrer
1075 2772 1116 2822 pr.
1128 2758 1202 2824 Troy.

109 2831 184 2882 davit
200 2843 302 2893 eosque
321 2843 404 2893 regno
421 2829 529 2893 expulit.
564 2828 637 2880 liiad.
677 2827 767 2894 suppl.
794 2832 826 2880 ΙΙ.
854 2832 895 2880 ΙΙΙ,
923 2845 950 2894 p.
978 2830 1059 2882 illo:
1090 2833 1164 2883 Paris
1189 2845 1205 2882 a

108 2923 150 2970 φ,
163 2905 222 2957 tta.
240 2905 315 2957 Pind.
329 2903 367 2955 01.
381 2904 411 2964 8,
425 2903 465 2954 3Ι.
485 2904 560 2955 Ovid.
574 2907 637 2956 liet.
676 2904 821 2955 Philocteta
847 2905 981 2955 sauciatus
1002 2905 1036 2956 ad
1060 2907 1204 2968 Oenonen,

109 2983 150 3042 lt,
170 2980 229 3030 499.
251 3004 278 3016 -
297 2977 418 3042 destituit]
437 2977 520 3029 Nobis
532 2978 640 3042 proprie
677 2989 760 3043 quam
777 2980 851 3043 prius
868 2980 1006 3030 amaverat
1022 2993 1146 3044 quaeque
1172 2995 1206 3033 ex

109 3056 201 3106 esset:
233 3069 296 3104 «oon
313 3055 368 3103 darn
385 3053 641 3117 mompsuesteno
677 3055 792 3106 latorum
814 3054 925 3104 decreto
951 3052 1007 3104 sola
1029 3068 1091 3106 eum
1109 3069 1205 3107 sanare

108 3129 312 3193 timoepstolltom
332 3128 422 3188 Ulbie,
437 3128 491 3178 Cio.
501 3141 551 3191 pro
560 3129 637 3178 iioso.
676 3129 796 3193 poterat,
822 3127 954 3191 confugit,
980 3129 1028 3179 sed
1055 3129 1089 3180 ab
1107 3144 1140 3180 ea
1157 3143 1205 3182 su-

108 3207 169 3256 Am.
189 3202 239 3254 to:
267 3203 377 3254 mmmm
399 3203 580 3253 honestissimos
594 3229 609 3239 ·
625 3227 640 3239 -
677 3202 762 3268 perbe
791 3203 907 3253 reiectus
937 3203 1065 3265 moritur;
1106 3205 1204 3256 deinde

109 3279 223 3340 decepit,
241 3278 359 3328 minuit.
375 3305 402 3314 -
428 3276 640 3341 Castoeqoellti-
676 3277 737 3340 illa,
764 3276 926 3342 poenitentit
954 3279 1040 3339 tacta,
1070 3279 1121 3330 sibi
1146 3281 1203 3344 ipse

109 3365 195 3404 nerra
211 3364 321 3415 semper
337 3353 445 3414 innupta
462 3352 537 3415 (Aen.
549 3353 574 3412 t,
588 3350 639 3412 st.)
677 3354 793 3403 mortem
811 3352 961 3403 consciscit.
1006 3352 1059 3402 Cir.
1078 3354 1202 3404 Parthen.

109 3430 303 3492 praeterquam
321 3428 347 3477 in
362 3427 466 3478 arcanis
477 3425 639 3491 quibusdam
677 3429 752 3478 Narr.
771 3426 796 3478 Ι.
817 3427 928 3486 Quintus
946 3428 1000 3477 Sm.
1021 3427 1066 3488 to,
1085 3427 1142 3478 aet.

109 3499 233 3568 μύθοις,
260 3505 290 3552 ut
314 3503 340 3552 in
366 3501 409 3552 illo
433 3501 467 3552 de
492 3498 557 3572 ἱερῷ
581 3501 639 3550 eius
709 3501 750 3551 28.
767 3499 899 3566 repleuit]
918 3514 958 3564 pr.
979 3501 1028 3550 «ila
1050 3501 1157 3566 trangit,
1176 3506 1206 3554 ut

109 3573 196 3644 γάμῳ
222 3589 285 3627 cum
303 3575 427 3627 Hercule.
450 3575 570 3626 Gerhard
589 3576 640 3625 Vo—
676 3575 774 3626 tractus
792 3587 929 3638 nunquam
947 3588 976 3626 se
994 3574 1100 3640 colligat
1116 3589 1147 3627 ao
1159 3591 1205 3627 re-

110 3666 218 3717 mopere.
237 3651 266 3701 T.
284 3651 324 3701 36.
343 3665 370 3714 p.
385 3651 441 3702 tta.
677 3651 784 3712 surgat;
802 3650 935 3714 reprimit,
954 3650 1097 3700 retundit.»
1124 3653 1201 3716 Prop.

142 3727 186 3778 il.
210 3727 272 3776 duce
287 3723 461 3789 froudtdento]
478 3723 565 3775 Nolim
577 3735 639 3774 oum
676 3725 703 3786 3,
724 3725 753 3786 3,
772 3723 821 3775 tt:
853 3725 997 3775 Tetttooicos
1014 3725 1094 3776 liorno
1108 3727 1204 3790 restin-

111 3801 169 3852 aliis
186 3799 321 3864 explicare
338 3799 498 3861 dePriemo,
517 3812 581 3862 rege
599 3799 641 3848 iu·
675 3805 720 3863 pat
736 3812 800 3862 opes.
836 3801 953 3863 Utroque
971 3801 1062 3850 autem
1079 3801 1203 3852 membro

112 3879 190 3928 sonte
202 3891 208 3936 3
228 3875 262 3924 ite
277 3876 349 3926 euim
361 3876 426 3925 luno
439 3875 519 3924 nimia
531 3875 640 3924 iracun-
676 3875 769 3924 Troiae
781 3874 915 3925 excidium
923 3871 1104 3946 παραφράζει
1112 3878 1201 3940 poeta,

111 3949 154 4000 dia
172 3951 254 4013 etque
272 3949 333 3999 odio
351 3949 462 4013 abrepta
480 3949 638 4012 fingeretur3
676 3947 961 4000 duobusTroianorum
969 3949 1132 4015 principibus
1141 3952 1203 4000 viris

111 4025 160 4076 sed
189 4037 240 4088 per
272 4023 408 4088 quandam
443 4021 639 4094 βραχυλογίαν
676 4023 715 4074 sic
740 4025 912 4074 memoratis:
948 4025 1125 4076 «oeciderunt
1150 4025 1203 4074 iam

112 4099 214 4150 dictum
232 4101 297 4163 puto
322 4112 371 4163 pro
397 4099 457 4149 bis:
485 4098 563 4150 «ilion
590 4098 639 4148 da·
677 4097 810 4148 formosus
833 4097 875 4149 ille
892 4100 981 4159 Paris,
1011 4097 1073 4149 belli
1090 4100 1200 4159 uuotor,

113 4177 234 4224 runatum
253 4177 350 4224 cuncto
366 4187 430 4224 cum
448 4173 558 4238 populo,
578 4174 639 4224 ideo
677 4171 836 4223 tortissimus
846 4173 952 4234 Hector,
966 4176 1091 4224 strenuus
1100 4173 1201 4236 patriae

113 4248 184 4312 quod
203 4247 258 4298 dur
284 4249 357 4310 eius,
387 4247 557 4310 Laomedon,
584 4249 639 4298 turn
676 4245 816 4308 dolensem
839 4249 919 4312 atque
936 4249 977 4298 his
995 4261 1010 4298 e
1028 4247 1117 4298 medio
1135 4245 1202 4296 sub-

114 4320 298 4373 iraudulentus
324 4322 384 4382 luit,
411 4323 437 4372 in
456 4335 536 4386 quem
555 4335 637 4372 uuum
675 4319 734 4372 letis
752 4321 848 4372 cecidit
863 4323 967 4372 Troia»

199 4416 291 4460 tlontr.
310 4425 364 4459 vot.
382 4414 389 4457 Ι
426 4425 463 4462 eo,
481 4425 558 4459 aaron
576 4412 610 4458 lli.
1002 4414 1029 4456 23
