2992 4978
527 463 585 513 ΗΒ.
605 464 648 513 lll.
684 465 712 512 C.
733 464 796 514 xvi.

271 616 381 683 Nudus
404 625 509 685 castra
531 608 606 705 peto
629 629 661 685 et
682 619 844 706 transluga
866 619 998 687 divitum

355 742 467 807 Partes
488 738 634 828 linquere
656 741 774 827 gestio,

271 898 479 985 Contemptae
501 897 650 964 dominus
672 898 872 986 splendidior
894 909 958 977 re'i,
1144 904 1184 968 25

271 1021 375 1100 Quam
397 1019 424 1085 si
447 1018 606 1108 quidquid
629 1029 697 1086 aret
719 1020 855 1108 impiger
876 1020 997 1108 Apulus

271 1138 444 1208 Occultare
466 1141 547 1207 meis
572 1140 700 1209 dicerer
722 1141 868 1218 horreis,

354 1263 484 1350 Magnas
506 1262 589 1330 inter
610 1284 692 1352 opes
713 1263 817 1351 inops.

132 1543 133 1546 η
167 1508 206 1558 ab.
230 1508 365 1559 Cdmmm
382 1521 450 1558 corr.
469 1524 487 1556 κ
504 1507 600 1571 aliique
623 1506 706 1558 Pulm.
720 1511 748 1556 et
769 1509 853 1568 Torn,
872 1507 1001 1572 probante
1026 1509 1152 1570 canem

138 1579 262 1632 volebant
280 1594 341 1632 esse
360 1583 471 1642 «artae,
489 1581 663 1642 mediocris»,
690 1581 814 1645 quodne
832 1583 953 1634 Latinum
970 1583 1079 1648 quidem
1103 1587 1152 1636 est.

142 1681 169 1692 -
187 1657 228 1707 26.
246 1671 300 1706 nos
311 1657 387 1721 piper
402 1655 450 1707 Ed.
469 1657 593 1718 Locheri,
612 1656 733 1716 Aldinae,
753 1658 793 1707 ct.
813 1657 852 1720 (tlt
868 1671 929 1720 nos,
948 1671 1042 1710 omnes
1059 1660 1153 1720 nostri,

136 1729 259 1794 Gruquii,
279 1730 388 1782 Bentleii
406 1735 433 1782 et
450 1731 583 1794 Pottierli.)

105 1945 192 2006 gandia
227 1949 285 1998 mm
312 1959 379 2010 pura
411 1949 519 2011 nmque
552 1949 625 2011 grata
663 1946 847 2010 possidebant,
875 1959 923 2012 pro
944 1947 1052 2000 homine
1069 1963 1187 2014 paupere

105 2020 191 2070 merito
213 2034 267 2085 pro
288 2021 400 2071 deorum
425 2021 502 2073 donis
522 2022 626 2073 haben·
662 2021 800 2071 habebant
824 2022 977 2084 Horatlnm,
1004 2024 1074 2074 unici
1096 2023 1186 2074 Sabini

105 2093 164 2143 tur.»
199 2096 298 2146 Stoicis
315 2096 358 2145 hio
375 2098 511 2148 sententiis
534 2098 623 2147 utitur.
662 2094 809 2145 domiuum.
849 2094 997 2159 Simplicior
1021 2099 1094 2148 certe
1119 2099 1188 2148 haec

131 2168 170 2219 23.
197 2169 304 2233 Nudae]
323 2170 399 2220 «Sina
419 2173 530 2233 armis»,
549 2172 626 2221 «ohne
662 2168 767 2219 videtur
784 2168 922 2232 explicatio
939 2183 1020 2234 quam
1035 2169 1186 2222 Bentleiana

104 2242 139 2292 die
160 2245 243 2295 llittsl
268 2257 328 2294 man
349 2245 539 2306 lletclrdswne»,
563 2258 625 2296 cum
662 2241 704 2293 illa
720 2257 805 2308 prope
822 2245 900 2294 nimis
917 2245 1020 2295 Stoica:
1048 2249 1185 2310 «spretae,

104 2315 156 2367 aliis
167 2319 298 2382 equidem
310 2318 442 2383 explicere
455 2319 548 2381 nolim,
562 2319 624 2370 sed:
662 2331 715 2368 non
733 2319 837 2383 cupitae
854 2332 869 2368 a
887 2331 931 2368 me
948 2320 1042 2384 ipson
1062 2323 1089 2370 et
1104 2334 1186 2386 repu-

104 2393 241 2445 «omnibus
259 2392 330 2444 ultre
340 2395 510 2454 renuntians,
529 2394 626 2458 quibus
662 2394 725 2455 gnat
747 2392 946 2455 quodammodo
972 2407 1004 2444 ea
1029 2393 1184 2456 beatitudo,

102 2479 165 2529 opus
181 2481 237 2518 non
257 2471 326 2519 est.»
342 2497 370 2504 -
388 2471 444 2519 lam
460 2469 535 2532 lingit
550 2471 626 2533 quasi
663 2481 745 2532 quam
762 2481 823 2519 mox
840 2467 890 2520 sibi
907 2470 1026 2533 reperire
1043 2470 1148 2520 vldetur
1159 2471 1185 2522 ln

103 2537 160 2591 bina
186 2545 296 2601 castra;
320 2542 382 2593 binc
399 2546 488 2607 partes
504 2545 566 2593 ndat
581 2559 627 2594 cu-
662 2542 744 2593 rebue
761 2543 825 2593 item
840 2545 964 2594 externis.
980 2573 1008 2580 -
1026 2545 1185 2609 splendidos-l

101 2616 233 2678 mmmm,
277 2615 347 2668 illinc
381 2620 472 2682 partes
504 2619 625 2682 diaden,
663 2616 729 2666 «sed
753 2618 791 2668 sic
817 2619 924 2679 tamen,
955 2631 1017 2669 cum
1045 2621 1186 2670 contentus

101 2687 190 2743 divitiis
212 2695 295 2742 unice
317 2692 486 2753 inhiantium,
513 2693 626 2757 quibus-
662 2692 713 2741 sim
730 2691 807 2741 bonis
824 2695 920 2756 paratu
936 2691 1057 2743 facilibus
1074 2695 1102 2744 et
1117 2707 1187 2757 pau-

99 2774 155 2815 cum
172 2767 239 2817 nihil
255 2766 309 2818 sibi
325 2779 468 2817 commune
480 2781 541 2820 esse
553 2769 626 2818 altir-
663 2765 714 2826 cis,
728 2777 772 2816 me
784 2763 985 2830 locupletiorem
997 2779 1028 2816 ac
1039 2766 1187 2818 beatiorem

99 2842 157 2890 mat.
195 2844 273 2893 allon
296 2842 335 2893 sic
352 2841 508 2907 accipienda
531 2842 623 2904 verba,
662 2851 722 2890 esse
740 2840 826 2889 sentio
844 2853 890 2901 eo,
909 2841 954 2904 qui
972 2841 1074 2903 magnis
1090 2840 1186 2905 opibus

98 2914 233 2979 nmquam
262 2916 343 2966 tuerit
367 2917 420 2966 iam
449 2917 476 2967 in
505 2917 625 2981 partibus
661 2913 1186 2980 praeditusmalorescaptarenunquam

97 2987 222 3052 divitum,
249 2989 301 3041 sed
318 2992 450 3053 quatenus
468 2993 505 3052 is,
524 2993 566 3042 cui
584 2993 626 3042 in·
662 2987 783 3038 desinit.»
804 3015 831 3024 —
849 2988 895 3053 res]
914 2985 1097 3051 dissyllabum.

96 3063 134 3112 ter
158 3064 229 3116 duas
256 3067 348 3129 partes
372 3065 507 3130 oppositas
525 3067 625 3116 consti·
693 3063 735 3114 26.
753 3063 794 3113 27.
812 3063 885 3126 crat]
903 3061 996 3114 Ultima
1013 3062 1115 3126 syllaba
1126 3076 1188 3127 pro-

96 3139 150 3189 tute
166 3137 255 3190 altera
275 3141 333 3188 ntra
352 3137 471 3202 eligenda
484 3142 540 3201 est,
559 3140 624 3191 dum
661 3137 766 3188 ducitur
782 3137 809 3187 in
827 3150 951 3199 caesura,
978 3137 1004 3187 id
1022 3137 1095 3201 quod
1111 3138 1186 3202 igno-

94 3225 173 3265 unam
190 3213 315 3279 praefert
331 3215 360 3264 et
380 3213 564 3278 amplectitur,
589 3214 623 3265 ab
661 3213 752 3262 rantes
789 3209 906 3262 nonnulli
937 3212 1103 3275 scripserunt
1135 3227 1186 3262 son

94 3285 175 3338 altera
194 3287 304 3352 longius
324 3286 392 3338 illico
410 3289 532 3351 refugit»
560 3291 622 3341 insi.
657 3287 739 3350 piper.
782 3286 842 3336 Vid.
868 3286 903 3336 ad
919 3286 967 3337 0d.
987 3285 1017 3348 3,
1036 3286 1085 3348 tl,
1105 3288 1129 3336 s.
1155 3315 1182 3323 -

92 3361 205 3414 Omnino
228 3362 345 3413 alterum
366 3362 521 3414 membrum
537 3365 625 3414 maxi·
659 3361 734 3423 Apus
758 3363 860 3420 autem,
891 3373 1005 3424 quorum
1027 3365 1057 3410 ut
1073 3359 1186 3426 popula·

92 3448 192 3501 meque
215 3451 245 3488 v,
269 3437 403 3500 transfupa
428 3438 624 3490 continuandae
660 3437 729 3486 rium
740 3437 894 3499 trequemer
905 3436 1075 3497 recordatur,
1093 3436 1185 3486 mstiei

92 3511 188 3574 prioris
207 3511 329 3562 mambri
346 3512 518 3575 metaphorae
536 3513 624 3564 lnser-
660 3512 735 3561 erant
746 3509 870 3560 laboriosi
882 3523 914 3560 ac
925 3510 1034 3561 strermi.
1050 3537 1077 3545 -
1099 3509 1186 3559 Occul-

91 3587 135 3639 vit.
165 3587 254 3638 Simili
270 3587 384 3650 imagine
400 3599 465 3636 usus
477 3589 518 3638 est
529 3589 623 3639 Cicero
659 3586 722 3651 tore]
741 3585 924 3636 «reconditum
933 3584 1060 3646 haberes,
1073 3585 1103 3634 ut
1114 3583 1186 3634 sole-

92 3660 125 3710 ad
133 3663 210 3712 Fam.
225 3662 253 3724 9,
265 3662 315 3710 20:
333 3661 474 3723 Inlipicsm'
482 3664 625 3713 cerodae«-
659 3661 725 3711 bant
740 3658 938 3710 latifundiorum
951 3671 1123 3723 possessores
1140 3673 1186 3710 re-

90 3737 247 3787 scriincstri
255 3741 341 3786 eastra
348 3737 504 3788 caueamus.
514 3739 621 3790 Lucian.
660 3737 732 3786 tento
749 3735 775 3784 in
786 3735 889 3784 horreis
905 3733 1038 3784 frumento
1051 3745 1184 3783 annonam

90 3810 183 3862 Some.
198 3811 250 3860 ⁴2:
271 3804 455 3880 ὁΣωκράτης
470 3809 624 3881 ὀραπετεύ-
659 3823 792 3874 premere.
819 3836 846 3845 —
869 3809 931 3859 mdc
945 3833 960 3844 ·
975 3808 1083 3872 homeis]
1110 3813 1204 3858 anon*

90 3897 145 3948 σας
154 3881 239 3956 παρὰ
250 3880 303 3948 τῆς
314 3882 528 3955 ἑρμογλυφικῆς
538 3879 624 3951 prire-
660 3883 828 3943 conductum
841 3885 920 3946 auget
930 3884 981 3934 hoc
992 3883 1107 3934 bominis
1119 3895 1185 3946 opu-

88 3955 225 4026 μόλησεν
238 3953 279 4021 ὥς
290 3957 342 4024 ἐμέ
353 3956 417 4025 (τὴν
427 3957 583 4024 Παιδείαν).
659 3959 776 4011 lentiam.
795 3958 843 4009 Od.
858 3959 886 4020 l,
900 3960 910 4008 l
922 3997 927 4020 ,
941 3958 972 4008 9:
992 3959 1077 4019 mum,
1094 3957 1116 4005 si
1124 3970 1184 4018 pro-

120 4035 164 4084 25.
193 4034 371 4098 Commptce]
401 4034 451 4084 aab
469 4033 528 4085 aliis
544 4035 623 4085 ditio·
655 4033 1185 4096 ptiocondidithorreocet.-interopes

88 4107 164 4160 ribus
189 4109 271 4173 parvi
293 4108 377 4158 lectae
399 4111 426 4158 et
442 4109 621 4174 despectam
659 4108 743 4172 inops]
765 4106 900 4158 claudian.
922 4107 947 4156 in
965 4105 1050 4157 Rufln.
1070 4107 1097 4166 l,
1120 4104 1181 4155 ⁴99:

88 4197 152 4234 nam
171 4185 222 4247 qui
242 4181 338 4234 multas
355 4182 429 4235 ullas
447 4197 508 4234 cum
524 4185 624 4248 magni-
659 4183 947 4244 bonosententiis,
965 4179 1183 4242 nunqucmsctia-

88 4258 148 4309 fleis
184 4256 320 4318 aedibus,
354 4259 481 4320 vivariis,
515 4260 623 4325 piscinis
659 4258 846 4320 boemiaestw
864 4256 1060 4318 Semelam,
1080 4254 1183 4316 qemein-

87 4331 213 4396 Tusculi,
236 4333 263 4383 in
280 4334 424 4398 Campania
440 4336 467 4384 et
483 4335 510 4384 in
530 4331 623 4398 Apulia
660 4346 707 4395 prio
722 4333 798 4396 apti.
