3012 4978
503 476 562 526 ΗΒ.
582 477 624 526 lV.
660 477 689 525 C.
710 477 751 526 IX.

237 634 424 720 Duramque
448 629 541 698 caitet
563 634 752 720 pauperiem
774 634 837 721 pati

239 754 403 842 Peiusque
425 753 489 820 leto
512 753 667 842 flagitium
689 756 796 832 timet,

279 878 349 942 Non
370 874 424 942 ille
447 898 506 964 pro
528 877 613 944 caris
635 878 749 944 amicis

321 999 383 1063 Aut
404 997 507 1086 patria
530 997 660 1065 timidus
682 999 799 1085 perire.

174 1197 214 1246 bi.
229 1195 322 1258 peribit
339 1197 370 1258 a,
391 1197 500 1258 Cruquii
517 1195 579 1246 duo.

114 1371 218 1434 quidem
230 1373 351 1435 timebit,
370 1386 542 1438 nequaquam
560 1375 635 1424 time·
672 1387 735 1425 uem
753 1377 882 1424 Graecam
901 1388 954 1424 noa
971 1377 1034 1426 satis
1052 1378 1196 1440 perspicie-

112 1444 149 1496 bit
164 1451 280 1498 mortem
298 1461 347 1512 pro
364 1449 457 1499 amicis
475 1451 503 1498 et
518 1462 567 1512 pro
584 1463 634 1514 pa·
670 1447 749 1510 baut,
776 1450 941 1513 scripserunt
965 1451 1066 1500 linricus
1086 1451 1193 1513 peribit,

112 1521 157 1572 tria
183 1525 338 1588 oppetere.»
382 1524 432 1582 Qui
457 1524 633 1574 constructio·
670 1521 1009 1576 uthabebantduoCodd.
1024 1525 1139 1588 Cruquii.
1240 1544 1243 1551 ·

469 1847 843 1908 EXOUBSUS.

171 1995 203 2046 u.
231 1995 328 2048 Lollius
354 1995 446 2046 consul
473 2011 497 2046 a.
516 2011 544 2048 a.
563 2011 586 2048 c.
610 1997 666 2048 733.
716 1998 807 2050 Vellei.
833 2001 862 2061 i,
891 2001 940 2050 97:
972 2001 1003 2064 (a.
1029 2011 1055 2052 u.
1080 2013 1103 2050 a.
1127 1998 1194 2062 7³8.)

112 2077 212 2141 Accepta
236 2086 271 2130 est
295 2081 324 2130 r’n
345 2082 483 2131 Gennania
503 2081 586 2131 eudes
610 2082 654 2131 sub
677 2084 760 2147 beato
775 2085 811 2134 bt.
829 2083 926 2146 bobio,
952 2085 1050 2134 bomine
1066 2085 1093 2134 in
1110 2085 1196 2133 ontnia

109 2163 223 2220 uruntur
239 2177 319 2227 quam
335 2170 402 2214 reate
417 2165 526 2228 sacimat
542 2166 671 2227 cupidiore
687 2171 710 2215 et
726 2167 792 2216 inter
807 2181 931 2216 mrum
946 2168 1066 2217 citiorem
1082 2167 1196 2216 runnu

109 2245 221 2296 utonem
243 2249 413 2298 cinamomo.
450 2251 544 2299 Postea
570 2251 660 2299 uinea
686 2249 840 2300 moderator
864 2251 988 2301 iuventae
1014 2251 1044 2301 C.
1068 2252 1193 2312 Caesari,

110 2330 233 2394 agrippae
259 2331 332 2395 titio,
359 2334 468 2396 Augusti
494 2335 585 2397 nepoti
608 2345 640 2382 ae
658 2331 710 2382 titio
727 2333 852 2398 adoptivo
870 2336 896 2384 in
914 2335 1048 2386 Orientem
1066 2333 1151 2384 misso
1168 2345 1192 2384 a.

109 2423 133 2460 u.
151 2425 173 2463 c.
191 2416 248 2466 ibt.
267 2415 305 2467 ab
322 2418 441 2480 Augusto
467 2416 573 2467 additus
599 2416 680 2467 tidem
707 2417 796 2469 datam
823 2431 885 2470 cum
910 2419 998 2468 miuus
1018 2417 1195 2481 praestitisset

112 2495 193 2556 (Tacit.
210 2502 281 2551 Aua.
301 2501 329 2560 3,
349 2500 417 2563 ib),
441 2501 541 2565 perflatu
565 2506 589 2551 et
610 2502 687 2564 plato
710 2503 806 2554 subdoli
830 2517 861 2553 ac
884 2502 978 2552 creent
994 2503 1074 2552 animi
1090 2501 1195 2550 curulia

106 2591 150 2640 ptr
172 2584 294 2635 Parthum
318 2586 432 2634 indicam
455 2586 558 2635 Caesari
582 2585 656 2650 sama
679 2587 808 2652 aolpauit,·
833 2589 904 2638 cuius
924 2601 994 2637 neore
1015 2587 1085 2637 intra
1098 2599 1196 2649 pancos

110 2663 296 2730 dtaalortuitee,
323 2683 357 2718 an
373 2669 521 2718 voluntaria
540 2670 634 2734 fucrit,
660 2671 765 2736 ipnoro,
792 2675 821 2722 ut
837 2673 873 2722 ait
889 2670 981 2722 Vellei.
1000 2671 1029 2732 2,
1050 2671 1106 2721 ⁴02.
1125 2669 1191 2721 Ptin.

110 2746 137 2796 ti.
155 2749 184 2799 N.
203 2751 233 2814 9,
251 2753 301 2814 35,
320 2753 370 2803 58:
397 2753 504 2803 toltum
519 2755 680 2817 Paullinam,
707 2769 771 2817 arcae
787 2756 837 2819 suit
853 2756 909 2806 Caii
922 2756 1046 2817 principis
1061 2760 1190 2816 matrona,

108 2843 136 2879 aa
149 2835 211 2884 ruia
227 2838 329 2898 quidun
346 2843 392 2888 aut
411 2839 523 2888 sollemni
545 2841 758 2890 caerimoniarum
773 2841 859 2900 attam
874 2843 1019 2901 apparatu,
1042 2838 1084 2888 sert
1099 2837 1196 2888 malo-

109 2915 183 2966 utun
206 2921 285 2971 etiam
309 2921 462 2982 sponsalium
484 2935 579 2983 coorta,
607 2923 660 2972 virli
684 2925 828 2987 maaraadis
843 2923 1040 2986 marparitr'aque
1061 2925 1192 2984 opertaen,

112 2997 202 3052 aluam
218 3009 292 3055 textu
314 3005 480 3069 stupentibus,
506 3010 557 3056 toto
573 3007 670 3068 capite,
699 3006 826 3067 crinium,
852 3007 938 3068 epira,
965 3006 1084 3066 cumbas,
1111 3004 1191 3066 cotto,

112 3085 236 3138 monilibus
259 3089 410 3152 dipttisque,
449 3103 514 3152 quae
537 3103 636 3139 urmma
661 3089 864 3152 quadringenties
888 3091 948 3140 H.S.
976 3088 1098 3152 (uetusta
1124 3087 1191 3138 Flor.

110 3165 186 3220 Rhea.
204 3173 320 3224 5265239
338 3173 430 3223 Frauo.
450 3173 533 3235 lietu.)
551 3172 699 3236 collipcbat,
723 3174 779 3234 ipsa
795 3173 923 3237 confertim
936 3177 1034 3236 parata
1050 3185 1193 3234 marwupa-

91 3249 195 3303 ·itonern
219 3257 312 3307 tabulis
331 3257 450 3320 probare.
486 3259 536 3306 Nec
561 3257 628 3306 dona
640 3257 744 3321 procliui
757 3258 882 3319 principis
897 3257 1015 3320 fuerant,
1042 3257 1084 3306 sed
1108 3256 1193 3306 auitae

111 3343 383 3402 ⁰9⁶³,1rrooinciarum
399 3342 490 3391 eminet
506 3342 592 3404 spolils
605 3346 708 3403 partae.
743 3342 789 3392 Hic
806 3347 841 3392 est
857 3343 1010 3403 rapinarum
1025 3341 1120 3402 caitus,
1146 3340 1193 3389 boc

110 3415 172 3481 lua,
190 3437 270 3484 auare
285 3427 321 3476 Μ.
342 3425 433 3476 bobien
448 3425 588 3488 infamatus
604 3439 693 3488 repam
714 3425 859 3474 marteribus
874 3425 901 3475 in
918 3429 968 3474 toto
985 3425 1093 3485 oriente,
1111 3424 1191 3473 inter—

111 3500 174 3552 dicta
193 3510 307 3558 amunta
329 3524 347 3559 a
368 3507 429 3559 Caio
450 3509 573 3570 Caesare,
600 3509 705 3574 Auprati
724 3509 794 3574 fillo,
819 3522 941 3559 ommam
960 3508 1051 3558 biberet
1068 3509 1100 3572 (a.
1120 3520 1146 3557 u.
1165 3519 1188 3556 c.

111 3582 186 3649 aaa),
203 3597 231 3642 ut
241 3593 322 3656 neptis
332 3595 384 3644 eius
399 3595 601 3658 quactrinpenlies
610 3595 641 3644 H.
654 3596 680 3644 S.
694 3599 783 3658 operta
792 3598 947 3656 spectaretur
957 3594 991 3641 aa
1001 3593 1124 3642 lucernae.
1144 3591 1191 3654 (De

110 3665 183 3721 Lollia
191 3675 307 3727 Paullina
315 3677 348 3726 ci.
356 3679 429 3732 Suet.
458 3677 537 3742 Catig.
547 3679 588 3729 25.
599 3680 660 3729 Tac.
671 3681 738 3728 Ana.
749 3679 789 3739 ti,
801 3679 824 3727 t.
834 3679 875 3728 ii.
889 3677 937 3726 Dio
946 3677 987 3738 59,
998 3678 1038 3727 ts.
1049 3677 1090 3736 60,
1101 3675 1151 3738 32.)
1163 3699 1191 3710 -

110 3748 199 3807 Lollius
215 3759 258 3810 hic
272 3774 304 3810 ex
321 3762 351 3812 iis
363 3763 413 3821 est,
427 3762 524 3825 quibus
548 3774 632 3812 uuum
643 3761 782 3813 dumtaxat
792 3775 901 3812 carmen
913 3761 1047 3824 inscripsit
1058 3759 1189 3818 Horatius,

110 3833 174 3886 sicut
189 3841 337 3908 Agrippae,
365 3846 453 3895 Asinio
470 3845 595 3908 Pollioni,
623 3847 716 3911 Crispo
734 3845 860 3907 Salustio,
886 3843 941 3895 luto
966 3845 1092 3905 Antonio,
1119 3843 1190 3894 Cea-

110 3920 211 3985 serino,
237 3929 327 3992 utpote
354 3929 519 3993 principibus
544 3931 655 3981 civitatis
679 3931 760 3991 viris,
791 3931 836 3993 qui
862 3929 912 3993 ipsi
937 3941 1046 3992 quoque
1071 3929 1189 3990 Augusto

111 3995 177 4052 haud
194 4009 341 4074 negligendi
359 4015 450 4074 erant,
476 4013 628 4078 quibusque
646 4016 751 4077 gratum
768 4015 964 4077 acceptumque
983 4025 1044 4063 esse
1061 4010 1188 4070 debebat,

111 4081 153 4134 ubi
176 4091 301 4145 aoranae
322 4097 412 4160 Micca
444 4097 516 4158 lurae
541 4097 714 4148 honorificam
748 4111 841 4147 eorum
875 4097 1038 4147 mentionem
1072 4095 1187 4144 iecisset.

111 4167 191 4231 Atque
216 4178 254 4238 si,
280 4183 310 4228 ut
334 4181 370 4230 ait
391 4179 523 4242 Velleius,
551 4194 657 4232 summa
682 4183 740 4231 arte
765 4179 807 4232 iiie
832 4182 895 4230 vitia
920 4193 968 4230 sua
986 4175 1187 4235 dissimulabat,

112 4251 202 4308 etidem
225 4257 332 4315 latuisse
358 4265 494 4315 Horatium
519 4266 629 4317 minime
656 4266 754 4317 mirum
779 4265 828 4316 est.
873 4265 1002 4326 Quocirca
1020 4262 1063 4311 tria
1081 4273 1188 4324 quoque

112 4332 260 4396 adutationis
276 4347 378 4399 crimen
396 4361 411 4400 a
428 4351 507 4413 po‘eta
523 4348 601 4413 louge
618 4351 752 4401 remotam
769 4351 877 4400 maneat
893 4361 1005 4398 neeesse
1023 4346 1080 4396 est:
1108 4355 1189 4406 quam

189 4424 282 4484 Hoerr.
299 4451 354 4486 roa.
371 4441 388 4487 1.
419 4453 457 4487 eo.
475 4453 553 4489 ueroa
570 4441 605 4486 ru.
963 4439 989 4482 ³⁸
