3012 4978
429 468 557 520 uonrru
575 467 706 520 44444444
724 467 897 521 securlus.
1180 467 1240 531 644

215 628 273 676 lam
290 625 409 686 luerunt,
441 627 485 688 qui
503 627 677 690 opinarentur
694 639 754 676 esse
772 637 882 676 carmen
900 624 1078 677 amoebaeum
1096 639 1240 690 puerorum

151 712 179 760 et
195 710 327 773 virginum
339 712 421 772 atque
432 710 466 759 444
478 711 569 773 partes
580 707 785 760 distribuerent:
804 710 909 774 Stroplr.
923 711 947 759 4.
960 710 984 759 4.
998 709 1073 773 pueri
1087 711 1113 759 at
1124 707 1238 774 puellam
1296 725 1305 738 ·

150 796 201 844 Str.
221 793 245 842 3.
265 793 354 857 4444444,
373 794 424 842 Str.
444 790 468 842 4.
487 793 511 842 a.
531 791 650 856 puellae,
669 794 720 842 Str.
739 793 764 843 6.
783 793 807 843 4.
826 793 850 843 8.
869 793 946 857 pueri
964 795 992 843 et
1007 791 1124 856 puellaa;
1143 794 1193 842 Str.
1214 793 1238 842 9.

149 875 259 927 dimidia
276 889 292 926 a
309 875 409 940 pueris,
429 875 537 926 dimidia
549 889 565 926 a
577 875 672 940 puellis
683 877 801 936 cantata;
820 877 871 928 Str.
885 877 991 927 444--43,
1005 873 1118 939 uterque
1130 876 1238 935 chorum

149 961 200 1010 Str.
226 958 266 1010 44.
289 961 380 1022 pucri;
406 961 455 1010 Str.
482 961 521 1013 45.
548 959 666 1024 puellae,
690 961 739 1009 Str.
760 960 799 1008 46.
820 960 859 1010 44,
878 960 968 1023 puari;
991 962 1043 1016 Str.
1062 960 1101 1010 48.
1121 959 1239 1024 puellae;

149 1045 202 1094 Str.
221 1043 262 1094 49.
280 1044 393 1106 uterque
411 1043 518 1104 chorus,
536 1044 567 1094 ut
583 1043 680 1094 decem
697 1043 821 1107 strophas
838 1045 952 1106 uterque
969 1044 1069 1094 chorus
1086 1057 1147 1105 una,
1167 1045 1243 1107 quat-

150 1129 213 1176 tuor
233 1125 357 1190 stropbns
380 1139 442 1178 cum
467 1126 575 1177 dimidia
595 1125 691 1190 singuli
713 1126 787 1177 ebori
810 1127 964 1176 cecinerint.
1001 1125 1054 1177 Sed
1071 1131 1162 1177 tamen
1180 1127 1242 1177 lruic

150 1211 299 1260 sententiaa
323 1208 404 1260 multa
423 1211 584 1275 repugnant,
615 1213 695 1274 atque
713 1209 856 1274 imprimis,
887 1209 960 1273 quod
977 1209 1086 1273 stropha
1105 1209 1241 1260 dimidiata

152 1306 205 1344 non
227 1295 270 1343 est
292 1292 371 1344 simul
391 1295 470 1344 totius
488 1294 612 1344 carminis
629 1293 726 1344 media.
761 1296 799 1343 Ac
816 1292 939 1343 similiter
954 1293 1005 1343 hac
1022 1293 1056 1344 de
1073 1307 1103 1342 re
1121 1294 1242 1357 disputa·

150 1377 238 1428 tiones
261 1377 308 1427 Ed.
328 1376 530 1441 Scbmelzlropssi
550 1377 659 1441 (Lipsiae
679 1377 773 1440 4838),
792 1379 821 1426 G.
840 1378 986 1428 Hermanni
1002 1378 1030 1428 in
1046 1377 1130 1427 44444444
1147 1376 1239 1428 Annei.

149 1459 208 1510 Vol.
227 1460 268 1510 23.
288 1475 314 1524 p.
329 1461 385 1510 495,
399 1461 484 1522 4838,
503 1463 531 1510 (4.
546 1463 565 1518 4,
579 1459 740 1511 Groteiendii
753 1462 779 1510 in
791 1461 999 1512 Zimmermanni
1009 1461 1147 1524 zeitschrift
1165 1460 1239 1511 4844.

149 1545 182 1594 N.
202 1543 259 1594 408.
278 1543 343 1594 milri
360 1543 454 1594 saltem
474 1545 551 1594 nimis
568 1544 685 1594 incertae
703 1543 836 1606 videntur,
855 1557 937 1607 quarn
953 1547 984 1594 ut
999 1545 1044 1594 hic
1061 1557 1107 1595 eas
1123 1542 1166 1594 vel
1177 1556 1242 1608 pro-

148 1639 251 1692 ponere
273 1626 315 1677 vel
338 1627 484 1677 diiudicare
505 1626 594 1678 libeat.
625 1627 853 1692 schmelzlropflns
880 1627 990 1690 quidem
1007 1630 1034 1678 et
1051 1626 1197 1678 Groteiend
1215 1627 1241 1677 in

150 1723 184 1760 eo
202 1711 371 1776 potissimum
388 1723 404 1759 a
421 1724 487 1760 vcro
504 1710 639 1774 oberrant,
659 1711 731 1774 quod
749 1713 841 1762 contra
859 1711 961 1762 clamm
973 1714 1131 1774 certumque
1144 1711 1241 1760 Zosimi

151 1795 335 1844 testimonium
352 1796 476 1856 uterque,
495 1794 609 1845 diversis
627 1794 736 1858 quidem
749 1795 845 1856 modis,
864 1794 1008 1858 virginibus
1018 1795 1163 1859 puerisque
1176 1793 1242 1844 cho-

149 1890 212 1928 rum
229 1878 312 1928 etiam
323 1877 488 1928 illivirorum
499 1879 557 1928 sac.
572 1879 631 1930 Fac.
645 1879 805 1930 immiscent.
844 1879 943 1930 Contra
955 1892 1025 1930 nunc
1037 1877 1110 1929 haud
1122 1877 1243 1942 displicet

134 1962 218 2030 Ι44444
235 1960 270 2010 ab
288 1963 307 2011 4Ι
322 1963 350 2010 G.
364 1962 485 2013 Steinerc
498 1963 688 2025 (Contluentiae
701 1962 784 2026 4844.)
797 1963 941 2027 proposita,
960 1975 993 2014 ex
1004 1975 1057 2025 qua
1069 1963 1121 2014 boc
1131 1962 1241 2013 schema

150 2043 254 2108 prodit:

567 2183 612 2229 Str.
633 2185 643 2229 4
663 2188 688 2230 44
702 2187 716 2232 2
730 2185 829 2241 procdua

540 2259 616 2304 iuncti
631 2261 702 2315 pueri
717 2265 742 2306 44
755 2261 854 2316 puellae

251 2370 297 2415 Str.
309 2369 322 2414 3
332 2368 454 2426 pueri-l
464 2368 563 2426 puellae
798 2371 843 2418 Str.
856 2373 883 2418 40
894 2372 1025 2428 pueri-ll
1038 2372 1136 2428 puellae

310 2445 325 2489 44
335 2445 564 2501 pueri-opacitas
856 2446 1136 2504 tipueri-l3pueiiae

312 2519 561 2577 7puen'2-8puallee
591 2521 636 2566 Str.
647 2521 773 2566 timasodua
858 2519 886 2568 44
896 2521 1137 2578 pueri-itpuellae

596 2607 636 2642 vv.
648 2597 658 2641 4
672 2597 719 2643 etii
729 2597 798 2653 pueri

645 2672 659 2718 3
669 2675 694 2718 44
703 2670 717 2718 4
726 2673 824 2728 puellae

562 2783 607 2829 Str.
625 2783 652 2828 tt
667 2806 693 2816 -
709 2783 736 2827 48
751 2784 832 2838 mortua

541 2859 616 2904 iuncti
631 2858 701 2914 pueri
717 2863 742 2903 et
757 2858 861 2915 puellae.

217 2993 272 3042 Nec
294 2991 381 3042 minus
406 2989 513 3040 diversa
537 2988 643 3039 luerunt
664 2989 818 3039 criticorum
840 2987 936 3038 iudicia
958 2989 991 3038 rie
1010 2989 1134 3040 carminis
1152 2989 1242 3040 indole

150 3073 265 3140 poetica.
302 3073 537 3124 «Elaboratissimis
558 3073 658 3123 Horatii
676 3071 839 3122 carminibus
856 3072 909 3122 hoc
927 3085 1035 3121 carmen
1054 3072 1174 3122 seculare
1192 3072 1242 3123 ad-

149 3157 347 3210 numerandam
364 3169 425 3208 esse
442 3155 485 3208 vel
503 3157 564 3206 inde
582 3153 688 3218 intelligi
705 3157 806 3219 potest,
825 3154 897 3218 quod
914 3155 948 3206 ad
967 3156 1017 3205 iroc
1029 3157 1078 3205 rite
1091 3157 1243 3209 canendum

149 3241 276 3305 singulari
298 3242 416 3291 carmine
439 3240 486 3291 044.
510 3239 534 3301 4,
558 3241 583 3291 6.
601 3239 728 3304 Apollinis
746 3251 826 3303 opem
843 3237 994 3304 imploravit
1011 3243 1038 3290 et
1054 3239 1104 3290 sibi
1124 3242 1240 3304 expetiit.

149 3328 207 3377 Nec
223 3326 331 3386 mirum,
350 3327 373 3376 si
389 3327 467 3389 poeta
485 3325 512 3375 ln
529 3325 648 3375 carmine
665 3322 772 3389 publice
790 3325 816 3373 in
832 3322 938 3388 publica
955 3322 1052 3373 laetitia
1070 3336 1243 3387 apucrorum

148 3408 354 3474 puellarumque
380 3409 463 3458 choro
487 3407 655 3458 decantando
681 3421 761 3458 omne
778 3407 895 3458 studium
913 3409 1032 3472 posuerit
1050 3410 1077 3457 et
1094 3421 1188 3459 omnes
1204 3410 1244 3459 in-

149 3494 220 3557 genii
237 3494 310 3543 vires
327 3505 479 3556 nervosque
497 3492 667 3542 intenderit.»
684 3493 807 3542 4444444444.
836 3491 899 3541 «Vix
915 3490 999 3542 ullum
1011 3505 1060 3555 ego
1072 3496 1169 3554 poema
1180 3490 1241 3556 legi,

147 3579 285 3640 Augustae
303 3575 412 3639 quidem
430 3589 497 3625 aevo
515 3575 706 3638 compositum,
725 3577 824 3639 inquo
842 3577 915 3625 tanta
932 3576 1033 3626 inesset
1043 3575 1165 3625 ieiunitas
1178 3588 1243 3626 scn-

148 3661 308 3720 tentiarum,
338 3661 410 3710 tanta
432 3659 632 3723 compositionis
648 3661 853 3720 inconcinnitas,
883 3663 982 3723 quanta
1000 3658 1242 3710 celebratissimum

148 3742 214 3794 iliud
235 3743 334 3794 lloratii
356 3757 465 3795 carmen
489 3742 610 3796 seculare
628 3742 751 3795 laborare
768 3744 833 3794 mihi
849 3743 964 3794 videtur.
996 3745 1111 3795 Causam
1128 3744 1244 3795 arbitror

149 3827 177 3877 in
198 3839 232 3877 eo
253 3827 437 3889 quaerendam
458 3841 534 3890 4444,
564 3827 637 3890 quod
658 3829 737 3891 poeta
758 3841 790 3878 err
813 3825 934 3892 pluribus
952 3827 1115 3880 carminibus
1133 3829 1242 3879 Graecis

150 3923 232 3962 suum
258 3911 478 3962 consarcinavit.»
516 3913 691 3964 Ercusrrrnrus.
727 3913 783 3962 lioc
806 3911 916 3976 quidem
935 3925 1031 3962 verum
1054 3926 1114 3964 esse
1137 3913 1241 3975 nequit,

149 3995 294 4059 propterca
311 3995 384 4058 quod
401 3994 479 4059 longe
496 3996 612 4045 maxima
630 3996 755 4047 carminis
772 4009 835 4061 pars
852 3997 929 4046 unice
947 3997 982 4046 ad
1000 4010 1044 4047 res
1056 3997 1188 4048 liomarras
1200 3997 1242 4046 at-

149 4091 203 4142 que
221 4077 256 4128 ad
272 4080 421 4141 Angustum
438 4081 551 4142 spectat.
581 4081 724 4130 Praeterea
741 4091 877 4131 memores
894 4081 978 4132 simus
990 4081 1095 4145 oportet
1106 4078 1183 4130 ludos
1196 4093 1241 4130 sc-

149 4160 257 4212 culares
274 4161 420 4226 requisisse
438 4163 595 4225 gravitatem
613 4163 747 4226 quandam
759 4175 892 4229 seueram,
911 4177 1021 4229 semper
1032 4175 1192 4225 memorem,
1210 4167 1241 4215 ut

150 4247 186 4296 ita
207 4246 313 4306 dicam,
342 4247 466 4310 antiquae
489 4260 521 4297 ac
540 4246 624 4298 semel
647 4261 663 4296 a
682 4247 852 4311 pontificibus
875 4250 1001 4313 receptae
1021 4249 1112 4312 poesis
1129 4259 1238 4312 sacrae,

149 4329 228 4394 longo
249 4331 327 4394 igitur
350 4331 492 4383 distantem
509 4330 543 4381 ab
561 4333 634 4382 omni
652 4333 753 4396 impetu
770 4331 978 4396 dithyrambico,
1008 4332 1134 4396 magnam
1151 4333 1241 4397 requi·
