3012 4978
506 449 567 500 tie.
585 449 628 498 lV.
664 450 693 498 C.
712 449 776 500 xiv.

376 605 536 693 Auspiciis
558 603 681 692 pepulit
702 604 875 680 secundm,

294 771 496 861 spectandus
518 773 550 837 in
571 773 746 840 certamine
769 775 897 849 Martio,

292 897 414 962 Devota
440 897 532 962 morti
554 905 686 983 pectora
710 894 831 961 liberae

336 1017 470 1096 Quantis
499 1017 645 1104 fatigaret
665 1016 785 1094 ruinis;

377 1136 551 1204 indomitas
573 1159 675 1226 prope
697 1136 802 1226 qualis
824 1137 928 1204 undas
1172 1140 1213 1206 20

189 1321 227 1370 lii.
246 1319 398 1382 reprimite,
417 1319 482 1367 redit
500 1319 553 1380 (sic)
572 1319 600 1367 T.
630 1346 656 1354 -
686 1318 724 1366 te.
744 1318 871 1382 fatigarat
888 1315 920 1378 b,
939 1331 979 1382 pr.
999 1317 1090 1378 8,βκ,
1117 1319 1180 1381 soti-

154 1395 223 1457 garit
239 1394 258 1444 d
277 1397 303 1444 et
320 1406 389 1442 corr.
409 1393 442 1451 S,
462 1394 498 1442 uti
516 1389 625 1441 volebat
641 1394 672 1442 N.
691 1393 824 1442 Heinsius.
846 1419 874 1429 -
902 1394 943 1443 tc.
962 1394 1100 1443 indoinitsu
1116 1395 1135 1444 T
1153 1396 1180 1444 et

155 1468 290 1519 Benticius
308 1468 470 1519 coniectura.
492 1467 589 1530 [Ceteri
607 1467 660 1517 mei
677 1467 833 1530 indomitos.)

125 1628 223 1677 tanum
240 1626 329 1676 solum
342 1625 390 1676 iliis
403 1625 507 1675 cladem
519 1624 647 1686 intulisse,
721 1625 807 1675 tt-uo.
834 1627 997 1691 Spectandae]
1018 1626 1146 1690 «dignus,
1166 1629 1212 1691 qui

124 1703 248 1764 quautam
277 1701 325 1764 ipsi
351 1699 494 1761 dederant,
523 1699 572 1749 sed
597 1699 649 1749 du·
686 1701 855 1764 spectaretur
866 1703 939 1762 tunc,
953 1714 1014 1751 cum
1024 1703 1145 1766 fatigaret
1154 1715 1211 1762 eos¹

123 1774 205 1840 plum,
232 1777 285 1826 hoc
303 1778 356 1835 est,
384 1789 445 1825 earu
463 1788 515 1824 noo
535 1772 648 1838 simplici
686 1775 789 1838 maguis
818 1773 938 1828 cladibus
969 1775 1104 1839 frangeret
1132 1779 1212 1840 atque

125 1850 310 1902 reddentem.»
337 1851 460 1900 Possum.
490 1849 571 1910 «Quia
588 1847 649 1911 piu·
685 1849 720 1900 ad
738 1850 954 1913 desperationem
971 1851 1132 1914 redigeret.»
1163 1853 1213 1902 Ce-

125 1938 166 1975 res
194 1927 313 1976 hostium
341 1927 537 1988 prostraverat,
566 1937 648 1986 quam
686 1925 773 1974 terum
799 1927 861 1974 ncta
893 1923 1112 1988 negligentiorem
1134 1928 1212 1977 buius
1237 1977 1241 1984 ,

124 2003 240 2060 <suorum
256 1999 379 2062 miiitum)
398 1998 563 2063 perdideras
582 1999 649 2049 Dru·
685 2010 781 2048 versus
799 2011 952 2059 caesuram,
972 2013 1054 2063 quam
1074 2004 1164 2051 tamen
1178 2014 1212 2051 ne

123 2087 167 2126 sus
183 2077 253 2126 euim
274 2073 362 2126 laesus
379 2073 476 2137 placari
501 2086 554 2124 non
571 2077 649 2136 pote-
685 2071 819 2122 Bentleius
845 2073 953 2136 quidem
979 2075 1159 2138 reprehendit.
1181 2102 1209 2112 -

125 2151 175 2210 rat,
201 2151 251 2200 nisi
280 2148 377 2214 duplex
402 2147 452 2200 illis
473 2149 583 2199 interret
599 2148 648 2197 da·
684 2147 899 2211 morti-iiderac]
926 2148 1020 2197 nexitio
1043 2162 1103 2199 sese
1126 2149 1212 2200 devo-

124 2235 239 2274 muum.n
272 2225 356 2274 Coun.
377 2225 455 2282 Caco.
485 2226 524 2274 De
547 2223 647 2272 rariore
685 2221 792 2282 ventes,
813 2224 840 2271 ut
857 2220 953 2271 saltem
970 2221 1046 2272 liberi
1061 2225 1213 2288 atqueaui-

124 2301 320 2350 ccnstructione
349 2300 408 2360 pias
434 2300 488 2349 uice
514 2311 563 2363 pro
591 2297 650 2360 pias
686 2295 737 2344 mis
754 2295 842 2344 invicti
863 2298 1058 2346 morerentur.»
1088 2299 1145 2358 Quo
1169 2299 1213 2348 Ti-

123 2385 197 2433 aucm
217 2377 274 2424 eice
296 2374 343 2425 cir.
363 2373 510 2426 Firnhaber
529 2374 555 2424 in
576 2373 648 2422 Zim-
685 2368 753 2420 berii
779 2371 888 2420 victoria
914 2371 999 2420 maior
1027 2371 1211 2436 difficiliorque

124 2450 272 2500 mormandi
288 2449 380 2498 Zucir.
401 2448 473 2500 istc.
493 2462 519 2512 p.
540 2445 612 2497 isit.
686 2447 826 2508 appareat,
846 2441 1106 2508 egregiasbostibus
1122 2445 1212 2497 tribuit

155 2521 193 2572 tt.
219 2537 301 2587 praue
320 2524 455 2588 proelians]
480 2524 555 2572 Hunc
572 2534 645 2571 uum.
685 2518 786 2569 laudes.
814 2547 842 2556 -
868 2519 1014 2584 Indomitos]
1041 2521 1211 2572 «furentes»

124 2594 186 2658 sing.
204 2610 334 2660 premens
352 2599 402 2648 Fea
415 2597 552 2648 contendit
567 2609 648 2660 pree·
685 2595 776 2644 Senon.
792 2595 890 2655 nouae,
902 2596 966 2646 dum
976 2607 1021 2646 ees
1034 2602 1145 2656 acerem,
1161 2597 1212 2658 (Sic

125 2669 242 2722 cedentia
274 2673 431 2736 exponenda
463 2685 540 2724 esse:
572 2685 647 2720 «oon
685 2667 845 2736 γυμνάζειν.
861 2670 967 2720 Charite
979 2671 1110 2734 pagtes.
1123 2673 1208 2736 lips:

124 2755 174 2794 uno
200 2745 318 2811 proelio,
354 2761 407 2796 uon
439 2760 492 2796 uno
522 2745 646 2796 couliictu
685 2739 793 2807 αὐτοὺς
817 2742 994 2810 γυμνάσασα
1015 2741 1062 2795 διὰ
1085 2741 1139 2811 γῆς
1161 2747 1211 2796 καὶ

125 2819 222 2872 iinrsus
239 2820 386 2872 debellavit
402 2823 543 2872 Genaunes
563 2821 648 2870 Breu-
682 2819 854 2886 θαλάσσης.)
882 2820 1012 2872 violenter
1029 2822 1121 2884 agitat,
1149 2833 1212 2872 cum

124 2905 234 2959 nosque,
261 2909 323 2946 cum
341 2897 432 2946 contra
450 2895 570 2945 Tiberius
593 2906 647 2944 uno
684 2897 715 2946 iis
733 2894 856 2954 luctatur,
875 2895 972 2944 Auster
990 2894 1045 2956 (Od.
1066 2895 1092 2954 i,
1107 2895 1134 2954 i,
1149 2895 1209 2958 to),

124 2971 193 3028 gravi
204 2969 306 3035 proelio
319 2969 448 3020 devicerit
459 2970 564 3028 Raetos,
579 2979 647 3030 quos
684 2971 833 3020 saeviunt.»
867 2967 960 3018 Tibull.
978 2969 1008 3026 2,
1026 2969 1054 3028 3,
1073 2967 1119 3018 is:
1139 2969 1213 3018 Cloa-

123 3040 241 3104 piuribus
268 3044 416 3096 minoribus
443 3056 496 3094 non
524 3042 648 3107 potuerat
685 3045 721 3093 dit
744 3048 766 3092 at
788 3043 936 3092 indomitam
958 3043 1033 3092 aeota
1053 3055 1132 3092 more.
1167 3044 1211 3092 ln-

125 3115 222 3170 Drusus
230 3121 355 3184 quamvis
365 3132 454 3168 acer.»
480 3117 581 3167 Verum
594 3129 646 3166 non
685 3119 792 3168 donatas
809 3119 858 3168 etsi
875 3119 964 3181 potest
982 3117 1033 3166 dici
1051 3117 1132 3166 etiarn
1148 3131 1212 3167 veu-

125 3193 437 3254 memiueratDionistti‚
455 3192 647 3256 22.,quihaeo
685 3195 742 3252 tue,
779 3194 808 3242 ut
841 3203 1018 3254 quaecunque
1051 3189 1140 3240 lurore
1170 3191 1211 3241 ic-

124 3265 200 3317 tradit
217 3270 252 3320 de
269 3268 433 3320 Neronibus:
457 3261 647 3328 Ἐσβαλόντες
685 3270 779 3318 rantur
797 3265 880 3328 (Ouid.
900 3263 1007 3316 Heroid.
1022 3265 1067 3324 as,
1080 3265 1108 3314 9:
1130 3265 1210 3327 Uror,

124 3330 291 3408 crinigeris
316 3342 415 3414 χώραν
438 3339 506 3406 (τῶν
520 3337 647 3405 Ῥαιτῶν)
684 3349 711 3392 ut
728 3342 854 3392 indmnitis
871 3341 954 3404 ignem
970 3339 1140 3390 amramitae
1156 3341 1211 3390 iia-

124 3413 303 3478 πολλαχόθεν
320 3409 383 3482 ἅμα
402 3411 575 3487 ἀμφότεροι,
594 3409 647 3466 αὖ·
684 3419 721 3468 ris
746 3418 819 3480 cet),
846 3415 1016 3466 nibilominus
1041 3415 1067 3464 h.
1086 3413 1103 3465 i.
1122 3415 1210 3478 potius

124 3491 167 3540 roi
190 3507 221 3543 τε
243 3493 293 3544 καὶ
315 3488 362 3544 διὰ
383 3489 440 3542 τῶν
462 3485 647 3562 ὑποστρατὴ-
685 3508 709 3542 v.
728 3493 811 3542 undas
835 3490 946 3553 requirit
970 3487 1102 3540 ἐπίθετον
1127 3501 1210 3552 quam

123 3577 193 3628 γων,
219 3569 270 3618 καὶ
292 3559 310 3618 ὅ
332 3582 364 3632 ys
386 3565 517 3636 Τιβέριος
534 3567 583 3616 καὶ
599 3562 647 3616 διὰ
683 3567 772 3618 Auster
793 3579 843 3629 per
859 3578 888 3614 se
906 3562 1046 3614 violentus.
1083 3563 1210 3614 Ceterum

124 3636 173 3702 τῆς
204 3641 307 3709 λίμνης
335 3641 447 3706 πλοίοις
479 3642 645 3707 κομισθείς,
685 3639 860 3693 memorabile
884 3641 926 3690 est
947 3651 963 3688 a
986 3638 1051 3689 Cod.
1074 3637 1210 3689 Turicensi

124 3705 181 3764 α’νιό
206 3733 236 3768 τε
260 3714 366 3770 τούτου
392 3713 572 3783 κατέπληξαν
592 3711 647 3768 aei-
684 3719 743 3766 Sec.
761 3716 792 3766 ii.
812 3713 963 3764 confirmari
985 3710 1095 3764 Bentleii
1118 3714 1211 3762 conie-

124 3785 203 3852 τους,
224 3786 265 3854 ὡς
282 3787 417 3856 ἑκάστοις
434 3795 521 3855 σφισι
537 3807 647 3857 συμμι-
686 3794 791 3841 cturam
807 3789 952 3838 Iammura.
973 3815 1000 3824 -
1016 3799 1097 3850 prope
1120 3787 1209 3851 quale]

124 3860 252 3930 γνόντες,
281 3863 350 3930 τούς
373 3883 404 3918 τε
432 3861 477 3918 ἀεὶ
503 3866 533 3930 ἐς
549 3873 648 3937 χεῖρας
685 3868 758 3916 «Non
770 3864 879 3914 memini
892 3876 936 3913 me
949 3862 1021 3926 apud
1034 3861 1134 3912 bonum
1146 3867 1211 3926 poe-

128 3927 373 4006 ἀφικνουμένους,
393 3935 429 3992 ori
441 3937 583 4004 χαλεπῶς,
596 3933 648 3992 ἅτε
685 3943 739 3990 tam
756 3938 846 4002 legere
860 3951 942 4001 prope
958 3936 1000 3988 vel
1020 3938 1073 4000 tere
1089 3937 1116 3986 in
1133 3948 1209 3986 com-

125 4007 419 4083 διεσπασμένωςταῑς
427 4013 567 4081 δυνάμεσι
576 4033 648 4088 χρω-
685 4015 830 4078 paratione.
859 4015 915 4064 lice
931 4012 1025 4064 minuit
1042 4011 1207 4074 gravitatem,

124 4089 236 4155 μένους,
246 4089 474 4164 κατειργάσαντο
483 4090 542 4142 κτλ.
560 4094 646 4156 Atque
684 4089 753 4139 adeo
770 4091 800 4139 ut
817 4089 930 4152 imagine
947 4088 1036 4138 minus
1053 4085 1208 4146 afficiamur,

126 4167 231 4216 omnino
247 4171 326 4231 poeta
344 4170 370 4219 h.
390 4166 407 4218 l.
427 4180 539 4216 numero
554 4166 647 4230 plurali
685 4164 777 4214 moniti
794 4176 852 4213 rem
870 4163 1051 4227 comparatam
1066 4173 1119 4209 non
1131 4156 1209 4222 plane

127 4247 186 4288 cum
202 4243 240 4292 uti
257 4256 310 4292 non
328 4245 431 4306 posset,
446 4241 571 4304 proelians
582 4254 648 4290 σουν
685 4241 774 4289 tamen
787 4251 847 4288 esse
860 4235 986 4298 similem,
1005 4233 1054 4286 sed
1071 4245 1156 4298 prope
1168 4245 1211 4284 ac-

127 4311 218 4366 mittero
235 4331 283 4382 pro
299 4317 387 4368 bouum
404 4329 490 4381 gerne
501 4317 645 4379 usurpavit.
686 4313 793 4366 cedere.
828 4314 920 4376 ltaque
941 4323 1036 4375 prosae
1054 4309 1207 4372 scriptores,
