2998 4980
507 431 566 480 LlB.
585 432 604 479 l.
640 431 668 479 C.
688 429 796 479 xxvnt.

435 805 671 868 cm
684 805 883 868 xxm

161 979 200 1043 Te
224 977 322 1043 maris
344 985 375 1041 et
397 986 503 1042 terrae
527 996 730 1062 numeroque
754 975 894 1040 carentis
916 995 1034 1040 arenae

326 1098 508 1164 Mensorcm
530 1095 696 1174 cohibent,
721 1094 876 1184 Archyta,

160 1219 302 1286 Pulveris
325 1217 432 1306 exigui
454 1237 557 1305 prope
580 1217 654 1282 litus
678 1237 778 1304 parva
801 1215 954 1281 hlatinum

326 1339 474 1415 Munera,
498 1357 559 1404 nec
583 1337 762 1425 quidquam
784 1336 840 1403 tibi
863 1334 997 1424 prodest

181 1526 626 1590 xxvnr.1nscr.volg.Arehures.
654 1553 681 1562 -
707 1525 803 1590 (Necte
826 1529 849 1574 ct
871 1525 956 1587 iotopc
975 1523 1099 1586 Archytae
1123 1526 1171 1575 To-

149 1604 238 1652 rentini
254 1603 277 1653 J.
299 1603 337 1665 —l
359 1603 398 1651 Ad
416 1602 554 1663 Archytam
575 1602 736 1651 Tarentinum
754 1603 894 1662 peornetren
912 1599 937 1648 S.
958 1625 986 1634 —
1003 1599 1042 1648 Ad
1057 1599 1172 1650 Architen

151 1677 202 1740 (sic)
227 1691 318 1741 penore
344 1678 505 1726 Terentinum
530 1681 585 1726 arte
610 1679 749 1740 pecenetreu
774 1675 802 1724 T.
828 1701 855 1711 -
878 1675 901 1724 t.
928 1675 1039 1724 harenae
1063 1675 1112 1724 BT.
1142 1703 1169 1711 —

150 1751 173 1801 3,
190 1753 255 1817 litos]
282 1753 364 1802 mom
387 1752 436 1801 BT.
463 1779 491 1786 -
518 1751 542 1802 l.
568 1751 612 1801 tibi
637 1751 772 1812 quiequam
796 1763 864 1800 corr.
888 1746 922 1815 γι)
945 1763 988 1814 ap.
1011 1750 1117 1799 Kirchn.
1139 1750 1169 1799 N.

151 1827 265 1886 Quaestt.
286 1827 377 1878 Horat.
393 1839 420 1889 p.
439 1825 480 1876 36.
499 1827 539 1876 66.

149 1993 254 2044 llllvlll.
291 1995 421 2057 Tempus,
445 2007 498 2057 quo
515 1994 567 2044 hoc
584 1959 659 2044 oar·¹
711 1993 735 2042 3.
760 1992 893 2056 Matinum]
917 1993 1030 2044 Matinus
1053 2006 1130 2044 mons
1148 1995 1203 2043 sive

123 2079 178 2118 men
189 2069 369 2132 compositum
380 2067 426 2128 sit,
441 2067 641 2118 definiriomni-
677 2069 889 2132 promontorium
909 2081 993 2132 prope
1015 2067 1120 2118 radices
1138 2070 1204 2117 Gar·

123 2145 277 2206 numquit,
306 2142 437 2192 Kirchner
463 2145 490 2191 et
517 2141 641 2192 Walcke-
677 2143 736 2206 gani
755 2143 852 2192 montis
867 2143 891 2191 iu
902 2140 1011 2205 Apuliae
1023 2141 1113 2203 litore,
1134 2156 1203 2192 nunc

123 2227 181 2264 naer
202 2217 322 2267 referunt
345 2215 379 2266 ad
401 2230 424 2266 a.
445 2231 470 2267 u.
490 2230 514 2265 c.
533 2217 591 2266 7⁴7.
612 2243 639 2252 -
676 2218 811 2266 Matinum.
841 2217 907 2266 Vide
932 2216 1068 2279 adEpod.
1088 2217 1132 2276 ld,
1160 2218 1200 2266 ⁰28.

122 2288 300 2341 Difficillimum
313 2303 378 2341 sane
388 2292 430 2341 est
437 2303 532 2340 verum
542 2292 641 2340 statum
678 2289 771 2341 collato
784 2293 889 2340 Lucano
901 2291 933 2351 o,
948 2289 1005 2340 484.
1020 2293 1047 2340 et
1058 2289 1203 2341 Romauelli

121 2373 276 2428 scenamque
300 2365 426 2415 carminis
444 2365 478 2414 ita
496 2376 640 2427 exponere,
679 2368 827 2429 Topoprotta
852 2366 891 2415 del
914 2379 992 2429 repon
1014 2367 1039 2415 di
1056 2365 1149 2427 Nepoti
1169 2367 1200 2414 ll.

121 2438 146 2486 ut
166 2441 191 2488 et
212 2438 259 2488 tibi
281 2440 333 2503 ipsi
356 2441 383 2489 et
406 2437 463 2490 aliis
480 2439 639 2497 satisfaciam
677 2454 704 2505 p.
721 2441 778 2490 209.

122 2512 144 2560 in
159 2525 222 2580 quo,
240 2513 328 2564 libere
346 2515 376 2563 ut
387 2513 483 2574 fatear,
503 2527 556 2563 nou
569 2513 640 2563 omni
710 2515 733 2566 l.
763 2516 880 2580 Medera]
909 2515 1044 2578 «Exiguus
1069 2513 1201 2572 tumulus,

121 2585 189 2650 culpa
212 2601 316 2640 vacuus
336 2587 444 2638 videtur
468 2588 526 2651 ipse
551 2591 638 2651 poeta.
678 2589 739 2651 tibi,
763 2589 892 2652 Archyta,
917 2590 1042 2640 enesclo
1062 2602 1115 2652 quo
1132 2591 1203 2638 stru-

122 2661 314 2714 bircrsissimes
331 2664 383 2712 hac
400 2663 433 2712 de
450 2675 479 2712 re
492 2663 640 2728 propositas
678 2667 751 2726 ctus,
771 2667 796 2714 te
815 2663 995 2728 amplectitur,
1015 2665 1104 2728 tegit.»
1121 2664 1204 2714 Pialeia

122 2735 233 2788 ridemus
245 2739 401 2802 opiniones,
421 2750 489 2800 quas
501 2750 642 2786 enumera·
677 2753 726 2804 pro
752 2743 837 2798 terra,
866 2739 963 2799 humo,
990 2741 1019 2788 ut
1043 2739 1114 2802 apud
1139 2739 1201 2788 Stat.

122 2807 202 2862 bimus
211 2813 236 2862 in
245 2813 375 2863 Excursu.
395 2812 525 2876 Equidem
536 2811 638 2872 ἐπέχω.
678 2813 761 2864 Theb.
782 2813 828 2874 tt),
847 2813 908 2864 itt:
936 2815 1037 2878 aequati
1051 2827 1130 2874 puero
1147 2815 1205 2862 date

122 2883 216 2936 Etenim
236 2901 287 2938 non
308 2891 421 2936 nostium
440 2892 525 2936 tuntas
540 2901 642 2948 compo-
673 2888 786 2950 peloem's
796 2888 912 2948 hastatus,
925 2888 1201 2951 Earipcomquesaeem.

122 2971 174 3008 nere
189 2961 249 3011 lites.
677 2961 871 3011 adamantem
889 2963 962 3011 recte
981 2961 1031 3010 hoc
1050 2960 1202 3024 sepulcrum

151 3032 172 3082 t.
189 3037 290 3100 arenae]
306 3038 474 3098 lgnoramus,
493 3038 583 3085 utrum
595 3038 641 3085 Ar·
678 3033 789 3096 dicitur,
808 3036 899 3098 utpote
915 3034 987 3098 quod
998 3035 1141 3097 naufragus
1153 3033 1203 3084 sibi

122 3105 207 3168 mylas
231 3111 258 3160 in
283 3110 354 3160 libro
380 3110 443 3180 περὶ
466 3103 564 3180 ἀρχῶν
587 3111 640 3160 iam
678 3108 734 3171 ipse
747 3110 915 3171 anteparare
928 3110 1055 3172 nequeat,
1075 3108 1204 3171 quemad-

123 3181 198 3242 egerit
214 3182 247 3233 de
266 3197 381 3234 numero
399 3197 497 3233 arenae
513 3183 639 3246 ineundo,
678 3183 789 3232 modum
806 3197 887 3246 saepe
905 3183 967 3233 tacit
984 3184 1020 3243 is,
1048 3184 1092 3245 qui
1110 3196 1159 3232 suo
1176 3183 1202 3231 iu

123 3254 147 3302 ut
162 3261 219 3318 post
236 3271 301 3308 eum
318 3258 517 3308 Archimedes
511 3272 536 3308 m
557 3258 641 3323 Ψαμ-
677 3255 774 3307 lectulo
787 3259 907 3307 moritur.
929 3258 1019 3317 Qui
1031 3256 1106 3306 ahter
1118 3259 1202 3306 totum

122 3328 192 3398 μίτη
219 3333 266 3382 llic
284 3333 402 3395 initiop.
422 3333 446 3382 2
466 3333 513 3383 Ed.
532 3332 638 3384 Wallis:
678 3345 787 3382 carmen
806 3333 981 3392 constituunt,
1006 3334 1036 3381 ut
1056 3333 1089 3383 sit
1106 3334 1203 3382 nautae

124 3397 225 3456 οἴονται
253 3421 329 3469 τινες
355 3403 407 3458 τοῦ
433 3404 564 3473 ψάμμου
589 3405 641 3458 τὸν
677 3406 838 3470 colloquium
861 3421 924 3458 cum
940 3407 1073 3471 Archytae
1096 3407 1201 3468 umbra,

123 3468 273 3546 αριθμον
251 3495 374 3552 naamon
385 3478 464 3546 εἶμεν
474 3497 513 3548 τω
500 3479 638 3548 πλήθει·
677 3483 980 3546 sicinterpretantur.a
968 3480 1102 3532 «Pulveris
1117 3483 1202 3545 exigui

123 3549 147 3598 id
162 3555 231 3616 quod
247 3557 376 3620 deinceps
399 3557 553 3607 refutat—
572 3557 641 3608 Alibi
676 3569 757 3621 parva
781 3569 893 3606 munera
916 3557 1026 3619 (idest,
1053 3555 1140 3620 pulvis
1163 3559 1204 3606 ter

123 3637 222 3690 wenna,
248 3631 379 3693 ριιιυιινοιιι
403 3645 552 3692 hummare,
583 3634 640 3684 eius
676 3631 724 3681 tibi
751 3631 822 3680 nudo
839 3631 1024 3694 iniiciendus),
1051 3631 1140 3681 adhuc
1157 3631 1203 3682 tibi

123 3713 245 3754 cumeum
266 3705 401 3756 addicere
420 3706 555 3770 proverbii
577 3720 641 3771 spe·
678 3704 1202 3770 negata(nondumpersclutalmmbram

125 3775 186 3826 ciem
202 3777 284 3847 habet
307 3779 340 3830 de
358 3794 388 3830 re
405 3783 476 3830 irrita
495 3795 527 3831 ac
544 3795 641 3845 super·
677 3781 751 3829 tuam
769 3780 812 3830 hic
830 3782 958 3840 retinent,
985 3780 1054 3831 adeo
1071 3784 1100 3830 ut
1115 3781 1204 3831 Ache-

124 3861 240 3902 vacanea.
270 3853 395 3918 Exempla
419 3854 524 3918 collegit
543 3856 641 3905 Schra—
678 3856 782 3904 rontem
799 3855 918 3905 traiicere
931 3869 1077 3919 nequeasp»
1096 3868 1204 3918 compa-

125 3920 198 3976 derns
218 3927 347 3979 Emendd.
369 3942 396 3992 p.
420 3931 443 3978 7.
464 3931 549 3993 Atque
571 3930 641 3978 hanc
677 3929 767 3978 rantes
785 3929 833 3979 06.
847 3931 871 3990 2,
891 3931 931 3990 20,
951 3931 980 3980 8:
1000 3944 1045 3980 nec
1059 3930 1203 3994 Stypiaco-

125 3997 245 4050 rationem
267 4001 406 4066 amplexus
427 4006 469 4054 est
490 4003 641 4054 Dilleuhur-
677 4003 776 4052 hibebor
791 4005 869 4054 ιιιιιὶιι.
885 4004 933 4053 06.
947 4005 975 4064 3,
994 4003 1024 4064 l,
1043 4004 1087 4054 80:
1107 4009 1203 4054 trecen-

125 4082 179 4130 εει,
201 4075 226 4124 in
243 4075 401 4127 allocutione
420 4081 528 4139 nautae,
554 4079 641 4128 homi·
677 4083 717 4128 tue
733 4079 871 4128 Pirithoum
886 4078 997 4128 cohibent
1013 4083 1124 4128 eutarico.
1156 4077 1201 4127 Alii

125 4143 160 4194 nis
181 4147 291 4210 sordidi,
315 4154 344 4200 ut
365 4151 413 4212 ait,
438 4165 469 4202 ac
491 4151 640 4216 philosophi
678 4152 807 4216 denique,
827 4167 938 4217 prorsus
956 4152 1075 4216 neglecta
1093 4165 1203 4202 verast

126 4217 640 4296 studiaderidentisamaramelpovai‘cn
677 4228 881 4291 gnificatiouev.
895 4241 1015 4277 monera:
1035 4228 1204 4277 «Portioexi-

127 4289 207 4345 inesse
223 4297 356 4350 immerito
373 4300 525 4351 arbitratus
677 4315 730 4365 gua
737 4301 862 4367 pulveris
876 4316 957 4352 arena
964 4315 1067 4365 exigua
1081 4303 1106 4350 te
1119 4302 1201 4360 tenet,
