3002 4974
278 419 339 484 272
541 489 543 496 s
664 421 793 472 aunarii
811 419 980 472 ciaumuu

514 559 601 624 More
624 579 734 624 comas
756 556 890 644 religata
912 557 1041 622 nodum.

347 757 388 807 al.
407 769 491 806 cornus
508 757 545 805 ST
563 758 589 805 et
606 769 646 818 pr.
665 754 700 816 h,
719 755 783 803 item
801 711 919 820 quinque
938 753 1066 803 Pottierii:
1090 768 1176 804 corace
1192 757 1221 815 Β,
1240 769 1339 805 ceramo

314 832 347 882 cd
364 835 391 882 et
407 845 476 880 corr.
494 830 522 892 h,
541 833 647 895 septem
664 833 749 891 Poll,
778 835 837 895 Lct,
856 830 940 882 Bentl.
961 832 988 878 et
1005 831 1037 880 M.
1058 829 1085 865 -'
1115 831 1228 894 relapam
1245 831 1272 878 T.
1311 858 1339 865 --

312 908 377 956 nodo
393 905 476 956 Bentl.
490 906 557 955 coni.
578 910 605 955 ct
622 907 653 956 M.
675 907 714 968 (Ut
732 921 792 967 nos,
812 921 905 960 omnes
923 905 1005 956 nostri
1023 907 1051 954 et
1067 906 1202 966 Pottierii.)

282 1085 417 1134 Laconum
453 1084 535 1133 choro
571 1083 642 1147 apud
670 1085 804 1148 aristoph.
843 1087 934 1136 autem
960 1086 1014 1132 tem
1040 1082 1191 1148 simplicem
1217 1081 1321 1132 cultum
1348 1085 1374 1130 et

282 1159 391 1220 Lysistr.
424 1157 504 1208 itio:
539 1149 606 1207 Ἀλλ’
632 1150 686 1224 ἄγε
710 1154 806 1223 κόμαν
844 1158 895 1210 sibi
912 1161 940 1208 et
956 1159 1057 1217 amico,
1085 1158 1184 1220 quippe
1211 1170 1274 1206 cum
1299 1159 1375 1206 uter·

281 1229 523 1302 Παραμπύκιδδε,
548 1232 619 1282 unde
643 1233 723 1283 crinis
745 1231 809 1296 liga·
844 1247 896 1296 que
922 1233 1099 1296 provectioris
1126 1233 1178 1281 iam
1205 1232 1240 1282 sit
1257 1233 1371 1291 aetatis.

284 1321 348 1358 men
365 1302 578 1376 παραμπύκιον.
621 1308 678 1356 iilos
697 1307 739 1356 hic
757 1307 807 1356 La·
845 1307 969 1358 sulficere
987 1321 1038 1357 nec
1055 1307 1156 1369 requiri
1174 1305 1208 1354 ab
1227 1306 1315 1355 amica
1330 1319 1374 1355 or-

283 1383 392 1432 conicus
401 1385 511 1445 propter
520 1379 718 1446 simplicitatem
726 1393 806 1444 saepe
844 1385 937 1432 natum
962 1381 1050 1442 illum,
1078 1397 1130 1445 qua
1158 1380 1375 1432 adolescentulos

282 1455 429 1506 artificibus
439 1469 546 1519 quoque
558 1454 664 1520 placuit.
684 1457 726 1505 Sic
737 1457 808 1519 picta
845 1455 950 1507 allicere
969 1456 1032 1507 alias
1050 1455 1142 1507 soleat.
1165 1485 1192 1494 -ψ
1212 1455 1266 1505 Cir.
1294 1457 1375 1504 etiem

284 1532 326 1582 est
351 1529 470 1580 Atalanta
495 1533 522 1580 in
541 1529 629 1580 tabula
646 1532 807 1594 Pompeiana
846 1532 1007 1582 contrariam
1024 1531 1168 1594 imaginem
1183 1531 1260 1591 poert
1272 1531 1376 1593 longam

283 1609 349 1656 lior.
377 1605 452 1655 norb.
478 1606 623 1655 V11.T.2.
650 1619 762 1669 prorsus
779 1607 809 1654 ut
844 1606 989 1654 renodantis
1005 1619 1103 1656 coneum
1119 1603 1203 1667 Epod.
1221 1605 1325 1664 lists.
1348 1631 1374 1638 -

284 1680 317 1730 de
336 1680 433 1730 eadem
450 1680 525 1730 Ovid.
539 1682 600 1731 llet.
619 1681 647 1740 8,
667 1681 731 1730 348:
751 1680 809 1729 Cra·-
846 1679 930 1742 (Addo
939 1681 1047 1729 omnino
1057 1693 1148 1729 amare
1157 1681 1253 1742 poetas
1262 1682 1375 1742 propter

283 1756 324 1804 als
339 1759 395 1804 erat
410 1755 526 1815 simplas,
544 1756 637 1803 nodam
653 1755 767 1803 collectae
782 1756 809 1801 io
846 1754 1070 1818 pulchritudinem
1095 1755 1230 1803 Lacaenas
1257 1754 1375 1814 virgines

283 1843 372 1878 απανπ.
400 1827 452 1878 Cir.
466 1827 542 1892 Apul.
556 1830 617 1879 ltlet.
631 1830 662 1888 2,
676 1829 704 1877 9:
724 1829 810 1878 Canes
847 1841 1013 1888 memorare;
1032 1829 1164 1891 Theognis
1174 1829 1247 1878 ⁴002.
1263 1829 1376 1877 Schnei-

280 1903 421 1965 paclltaper
445 1903 479 1950 ad
501 1904 577 1965 finem
599 1903 759 1965 coaptabatur
783 1904 810 1951 io
846 1902 931 1953 dem:
969 1895 1091 1968 Εὐειδὴς
1127 1896 1258 1972 ῥαδιναῐς
1294 1902 1376 1972 χερσὶ

284 1990 408 2025 mamam
423 1977 540 2026 verticem
554 1979 633 2026 nodus
643 1979 807 2026 astriraoorat.
845 1973 978 2028 Λάκαινα
1003 1973 1086 2048 κόρη.
1128 1979 1216 2027 «Nosti
1237 1973 1376 2048 Σπάρτην

284 2053 327 2100 Sic
352 2049 512 2113 Polygnotus
541 2052 621 2101 etiam
648 2050 809 2113 Polyxenam
845 2049 1089 2119 καλλιγύναικα»)
1102 2053 1187 2102 Animi
1197 2053 1306 2102 tantum
1316 2066 1376 2102 cau·

284 2125 425 2174 Troianam
442 2125 607 2188 depinxerat.
626 2128 747 2176 Pausan.
768 2127 807 2186 ⁴0,
846 2141 876 2177 se
888 2127 1036 2176 notandum
1054 2129 1095 2176 cst
1107 2139 1216 2176 carmen
1234 2126 1290 2176 hoc
1310 2125 1375 2175 hila·
1483 2131 1484 2142 ¹

284 2201 333 2250 25:
351 2196 500 2266 Πολυξένη
517 2196 591 2250 κατὰ
607 2197 644 2250 τὰ
659 2201 809 2266 εἰθισμένα
846 2215 907 2252 rum
925 2203 1005 2265 atquc
1017 2200 1125 2263 elegans
1138 2200 1270 2254 Hoimano
1283 2199 1375 2250 Peerl-

285 2275 439 2345 παρθένοις
464 2268 674 2327 ἀναπέπλεκται
697 2271 750 2338 τὰς
779 2275 809 2326 ἐν
846 2277 953 2339 kampio
978 2274 1115 2338 indignum
1147 2275 1255 2324 Horatio
1288 2277 1376 2325 visum

223 2363 235 2381 ·
286 2346 320 2419 τῇ
346 2345 459 2420 κεφαλῇ
485 2351 593 2420 τρίχας.
622 2379 648 2388 -
674 2351 809 2414 signiticat
847 2362 907 2400 esse
925 2364 957 2400 ac
974 2349 1154 2400 subditicium.

757 2589 858 2597 auu-⁴...-
868 2591 896 2598 .-

635 2772 1004 2832 EXCURSUS

732 2906 923 2972 Anuitsq.

353 3027 519 3088 «Δνεννλοονο
541 3027 622 3077 nardo
636 3031 755 3088 potamus
771 3025 854 3089 uncti]
872 3027 905 3076 Μ,
924 3028 954 3076 Α.
982 3025 1169 3078 Diettcrichius
1197 3027 1281 3090 (Jahn.
1307 3031 1373 3079 Anu.
1483 3083 1484 3092 p

288 3113 319 3162 N.
337 3110 394 3161 Vol.
414 3110 455 3160 3l.
475 3122 501 3174 p.
520 3110 574 3172 97.)
594 3108 768 3160 scribendum
791 3111 885 3158 censet
906 3110 1056 3184 insanoque
1078 3109 1144 3172 (coll.
1164 3112 1255 3161 Horat.
1275 3113 1325 3162 Od.
1346 3113 1374 3162 ll.

287 3195 358 3256 7,8.
393 3194 450 3244 rib.
470 3195 500 3244 ll.
520 3195 592 3254 zi.
627 3193 807 3256 111.6‚63.)‚
831 3192 916 3257 quod,
941 3193 1127 3244 utcxeddito
1143 3197 1373 3260 unctiappareat‚
1483 3193 1484 3216 ³

288 3291 342 3329 non
366 3277 451 3328 herba
477 3279 523 3326 aut
548 3275 650 3338 lolium,
681 3275 729 3326 sed
758 3279 939 3340 unguentum.
954 3275 1124 3342 significetur.
1170 3282 1204 3329 At
1231 3292 1375 3330 commune

289 3364 330 3411 est
345 3363 500 3425 poctarum,
527 3361 557 3408 ut
579 3372 632 3410 non
653 3373 713 3409 raro
731 3373 790 3411 rem
806 3363 983 3424 naturamque
1001 3362 1087 3425 ipsam
1106 3363 1258 3414 describant
1275 3365 1375 3428 signill-

289 3445 374 3494 caturi
390 3445 418 3494 id
435 3443 507 3507 quod
525 3443 586 3493 inde
605 3443 731 3494 effectum
749 3445 798 3494 est.
835 3444 887 3494 Cir.
907 3445 970 3494 Hor.
990 3446 1038 3495 0d.
1056 3447 1098 3495 111.
1119 3447 1164 3508 29,
1182 3447 1206 3498 l.
1222 3461 1313 3508 pressa
1330 3449 1376 3498 tuis

289 3527 395 3576 οαλοπια
410 3527 507 3588 capillis
525 3527 541 3577 i.
555 3540 579 3576 e.
592 3526 718 3577 balanum
735 3541 757 3578 e.
777 3527 991 3592 myrobalanum.
1017 3529 1050 3594 (v.
1069 3529 1134 3580 Plin.
1154 3531 1185 3580 ll.
1203 3533 1234 3581 N.
1256 3533 1311 3582 llll.
1334 3531 1373 3582 lt.

289 3612 365 3662 llart.
384 3611 472 3673 Epigr.
491 3610 555 3659 xlv.
575 3610 626 3673 tl.)
642 3611 689 3661 Od.
708 3613 728 3661 Ι.
747 3612 794 3672 20,
814 3611 854 3661 to.
890 3611 1004 3662 Caecuba
1020 3627 1085 3672 νοω
1103 3614 1175 3677 Virg.
1195 3616 1290 3678 Georg.
1310 3617 1330 3664 1.
1350 3615 1372 3664 9.

289 3695 405 3743 immam
421 3705 487 3742 acac
503 3695 555 3742 etc.

356 3776 441 3835 Quam
457 3776 587 3837 Assyriam
603 3776 646 3825 hic
662 3778 773 3826 nardum
790 3777 913 3829 Horatius
931 3780 1076 3829 nominavit
1093 3780 1211 3832 Indicam
1223 3795 1284 3832 esse
1296 3795 1374 3833 nemo
1483 3777 1484 3794 l

290 3872 409 3922 unquam
426 3859 533 3910 videtur
548 3859 694 3911 dubitasse.
731 3861 783 3911 Sed
800 3863 874 3925 quod
895 3862 959 3911 dixit
976 3861 1087 3914 Orellius
1110 3877 1169 3916 esse
1187 3865 1306 3916 indicam
1325 3879 1374 3916 «ex
1483 3873 1484 3900 ³

290 3943 366 4006 Syria
391 3943 565 4004 advectam»,
597 3943 676 3994 huius
701 3945 815 3994 nominis
842 3942 990 4008 explicandi
1016 3947 1079 3996 mihi
1106 3947 1155 3998 alia
1181 3950 1247 3998 ratio
1272 3949 1375 3999 videtur

291 4026 406 4077 ineunda
425 4037 493 4076 esse.

356 4109 474 4160 Primum
490 4123 618 4160 ανιοπααπ
635 4110 714 4161 etiam
731 4112 860 4173 Ararim
877 4109 949 4174 (Plin.
969 4113 1000 4163 H.
1013 4116 1044 4164 N.
1058 4115 1110 4181 llll.
1125 4115 1166 4166 28.
1201 4116 1271 4180 Virg.
1285 4115 1372 4178 Eclog.

291 4193 320 4254 3,
338 4193 379 4243 89.
399 4193 427 4252 l,
446 4194 478 4244 25
496 4193 558 4256 etc.)
585 4169 755 4246 hauddubie
772 4197 885 4246 lodicum
901 4197 963 4258 luit,
990 4200 1019 4248 ut
1039 4199 1225 4250 mulctatam
1245 4203 1286 4252 est
1303 4201 1372 4263 (lior.

292 4277 339 4326 Od.
365 4279 395 4327 ll.
421 4277 449 4338 7,
474 4277 523 4338 8.),
550 4291 575 4326 v.
604 4276 699 4330 lliillm.
728 4281 867 4330 Goaclicttc
891 4281 916 4328 d.
943 4281 1034 4342 palaea.
1062 4282 1170 4332 Haodcls
1194 4296 1220 4347 p.
1247 4285 1303 4333 ill.
1345 4283 1373 4334 Et
