3078 4978
545 459 646 509 LIBER.
682 459 779 510 Cillibl.
802 460 832 510 ll.

333 617 393 680 Aut
415 615 511 682 amite
533 613 595 682 levi
619 635 691 680 rara
715 613 816 682 tendit
838 617 933 692 retia,

377 735 491 802 Turdis
513 735 669 803 edacibus
693 735 802 813 dolos,

328 855 551 945 Pavidumque
566 856 711 944 leporem
723 867 755 924 et
767 857 926 926 advenam
938 859 1056 948 laqueo
1070 883 1183 948 gruem
1205 865 1246 927 35

371 979 516 1046 Iucunda
539 988 646 1066 captat
666 979 820 1066 praemia.

328 1099 407 1179 Quis
428 1120 493 1166 non
516 1097 689 1174 malarum,
713 1121 795 1188 quas
818 1122 909 1168 amor
931 1123 1027 1170 curas
1051 1103 1164 1180 habet,

369 1221 457 1288 llaec
480 1220 562 1287 inter
584 1221 810 1290 obliviscitur?

190 1441 230 1490 344.
249 1439 402 1489 Pacldumcc
426 1436 560 1488 Bentleius
586 1439 654 1488 coni.
675 1464 703 1474 -
735 1437 775 1488 36.
796 1441 843 1490 llic
861 1453 885 1490 v.
905 1442 931 1492 iu
948 1442 968 1491 B
985 1440 1093 1492 ultimus
1111 1445 1159 1494 est.
1181 1470 1209 1480 -

190 1514 230 1563 37.
249 1512 375 1562 malam
391 1523 431 1576 pr.
442 1509 473 1572 b,
493 1512 555 1562 item
568 1510 695 1573 Aldinae,
714 1513 807 1564 Bothe.
827 1514 940 1578 (utros,
959 1515 1033 1566 Bscd
1050 1519 1077 1566 et
1088 1529 1157 1566 corr.
1172 1517 1209 1578 b.)

156 1709 207 1760 bus
237 1705 392 1772 piscatoriis.
428 1703 513 1768 Plagis
539 1709 629 1757 autem
654 1709 681 1756 et
716 1705 814 1770 leporis
823 1719 932 1758 cursum
941 1711 969 1758 et
977 1707 1094 1759 rolatum
1102 1711 1174 1773 gruis
1183 1712 1243 1762 imi-

156 1782 278 1834 cassibus
306 1780 450 1832 utebantur
478 1780 505 1830 in
535 1793 679 1845 aprorum,
717 1781 828 1832 tandum
840 1780 961 1832 consulto
973 1782 1069 1834 deiecti
1080 1784 1212 1836 videntur.

155 1869 331 1922 capreorum,
358 1867 500 1906 cervorum
526 1856 678 1916 venatione,
749 1855 790 1905 37.
813 1855 854 1906 38.
874 1857 1070 1922 Quisnanoet.]
1090 1859 1169 1918 «Quis
1187 1873 1241 1910 non

154 1931 257 1983 retibus
279 1931 306 1980 in
328 1929 422 1980 avibus
446 1932 473 1978 et
497 1928 617 1993 piscibus
635 1943 681 1980 ca-
716 1931 855 1991 malamm‚
876 1930 1049 1982 molestarum
1067 1945 1192 1983 curarum
1210 1947 1242 1983 ac

153 2006 269 2072 piendis.
287 2003 558 2065 martinianam:
575 2005 681 2055 Adici-
716 2002 938 2066 sollicitudinum,
975 2019 1043 2069 quae
1080 2007 1241 2058 laminarum

151 2083 265 2144 ροαίιαηι
289 2079 398 2130 cassibus
421 2079 496 2142 refert
521 2081 631 2130 damam
651 2107 679 2116 -
716 2091 823 2129 amores
835 2080 1009 2140 comitantur,
1028 2093 1074 2131 rus
1089 2080 1179 2132 colens
1194 2083 1242 2132 ob-

153 2153 611 2219 dolas]manileslocstuppositioad
625 2156 681 2204 ten-
715 2151 875 2204 liviscitur‘lr
910 2154 982 2203 inter
1002 2155 1100 2205 umoris
1121 2155 1239 2206 remedia

154 2230 276 2288 sarcita,
296 2241 346 2279 nec
360 2227 490 2290 siguificat
504 2241 579 2278 acas.
598 2229 679 2279 Turdi
715 2227 795 2276 vitam
814 2227 938 2278 rusticam
957 2230 1166 2280 etvenationem
1185 2230 1241 2282 lau-

153 2305 245 2369 (tcrds',
264 2319 277 2353 c
294 2302 432 2367 baccadclri)
451 2304 604 2354 etiamnunc
621 2304 678 2353 sine
715 2300 848 2350 datetiam
860 2301 1003 2354 Ovidiusli.
1015 2306 1045 2353 A.
1057 2317 1099 2353 vv.
1120 2305 1168 2354 469
1178 2319 1238 2368 sqq.

153 2377 205 2430 ulla
231 2391 295 2428 esca
319 2377 354 2428 ab
380 2376 451 2427 italis
476 2377 554 2428 buius
574 2378 679 2442 aucupii
715 2375 788 2426 Nulla
811 2388 921 2439 prorsus
942 2377 1010 2428 inest
1033 2377 1173 2428 difficultas
1191 2393 1240 2429 ne-

153 2466 285 2518 perquam
301 2452 427 2503 studiosis
445 2453 585 2516 capiuntur
602 2451 678 2502 illici-
714 2463 767 2513 que
794 2451 820 2499 in
849 2453 1054 2502 constructionis
1082 2455 1239 2506 attractione

152 2528 205 2578 bus
216 2527 330 2591 (ciceia),
349 2526 488 2576 tormidine
501 2526 618 2592 (lacero),
637 2541 679 2576 re-
713 2523 767 2589 (τίς
785 2517 819 2575 οὐ
837 2527 995 2588 κακίστων,
1013 2521 1050 2590 ἂς
1067 2521 1140 2598 ’ἔρως
1156 2521 1239 2592 ἀνίας

153 2602 240 2662 tibus,
262 2600 373 2665 laqueis.
407 2601 504 2652 scaea
521 2603 612 2654 autem
628 2616 678 2652 vo·
714 2595 790 2662 ἔχει,
808 2598 998 2661 λανθάνεται;
1017 2605 1070 2652 Sat.
1085 2605 1095 2652 4
1110 2642 1115 2663 ,
1129 2604 1173 2664 40,
1193 2605 1237 2654 tt:

152 2681 258 2737 mutor,
286 2676 347 2739 quia
365 2676 468 2726 semina
485 2677 565 2740 atque
584 2677 677 2742 impri-
712 2675 765 2737 llll,
792 2677 887 2738 scripta
903 2677 992 2737 quibus
1008 2678 1136 2727 comoedia
1152 2679 1240 2740 prisca

153 2753 204 2803 mis
221 2751 333 2814 iuniperi
350 2749 431 2802 bacas
443 2752 568 2801 continuo
583 2752 677 2801 rostris
711 2751 775 2800 airis
785 2756 828 2800 est.
848 2751 937 2814 virgil.
956 2755 1021 2802 Aen.
1035 2753 1064 2812 8,
1085 2753 1168 2814 toa),
1189 2767 1238 2802 ne-

152 2827 289 2890 appetunt.
308 2823 418 2874 Martini.
438 2821 454 2874 i.
468 2821 484 2873 l.
498 2825 543 2874 26:
562 2825 611 2874 Sed
622 2829 677 2874 tca-
714 2837 767 2888 quo
784 2825 811 2873 in
836 2825 928 2875 verbis
954 2827 1027 2888 ipsis.
1062 2825 1128 2875 Illud
1150 2827 1239 2888 potius

151 2900 189 2948 dit
204 2899 285 2948 acida
300 2903 353 2948 rate
368 2898 497 2948 subactam
513 2899 602 2947 tardis.
621 2897 678 2948 Pal·
714 2898 825 2948 concedi
842 2901 944 2962 potest,
963 2901 1032 2949 hunc
1044 2899 1070 2948 in
1083 2899 1239 2950 feneratoris

151 2973 238 3024 ladius
263 2972 405 3024 Decembri
429 2973 458 3022 6:
491 2973 607 3034 Tsnrpara
631 2972 677 3022 boc
713 2985 759 3022 ore
785 2985 908 3023 amorum
940 2974 1105 3024 mentionem
1136 2973 1239 3024 ridiculi

149 3061 197 3110 par
220 3048 323 3097 macrias
338 3047 415 3096 silom
437 3052 460 3096 et
483 3047 549 3096 bacis
569 3047 676 3109 facunda
713 3045 812 3110 aliquid
829 3047 981 3110 continere,
1008 3048 1057 3098 etsi
1075 3048 1153 3111 ipsis,
1177 3050 1239 3111 qui-

150 3123 264 3185 ciryalta
289 3123 323 3172 ad
347 3122 478 3170 tardaret
502 3126 596 3170 ceteras
619 3133 678 3170 acas
712 3121 763 3172 bus
785 3123 867 3172 utitur
888 3123 956 3172 vitoe
979 3123 1093 3172 rusticae
1116 3123 1238 3185 imagini—

150 3197 285 3258 capicndas
311 3195 413 3258 laqueos
440 3196 558 3257 canaam
585 3207 676 3244 corras-
712 3197 764 3246 bus
790 3195 872 3247 iltius
897 3197 985 3247 virum
1011 3195 1152 3247 robustum
1176 3209 1237 3246 sese

150 3271 210 3321 aiat.
235 3271 287 3320 Hoc
297 3282 375 3331 caque
390 3271 417 3318 ln
433 3270 556 3320 Martiam
569 3281 677 3318 muscia
712 3284 772 3322 csse
792 3270 862 3321 clare
881 3271 1018 3333 significat.
1053 3270 1176 3321 Aldinam
1195 3268 1236 3320 lc-

150 3346 264 3396 undatur
280 3346 424 3406 acceptari.
447 3371 473 3381 -κ
495 3344 625 3407 maram]
645 3357 676 3392 cc
712 3347 828 3397 ctionem
842 3347 982 3407 macram,
1003 3358 1072 3410 quae
1090 3347 1179 3396 lamcn
1192 3358 1237 3394 an-

150 3433 250 3483 gensrc
267 3420 444 3470 adventicio.»
468 3419 551 3468 Varro
564 3420 593 3468 ii.
606 3421 635 3468 a.
649 3417 674 3480 3,
712 3421 821 3485 liquitus
844 3422 897 3471 iam
918 3420 1035 3470 fautores
1052 3419 1178 3470 habuisse
1196 3419 1237 3468 ri-

149 3497 179 3556 a,
198 3497 222 3545 7.
241 3493 306 3545 Plin.
322 3495 351 3544 ii.
365 3496 395 3544 N.
417 3493 463 3555 40,
482 3493 527 3552 23,
546 3493 592 3542 30:
613 3493 676 3542 Car·
712 3493 790 3544 detur
810 3496 877 3544 teste
896 3495 961 3544 Cod.
982 3492 1008 3542 b.
1027 3507 1042 3542 a
1060 3506 1101 3556 pr.
1121 3505 1168 3552 m.,
1187 3493 1236 3542 nisi

151 3570 232 3620 relisis
242 3570 443 3631 Nepos--cam
459 3567 575 3616 scribmt
591 3567 678 3616 turdos
712 3571 802 3619 tamen
834 3569 860 3618 in
895 3567 946 3618 hoc
980 3567 1028 3616 tuit
1061 3579 1137 3616 error
1172 3579 1236 3616 casu

148 3643 236 3706 amado
252 3649 311 3693 mdc
326 3648 424 3705 coeptos
433 3643 561 3706 cocleari,
580 3641 676 3690 addidit
711 3642 872 3692 commissus
884 3643 1042 3704 matureque
1055 3653 1070 3688 a
1083 3641 1245 3702 correctore

149 3719 260 3768 mmm
274 3719 357 3781 ntaqb
374 3717 477 3779 placere
494 3729 571 3778 quan
586 3729 674 3778 ames,
712 3715 886 3775 emendatum
905 3715 1003 3765 nostris
1020 3726 1113 3765 rursus
1132 3716 1238 3778 tempo-

148 3805 206 3843 cam
233 3793 294 3842 llaec
318 3805 385 3842 amic
410 3792 461 3840 alas
487 3792 554 3840 inter
577 3791 677 3852 primas
710 3789 785 3840 ribus
802 3793 945 3853 patronum
963 3788 1098 3839 invenisse
1116 3789 1158 3838 uin
1176 3801 1237 3837 cre-

146 3871 299 3928 copctatar,
319 3867 390 3916 illam
405 3879 476 3915 nemo
491 3865 549 3914 vcllt
565 3864 676 3927 atttytssc
711 3863 790 3914 dibile
815 3863 928 3914 videtur.
958 3863 1088 3914 Videlicet
1113 3863 1147 3912 ita
1165 3875 1236 3912 con-

150 3939 587 4004 (nuncttalineutramattingunt).
606 3937 672 3990 ibid.
710 3939 818 3988 struxit:
846 3938 902 4000 culs
918 3939 983 3988 inter
1004 3937 1064 3986 hacc
1081 3950 1131 3985 nan
1148 3935 1236 3984 oblivi-

149 4015 195 4065 34:
222 4015 245 4064 14
269 4015 405 4078 mnatnqaa
429 4014 514 4064 aenne
539 4011 672 4076 (ciconias)
708 4013 786 4062 mitur
810 4025 899 4072 caras,
926 4025 990 4074 quas
1012 4024 1086 4060 amor
1109 4009 1236 4058 maenam

148 4103 198 4140 noc
215 4089 327 4150 dabam,
346 4089 431 4139 eodan
446 4102 495 4150 qao
506 4089 673 4151 mwsnrado,
708 4087 798 4138 babet?
810 4089 964 4152 comparato
974 4085 1048 4136 Ouid.
1059 4085 1121 4134 ittet.
1133 4085 1156 4142 4,
1171 4082 1231 4134 44οε

148 4163 206 4214 illos
229 4163 328 4224 bicinis,
357 4163 403 4213 bas
428 4163 530 4212 aestans
554 4163 673 4212 adeam
710 4175 767 4224 opas
777 4162 939 4211 imitamenta
948 4159 1082 4210 maloram
1102 4155 1155 4206 Sed
1166 4167 1236 4204 ama

150 4267 178 4274 -
188 4239 331 4302 Anapaeeti
343 4237 397 4288 duo
406 4238 558 4300 pauidanwc
566 4263 577 4272 -
585 4237 674 4300 becco
709 4249 763 4287 rem
773 4235 964 4286 mnemonico
977 4245 1058 4284 sensu
1066 4231 1157 4281 dicere
1169 4242 1235 4280 nun·

149 4315 176 4362 et
193 4311 344 4376 tribrachys
366 4325 413 4375 aare
433 4313 487 4375 lopo
504 4312 539 4362 ad
555 4310 672 4362 celerem
711 4303 1234 4374 quampoterntiioratius.-Hacctatcr]
