2992 4978
244 435 304 499 448
628 434 754 510 tronum
776 433 943 484 04040000

413 593 449 656 Et
471 613 564 656 soror
586 589 662 656 oiari
685 588 777 655 ducis
800 598 832 654 et
854 588 992 654 decorae

495 709 647 798 Suppliae
669 711 745 776 vitta

412 871 573 956 Virginnm
596 879 714 935 matres
728 870 955 958 iuvenumque
979 891 1082 957 nuper

410 991 581 1078 Sospitam.
626 993 705 1065 Vos,
729 1012 749 1056 0
772 991 863 1077 pueri
889 1001 921 1056 et
943 989 1070 1079 puellae
1287 992 1329 1056 to

411 1116 477 1179 lam
502 1114 604 1179 virum
628 1123 795 1199 expertae,
819 1111 904 1178 male
926 1112 1074 1178 ominatis

310 1268 334 1315 7.
353 1267 408 1315 cari
424 1263 457 1324 β,
478 1267 543 1314 Ρο44.
563 1266 626 1314 tres,
647 1291 674 1300 —
696 1265 735 1314 44.
754 1269 867 1327 superias
884 1267 992 1314 auctore
1009 1263 1137 1326 Cuningh.
1156 1265 1182 1313 F.
1198 1265 1296 1313 -Non

275 1344 358 1392 airum
380 1345 498 1402 esperiae
519 1338 635 1390 malebat
658 1339 742 1390 Bentl.
763 1367 790 1376 -
808 1341 883 1390 Haud
898 1341 982 1389 virum
998 1344 1118 1400 esperiae
1134 1338 1216 1388 edidit
1232 1341 1295 1388 Pot-

275 1417 333 1466 tier.
354 1417 389 1478 (40
402 1415 492 1464 ultima
502 1414 549 1463 Ed.
559 1414 636 1474 Jahn,
656 1417 685 1464 04
696 1415 763 1476 nos.)
774 1442 803 1452 -
816 1415 950 1465 nominatis
961 1415 1006 1473 Ea,
1019 1426 1060 1476 pr.
1071 1414 1099 1471 Τ,
1113 1426 1181 1484 corr.
1194 1413 1222 1473 b,
1243 1414 1297 1462 udi-

278 1491 357 1541 404444
374 1503 437 1554 pars
450 1489 593 1540 Codicum»
606 1489 729 1552 Bentleii,
748 1491 811 1540 item
824 1491 852 1539 L.
866 1489 1010 1552 (0004400440
1021 1500 1155 1552 superser.
1169 1487 1294 1546 «4041404,

275 1566 301 1616 id
314 1568 367 1625 est,
387 1565 502 1615 0044044444
519 1578 550 1626 0,
569 1564 640 1628 quod
658 1564 748 1615 4404044
762 1563 854 1614 ΒΙο044.
874 1561 1031 1626 antiquiss),
1049 1563 1194 1611 4000400444
1210 1561 1294 1612 beuti.

275 1642 342 1690 0004.
363 1640 488 1702 (00400444
505 1641 586 1690 etiam
602 1637 636 1706 γδ
654 1653 696 1705 ap.
716 1640 821 1690 Kirehn.
840 1651 866 1702 p.
886 1637 927 1686 36.
946 1637 997 1699 56.)

275 1771 299 1822 8.
330 1771 444 1833 supplica
471 1770 542 1833 vitta]
572 1782 640 1832 quas
667 1771 693 1818 in
720 1783 766 1819 00-
802 1781 888 1831 usque
914 1767 947 1816 044
974 1767 1067 1816 aetatis
1093 1778 1194 1815 annum
1219 1766 1273 1816 XX.
1301 1771 1331 1816 et

242 1849 296 1910 pite
324 1845 464 1908 gestabant
492 1849 629 1894 matronae
658 1855 764 1903 omnes,
802 1841 914 1906 emplius
928 1841 1013 1904 paeri)
1031 1843 1059 1890 et
1073 1841 1183 1904 oirpiaas
1199 1839 1332 1902 (veipad-

245 1933 299 1983 quo
331 1933 346 1968 a
380 1919 510 1969 libertinis
543 1919 769 1981 distinguerentur
801 1917 850 1980 tae)
860 1919 920 1965 ante
931 1913 1117 1965 Cantabricum
1131 1913 1330 1978 expeditionem

245 1994 309 2056 (Tib.
324 1994 351 2054 4,
370 1994 398 2052 6,
418 1994 462 2043 67:
482 1993 520 2044 Sit
533 1995 606 2043 040440
617 1997 688 2042 casia
698 1993 765 2053 44000,
802 1989 850 2041 illis
876 1991 981 2054 nuptae)
1004 1990 1072 2039 mala
1094 1990 1212 2039 0044044444
1229 1991 1331 2052 partite

246 2068 361 2130 quamvis
384 2083 435 2118 aaa
453 2069 518 2118 04440
538 2069 627 2132 4400400
646 2068 767 2130 impartiat
799 2065 893 2126 004444,
912 2065 983 2128 quod
999 2063 1108 2127 quidem
1122 2064 1253 2114 monitum
1266 2067 1329 2128 apte

246 2143 454 2194 0440040004ιοὶ0
465 2141 652 2207 inspumate),
670 2142 766 2206 partim
801 2140 847 2190 dat
864 2140 956 2189 iuniori
974 2139 1066 2198 004444,
1090 2137 1124 2187 440
1143 2141 1330 2189 matronamm

246 2220 270 2268 in
289 2219 372 2270 440044
390 2219 526 2269 iaciendis.
555 2219 632 2282 (Virg.
650 2219 715 2267 deu.
735 2215 764 2278 4,
802 2217 923 2265 04044000
941 2227 1061 2265 securus.
1081 2213 1208 2264 Cetemm
1220 2215 1270 2264 etsi
1283 2227 1331 2263 no

245 2294 307 2344 637:
335 2298 409 2355 taque
433 2295 489 2355 ipsa
510 2295 565 2356 piu¹
580 2297 632 2356 tepe
654 2297 766 2354 ternpore
801 2291 933 2340 tissimum
959 2289 1000 2338 044
1024 2288 1145 2337 vacuet
1169 2287 1278 2350 airpiais
1301 2291 1329 2337 04

242 2369 314 2416 vitta.
334 2369 387 2417 Cir.
407 2369 540 2430 Boettiger
556 2367 651 2418 Sabina
668 2368 687 2416 Ι.
703 2379 763 2430 pag.
797 2364 896 2428 poeitae
914 2363 947 2413 de
966 2375 1061 2413 400004
1079 2362 1168 2425 nuptis
1186 2361 1258 2412 haud
1283 2375 1328 2410 40-

244 2442 311 2504 457.)
340 2440 410 2492 41444
434 2443 513 2492 etiam
537 2443 616 2504 virgis
635 2439 765 2490 involutas
800 2453 831 2489 ro
853 2439 990 2502 usurpari,
1017 2438 1096 2488 000444
1118 2440 1208 2487 tamen
1227 2435 1329 2500 aliquot

242 2528 306 2578 prae
330 2528 359 2564 40
384 2515 513 2565 ferebant.
555 2517 627 2578 (den.
646 2516 674 2574 7,
700 2515 763 2564 237:
801 2511 1218 2577 exemptisconfirmandumest.
1235 2513 1325 2572 0444,

240 2589 407 2650 Praefera'mas
422 2589 538 2638 manibus
552 2591 628 2639 044404
644 2603 675 2637 aa
689 2588 766 2637 verba
800 2589 829 2645 8,
842 2589 889 2636 22:
907 2600 988 2648 nuper
1001 2587 1223 2650 Virpiaesaaptae.
1243 2587 1269 2646 3,
1283 2589 1325 2643 22.

238 2663 392 2726 precantia.)
406 2663 767 2714 Pontificiumharumvitta-
800 2662 830 2711 2:
857 2661 1000 2711 laborantes
1023 2667 1093 2710 utero
1114 2661 1221 2723 paattas.
1252 2662 1324 2724 Virg.

242 2749 301 2786 rum
323 2751 421 2787 nornen
442 2739 565 2800 supplicia
584 2738 699 2788 servavit
718 2739 765 2786 Sa·
801 2739 846 2786 Ge.
860 2736 884 2798 4,
898 2735 955 2786 tta.
982 2735 1128 2800 Eurydice,
1148 2737 1244 2800 Orphei
1262 2749 1328 2787 oon-

241 2811 302 2862 iust.
322 2813 377 2874 lug.
396 2811 437 2862 46.
801 2811 857 2872 iux,
892 2812 1019 2860 maritare
1047 2811 1139 2872 paettu.
1171 2811 1260 2874 Eurip.
1288 2811 1324 2860 Ei.

274 2887 298 2935 9.
326 2887 366 2935 40.
395 2887 502 2951 matres]
530 2887 615 2936 Liviae
640 2887 717 2949 igitur
739 2889 765 2936 et
801 2884 858 2936 484.
882 2885 1093 2948 Clytaemnestra
1114 2883 1213 2934 iamdiu
1232 2886 1327 2934 marito

241 2961 364 3010 Octaviae
378 2962 403 3010 in
415 2975 444 3010 re
457 2960 544 3010 divina
560 2961 678 3011 iacienda
697 2963 766 3012 assi·
801 2961 889 3011 occiso
899 2963 1156 3025 superstesvooatur
1165 2956 1326 3030 κακόφρων

241 3037 312 3086 44004
327 3040 433 3086 ceterae
445 3037 582 3086 matronae
598 3035 701 3086 nobiles
714 3038 765 3086 440-
800 3031 882 3104 κόρα.
908 3033 989 3084 Andr.
1012 3033 1068 3084 440.
1096 3035 1194 3084 chorus
1224 3035 1326 3084 Andro

241 3124 351 3171 manae,
379 3116 479 3160 matres
502 3124 594 3161 eornm
623 3112 763 3170 iuvenum,
801 3111 914 3160 40004400
949 3107 1065 3174 appellat
1098 3100 1123 3158 04
1151 3107 1327 3160 narratam

241 3187 286 3250 qui
304 3199 320 3236 0
337 3185 408 3237 bello
425 3185 582 3236 Cantabrico
600 3185 663 3237 salvi
681 3187 767 3238 redie-
802 3182 914 3248 νύμφα,
933 3184 1102 3246 eandemque
1114 3196 1139 3232 v.
1153 3182 1210 3234 489.
1222 3177 1327 3234 Ἰλιάδα

241 3263 313 3321 0404,
343 3260 469 3311 mulieres
496 3262 573 3324 igitur
597 3264 683 3311 aetate
713 3263 765 3312 iarn
802 3255 901 3330 κόραν,
922 3285 950 3296 -
970 3256 1046 3318 Quod
1064 3257 1098 3307 ad
1114 3271 1140 3307 v.
1160 3258 1287 3321 Sospitam
1301 3274 1324 3309 v.

241 3335 296 3385 4040
309 3335 585 3399 quadragenariae-
601 3335 654 3399 Vos]
674 3337 764 3397 «Tum,
802 3337 842 3385 ro.
870 3335 974 3392 attinet.
1003 3333 1045 3382 hin
1071 3345 1179 3396 quoque
1206 3332 1255 3394 illi,
1283 3335 1326 3398 qui

241 3422 304 3458 curn
321 3409 438 3473 prodibit
449 3410 519 3458 Livia
537 3411 699 3472 moetoris,
718 3423 766 3460 vos
803 3423 889 3473 nuper
905 3409 956 3457 hoc
974 3421 1083 3458 carmen
1101 3407 1249 3458 admodum
1262 3423 1326 3473 ope-

240 3485 340 3547 pareite
354 3487 422 3533 004.»
441 3484 496 3534 iam
514 3484 535 3532 si
546 3484 656 3547 sirpiaes
673 3486 767 3547 apaet-
804 3496 864 3533 rose
888 3485 1046 3542 4040400004,
1075 3483 1183 3532 40440044
1207 3485 1325 3546 poeticae

241 3559 284 3619 440,
303 3559 528 3620 apiarisiaoeaar
539 3557 764 3620 discriminamus,
803 3559 884 3622 ignari
903 3557 1022 3618 4000004,
1041 3569 1103 3608 0040
1121 3557 1253 3618 sospitibus
1269 3559 1324 3622 ipsi,

241 3646 324 3696 prope
342 3632 535 3684 inextricabiles
553 3637 700 3685 nascuntur
715 3634 766 3685 dii·
803 3646 854 3683 non
877 3633 1013 3693 Horatius,
1039 3635 1205 3696 opponerent
1226 3633 1323 3681 0044404.

242 3705 385 3764 dealbatos,
404 3718 472 3769 quus
489 3706 535 3756 tibi
548 3708 689 3760 solvendas
701 3723 766 3773 pro·
803 3709 850 3758 iiio
868 3709 940 3758 enim
957 3720 1006 3758 suo
1019 3707 1076 3756 4000
1094 3709 1232 3769 tamquam
1250 3711 1325 3771 poeta

244 3782 345 3846 ponent
373 3781 537 3830 Eicbstadius
577 3783 706 3847 imprimis
741 3788 767 3834 et
803 3784 887 3831 totum
906 3782 1051 3830 0400044400
1067 3783 1199 3843 «Augusto
1211 3782 1325 3830 viatore»

243 3853 389 3906 Liihkerus.
424 3854 526 3914 Quibus
544 3857 669 3908 omnibus
686 3872 767 3908 occu·
801 3859 917 3919 sospitam
942 3856 1045 3907 redisse
1071 3855 1135 3906 dicit
1160 3856 1234 3906 omni
1260 3855 1326 3906 malo

241 3932 298 3980 rate
315 3929 466 3992 pensitatis,
494 3943 566 3979 nune
584 3930 617 3981 ad
635 3932 767 3996 interpre-
803 3934 905 3990 omine.
936 3930 1013 3995 quale
1039 3929 1101 3981 iliud
1128 3943 1192 3980 sone
1222 3931 1325 3986 inisset,

241 4005 367 4055 tationem
396 4005 514 4054 omnium
543 4002 765 4068 simplicissimam
803 4008 868 4057 40440
887 4005 1011 4056 devitato.

242 4079 337 4140 redeo,
365 4093 397 4128 ex
423 4092 475 4142 qua
498 4081 573 4142 paeri
599 4079 680 4129 iidem
705 4085 766 4130 4004
835 4081 1116 4132 4440040004004444).
1127 4079 1162 4144 0.]
1174 4073 1327 4145 «εὐφημεῖ-

241 4158 321 4218 atque
343 4155 454 4216 4000004,
478 4155 578 4216 paattaa
600 4153 712 4205 eaedem
734 4169 766 4206 ao
802 4171 858 4206 τε.»
883 4156 930 4206 Od.
942 4155 1036 4216 3,4,4.
1047 4156 1143 4206 Accius
1156 4156 1183 4204 40
1192 4155 1325 4204 00004040

239 4231 357 4292 04094004,
377 4230 432 4280 4400
451 4229 528 4294 igitur
544 4228 623 4280 dicit:
655 4230 766 4280 «Vasta-
803 4231 893 4293 (Bothe
906 4232 978 4281 Poet.
994 4243 1066 4281 scen.
1084 4242 1111 4293 p.
1131 4229 1215 4290 arat:
1237 4229 1282 4278 Vos
1296 4228 1326 4276 440

241 4318 312 4354 00004
331 4305 371 4366 tex
395 4305 485 4355 Latina
510 4305 701 4356 consuetudine
724 4304 765 4354 vei
802 4310 912 4356 00404400
935 4310 1010 4368 atqua
1031 4317 1104 4368 opero
1129 4317 1222 4368 mapao
1244 4303 1325 4353 0444040
