3014 4978
282 461 344 527 464
666 461 794 512 nonum
813 461 982 514 cremnon

411 618 452 682 'le
475 614 571 682 Liber
593 624 639 691 et,
664 616 690 701 si
714 614 796 680 laeta
818 615 936 692 aderit,
961 615 1068 682 Venus

412 737 602 823 Segnesque
624 733 745 802 nodum
768 735 895 802 solvere
919 735 1046 802 Gratiae

452 855 617 944 vivaeque
639 855 820 942 producent
840 855 1008 932 lucernae,

495 978 578 1042 Dum
601 976 731 1043 rediens
753 975 840 1063 furgat
860 987 945 1043 astra
968 975 1128 1042 Phoebus.

351 1175 392 1226 et.
411 1174 476 1238 rapu
492 1174 520 1222 r.

286 1353 402 1409 riuntur‚
421 1349 529 1415 copiose
546 1346 650 1411 collegit
659 1346 767 1398 thblrer
779 1358 807 1411 p.
845 1346 999 1408 Eumaeum
1021 1347 1119 1411 dapes.)
1148 1347 1252 1399 Gratias
1278 1349 1374 1400 iuuetis

286 1424 344 1477 488.
367 1421 440 1474 Plato
462 1422 497 1473 de
515 1423 592 1485 legg.
612 1423 635 1470 l.
654 1434 681 1484 p.
700 1419 758 1472 649.
776 1423 806 1470 Α.
846 1419 971 1471 manibus
1001 1420 1156 1471 incedentes
1181 1421 1243 1472 vide
1271 1424 1298 1473 in
1323 1425 1373 1472 Ara

287 1499 361 1550 Ouid.
380 1501 410 1548 Α.
429 1499 460 1548 Α.
485 1499 514 1557 4,
532 1496 598 1546 237:
630 1496 694 1545 Vina
710 1499 810 1558 parunt
845 1493 1025 1557 Borghesiena
1033 1493 1150 1544 visconti
1159 1495 1273 1545 uuum.
1285 1495 1375 1546 omui

286 1575 384 1623 animos
406 1572 552 1636 faciuntque
573 1569 699 1620 caloribus
720 1573 809 1632 optas:
846 1569 909 1632 App.
923 1581 949 1618 u.
963 1567 986 1616 b.
1000 1581 1022 1616 a.
1041 1566 1134 1618 llllller
1144 1569 1251 1618 Doulm.
1265 1571 1294 1619 T.
1309 1571 1373 1619 lllll.

287 1646 356 1696 &aa
378 1647 444 1710 pirptt
464 1645 542 1695 multo
562 1644 716 1704 diluiturque
730 1655 808 1692 mero.
847 1641 887 1693 ts.
909 1667 937 1679 -
956 1641 1075 1705 Gratiae]
1093 1643 1150 1692 sine
1167 1643 1299 1706 imagine:
1323 1644 1376 1692 riu-

288 1720 355 1770 Tuuo
377 1720 480 1771 ueniunt
503 1719 585 1768 rimu:
623 1721 682 1766 tuuc
711 1729 811 1780 pauper
848 1717 928 1767 eundi
944 1730 976 1768 ac
994 1715 1074 1780 lepidi
1091 1729 1231 1766 sermones
1249 1731 1266 1766 a
1283 1717 1375 1780 queuis

286 1807 384 1845 cornua
399 1795 493 1844 sumu:
524 1793 590 1842 Tum
606 1793 677 1842 dolor
694 1796 718 1841 et
733 1803 811 1841 marae
849 1791 1019 1842 altereatione
1033 1791 1141 1851 remoti,
1160 1792 1190 1840 ut
1201 1789 1283 1842 decet
1294 1791 1377 1842 bonai·

286 1881 402 1932 rugaque
424 1867 515 1930 [rantis
538 1865 599 1915 ubit.
639 1866 705 1914 lime
730 1865 812 1926 apuu
849 1867 981 1917 nesomni
997 1866 1051 1914 uite
1069 1867 1149 1928 atque
1166 1866 1239 1916 victu
1257 1865 1375 1916 excultos

286 1947 379 1992 mentm
402 1953 464 1990 aevo
485 1939 620 1989 rarissimu
638 1942 724 1988 nostro
744 1939 812 1988 Sint-
849 1942 929 2004 atque
950 1938 1106 2004 expolitos.»

284 2016 399 2078 plicita-t,
417 2019 485 2064 artes
501 2013 639 2064 wouutieutt
655 2013 708 2061 deo.
881 2014 922 2064 23.
951 2015 1040 2078 Vluue]
1068 2011 1241 2074 «ardentes»,
1274 2017 1305 2064 ut
1327 2013 1375 2064 alio

320 2091 362 2140 ut.
382 2089 422 2140 ii.
441 2089 463 2138 si
479 2087 560 2153 laetu]
579 2088 660 2148 atque
676 2085 737 2136 ideo
748 2097 812 2148 pro·
849 2091 926 2152 tropo
943 2088 991 2139 0d.
1005 2089 1034 2150 3,
1046 2088 1078 2148 8,
1091 2087 1131 2139 44.
1157 2089 1246 2152 uiriles
1262 2088 1377 2138 lucernas

288 2165 360 2230 pitia.
382 2191 410 2200 -
432 2162 518 2228 Vanus]
537 2160 643 2212 Talibus
661 2161 733 2210 enim
750 2172 814 2209 con·
850 2162 921 2213 dixit.
947 2189 974 2198 -
1003 2161 1244 2226 re--prolucentl
1268 2163 1375 2226 proprie

288 2238 365 2289 viriis
390 2239 460 2288 iuter
485 2238 587 2287 amicos
611 2237 718 2285 intimos
741 2231 814 2284 cele·
851 2236 1016 2296 convivium,
1036 2235 1317 2298 «autumpnum,
1336 2237 1376 2285 vi-

288 2312 372 2362 bratis
388 2311 477 2362 laedes
488 2312 590 2362 amicae
608 2307 812 2366 adhibebantur,
851 2321 916 2360 num
927 2310 1087 2360 ministras.»
1106 2311 1160 2359 Sat.
1174 2310 1198 2370 4,
1211 2311 1237 2370 ll,
1251 2311 1302 2360 70:
1321 2324 1377 2360 aoe-

289 2387 319 2435 ut
343 2385 385 2435 est
409 2384 547 2447 aliquoties
573 2383 643 2447 apud
666 2381 812 2432 Horatium.
850 2397 912 2434 uam
927 2385 1096 2446 prolabamur
1113 2383 1199 2445 maur,
1218 2383 1263 2433 bic
1279 2387 1377 2444 amana,

292 2483 319 2494 -
338 2457 477 2521 septumque
492 2458 586 2508 uodtuu
602 2455 706 2519 saluam]
730 2466 815 2504 unun—
852 2459 927 2509 cuius
944 2471 994 2522 ope
1012 2457 1076 2508 illud
1092 2459 1210 2508 maxime
1229 2459 1376 2523 perficitur.

291 2543 373 2594 quam
390 2529 550 2580 solventes.»
595 2529 684 2592 Eurip.
709 2525 813 2591 llippol.
851 2535 907 2582 lam
940 2545 1005 2581 uero
1035 2533 1218 2583 conviviorum
1249 2533 1377 2592 numina,

291 2603 369 2654 llil:
395 2605 525 2670 συζυγίαι
549 2598 682 2673 Χάριτες.
712 2603 814 2651 seneca
852 2603 943 2665 Liber,
969 2605 1072 2666 Venus,
1100 2607 1298 2668 Gratiae‚1boc
1317 2619 1378 2658 eam

291 2677 326 2727 de
350 2677 466 2728 benefic.
495 2679 525 2736 4,
552 2677 582 2727 3ε
620 2677 688 2726 Num
713 2675 813 2737 dicum,
851 2677 963 2730 Messala
995 2676 1187 2730 celebrandum
1217 2681 1380 2745 protenderat

291 2763 372 2812 parare
387 2755 437 2800 tras
453 2751 560 2801 Gratim
574 2754 598 2799 at
615 2761 694 2812 quare
718 2761 816 2798 sorores
851 2764 937 2816 usque
960 2750 994 2802 ad
1016 2753 1131 2818 primam
1152 2752 1241 2804 lucem
1258 2767 1313 2805 nee
1330 2767 1380 2805 un·

290 2825 340 2874 siut
351 2828 374 2873 et
387 2837 468 2890 quare
482 2823 599 2873 manibus
613 2822 729 2885 turpiam
738 2821 751 2870 i
761 2847 773 2859 ·
782 2848 795 2859 ·
804 2847 817 2858 ·
852 2837 934 2889 quam
947 2826 1147 2889 exstinguentur
1158 2824 1296 2889 lucernae,
1309 2841 1378 2892 quae

292 2899 358 2961 Quid
372 2897 413 2947 ille
432 2899 550 2947 consertis
568 2897 684 2946 munibus
699 2897 816 2946 luura-
852 2901 926 2964 ipsae
944 2897 1090 2950 admodum
1103 2901 1207 2964 poetice
1225 2901 1379 2952 numinibus

291 2972 420 3023 muutiuu
433 2969 543 3022 cmm?
564 2970 614 3021 Alii
630 2969 704 3021 nodo
719 2969 753 3020 ad
768 2983 815 3019 zo·
852 2971 902 3023 illis
927 2972 1040 3023 hilarem
1064 2975 1293 3038 computationem
1318 2989 1380 3040 pro-

292 3059 356 3097 nam
375 3045 458 3096 relato
484 3043 616 3110 explicant
644 3045 814 3095 edocentes.»
853 3047 1012 3098 ducentibus
1032 3047 1175 3098 sooiuntur.
1213 3051 1335 3114 propert.
1355 3049 1377 3110 4,

294 3119 770 3184 (Od.l‚l,6.)Atrid.0d.t‚30,t.
789 3117 813 3178 3,
853 3121 942 3184 ssu:
972 3121 1250 3185 summitatem,
1280 3125 1379 3174 sicda—

293 3195 335 3255 49,
348 3195 388 3245 li.
409 3195 517 3258 (Eadem
535 3193 731 3244 constructione
743 3191 813 3253 vus.
852 3209 910 3245 eum
925 3197 1051 3258 cumulus,
1078 3197 1155 3247 deuon
1176 3198 1279 3249 luiieiut
1295 3199 1379 3249 rudius

293 3267 816 3330 monumemtum-manua·—
853 3270 1109 3322 inmaduiuadies.
