3014 4978
664 402 791 453 ll0lih'l'll
810 401 977 454 canulNull

642 889 1000 953 (imu-

452 1061 521 1124 Non
542 1057 649 1138 vides,
673 1069 792 1146 quanto
815 1079 947 1125 moveas
968 1058 1106 1146 periclo,

450 1181 590 1270 Pyrrhe,
615 1179 769 1247 Gaetulae
791 1178 914 1248 catulos
936 1179 1094 1246 leaenae?

451 1304 540 1370 Dura
561 1312 635 1389 post
654 1299 763 1388 paullo
785 1301 889 1388 fugies
912 1298 1051 1367 inaudax

579 1421 705 1491 Proelia
726 1432 851 1510 raptor,

453 1582 533 1649 Cum
555 1601 614 1670 per
636 1580 800 1648 obstantes
823 1579 977 1647 iuvenum
998 1589 1144 1646 catervas
1355 1583 1377 1644 5

348 1780 402 1831 llll.
420 1781 502 1829 inser.
516 1775 584 1840 volg.
604 1777 788 1839 Aderhmm
807 1778 835 1827 et
845 1777 884 1828 sic
896 1775 980 1827 Codd⁴
995 1777 1057 1827 mei.
1071 1775 1119 1840 (Ad
1129 1777 1247 1828 Ptemari
1254 1778 1293 1840 Τ.)
1309 1805 1337 1816 -

317 1856 341 1978 ἑ.
363 1852 482 1977 ma
493 1851 601 1977 tgsseltu
617 1866 636 1910 χ
654 1853 682 1901 44
700 1863 756 1901 var.
779 1848 840 1902 lect.
862 1867 919 1917 γικ.
944 1877 971 1888 -
1001 1851 1026 1902 3.
1041 1852 1149 1914 parumn
1170 1846 1284 1917 Τᾱβνξ.
1310 1881 1338 1890 -

320 2104 373 2156 XX.
398 2105 465 2154 Aere
481 2105 618 2153 certamen
636 2102 671 2152 de
688 2102 811 2153 Nearcho
879 2101 903 2152 3.
930 2107 987 2164 post
1011 2101 1112 2166 patah]
1140 2103 1307 2166 Frequenter
1334 2107 1376 2156 sic

288 2177 486 2231 adolescentulo
496 2179 585 2228 ortum
593 2177 809 2239 interPyrrhum,
847 2177 927 2226 etiam
939 2175 1079 2240 Salustius,
1094 2177 1205 2240 Caesar,
1223 2179 1313 2230 Livius
1324 2192 1376 2243 pm

286 2255 343 2306 eius
368 2255 529 2315 amatorem.
554 2255 582 2303 et
604 2250 719 2317 puellam
742 2249 810 2303 illius
843 2251 931 2313 parelio
947 2255 1013 2314 port.
1034 2277 1062 2288 -
1085 2251 1209 2316 incaedua]
1232 2244 1374 2318 ἅτολαος.

286 2342 378 2379 amore
400 2329 537 2379 incensam
558 2339 675 2391 eumque
697 2324 748 2377 sibi
764 2326 810 2376 uni
847 2325 985 2375 Hocnunc
996 2323 1106 2386 quidem
1121 2317 1200 2388 ἅπαξ
1216 2321 1377 2391 λεγόμενον

286 2415 395 2453 servare
416 2415 448 2452 ac
465 2403 580 2452 retinere
598 2402 750 2465 cupientem
770 2399 811 2450 le·
847 2412 900 2448 uno
923 2397 1007 2461 gradu
1028 2397 1107 2448 distat
1129 2411 1145 2447 a
1167 2399 1295 2462 «timido,
1324 2401 1377 2452 im-

287 2477 350 2540 pide
368 2478 466 2526 narret.
500 2478 586 2539 Prope
608 2474 719 2526 ridicule
742 2477 809 2526 HR:
846 2471 924 2534 belli,
942 2473 1072 2536 ignavo»,
1090 2485 1160 2535 quae
1178 2473 1311 2524 maiorem
1323 2476 1377 2526 nti-

287 2550 419 2600 «Carmen
431 2548 592 2600 obscurumo
612 2550 674 2613 (quo
690 2549 811 2614 proiecto
847 2559 900 2610 que
917 2546 1020 2597 habent
1035 2547 1285 2612 reprehensionem.

287 2619 352 2672 nihil
379 2621 475 2673 clarius
497 2621 550 2684 est)
577 2625 624 2672 «et
642 2625 687 2672 vix
703 2624 810 2674 Horatio
879 2622 903 2671 s.
918 2634 967 2682 per
983 2620 1106 2670 ohstontes
1119 2621 1374 2688 {wormaciam}

217 2738 221 2745 .
287 2697 423 2760 dignum».
458 2696 583 2761 (Tempus
604 2697 737 2748 incertum
754 2699 808 2756 est;
846 2693 975 2758 Singulari
1002 2693 1113 2745 artificio
1138 2697 1236 2746 retinet
1263 2695 1374 2748 leaenae

287 2771 407 2822 referunt
427 2768 469 2820 alii
491 2771 526 2822 ad
544 2785 569 2821 a.
587 2784 615 2821 u.
634 2785 658 2822 c.
677 2771 749 2833 727„
768 2770 810 2822 alii
846 2769 990 2832 imaginem
1007 2767 1157 2820 caecorum
1174 2771 1315 2834 raptorem
1333 2769 1375 2821 ul-

287 2846 322 2897 ad
338 2860 363 2897 a.
383 2845 450 2908 732.)
846 2846 904 2894 tum
933 2843 1020 2894 euntis
1048 2841 1180 2907 simulque
1205 2843 1314 2909 puellae
1339 2844 1373 2895 oh

320 2922 344 2972 4.
357 2921 382 2972 2.
402 2922 476 2972 «Non
486 2919 576 2982 vides,
596 2922 695 2983 quanto
707 2921 752 2970 tuo
764 2932 811 2984 pe-
847 2919 983 2980 iniuriam‚
1008 2930 1091 2981 quem
1107 2917 1132 2968 el
1149 2917 1228 2968 infert
1243 2919 1373 2982 Pyrrhus,

287 2994 370 3046 riculo
392 2991 495 3058 puellae
513 2993 614 3044 fervide
637 2994 737 3044 amanti
756 2993 811 3044 ior·
847 2995 921 3056 grate
949 2991 1093 3042 iracundae
1121 2990 1252 3042 admlscet
1280 2993 1375 3056 imagi-

287 3082 393 3120 mosum
411 3066 608 3119 adolescentem
628 3068 747 3119 adimere
764 3080 812 3119 co-
848 3079 919 3117 nem.
958 3067 1014 3116 Hae
1044 3071 1161 3117 comum
1187 3068 1282 3116 autern
1314 3071 1375 3119 sont

287 3144 376 3195 neris‘i
403 3142 525 3194 Proiecto
547 3155 601 3193 non
618 3143 721 3194 minore
738 3142 812 3206 peri·
847 3139 1237 3202 velutirenatorumPyrrhum
1246 3143 1375 3192 comitan-

288 3216 348 3269 culc
365 3219 477 3268 venator
493 3216 602 3268 leaenae
620 3218 741 3268 Gaetulae
753 3216 809 3280 (Od.
848 3215 927 3275 tium,
946 3213 973 3264 id
991 3215 1043 3275 est,
1063 3215 1184 3277 priorum
1194 3215 1312 3266 Nearchi
1323 3227 1374 3267 una

289 3294 317 3354 4,
335 3291 380 3352 43,
400 3291 450 3354 40.)
469 3290 570 3342 catulos
587 3291 715 3342 auferat.»
736 3292 813 3343 Cete-
848 3301 911 3339 cum
922 3288 1034 3351 Pyrrho,
1048 3288 1091 3338 oui
1101 3289 1194 3339 tamen
1204 3286 1247 3338 ille
1258 3290 1374 3341 maxime

288 3379 348 3416 rum
364 3367 443 3417 retus
461 3367 501 3417 est
522 3367 694 3430 comparatio.
730 3367 809 3428 segg.
848 3361 963 3424 invehat,
976 3363 1136 3423 amatorum,
1149 3363 1297 3426 antequam
1308 3377 1375 3429 puer

288 3441 318 3499 2,
332 3439 376 3501 44,
389 3439 419 3489 8:
436 3440 512 3490 coleti
527 3441 622 3489 aierso
631 3440 712 3502 raptis
722 3440 814 3490 catulis
848 3436 966 3487 fervidae
976 3434 1082 3500 puellae
1093 3439 1215 3487 maturus
1227 3437 1283 3488 iam
1294 3439 1373 3494 esseh

288 3514 315 3562 ia
331 3513 398 3562 salte
413 3515 521 3574 moriat,
540 3513 574 3565 de
592 3514 656 3564 viris
671 3513 813 3578 fortissimis
848 3523 901 3560 non
918 3523 983 3561 vero
1001 3512 1101 3562 «ceteri
1116 3509 1222 3574 puellae
1239 3515 1374 3564 amatores

288 3588 517 3638 etarncroooimo.
533 3588 679 3653 -mooeesJ
693 3589 810 3651 «tangas,
848 3584 1052 3646 dissuadentes,
1086 3598 1120 3636 nc
1154 3587 1261 3650 repetat
1292 3587 1375 3637 Near-

288 3662 318 3710 ut
334 3663 454 3725 asportes
471 3675 505 3712 ex
525 3661 609 3713 lustro
625 3660 762 3713 leaenae.»
782 3688 810 3698 -
849 3660 964 3721 chum»,
988 3662 1019 3711 nt
1037 3661 1127 3710 visum
1143 3661 1185 3710 est
1201 3659 1372 3722 qmbusdam.

286 3733 393 3798 hyr-rho]
415 3735 558 3786 Verissime
580 3737 667 3799 Unger
685 3737 717 3786 V.
735 3737 765 3786 li.
784 3748 810 3799 p.
882 3735 927 3784 6-
945 3733 971 3784 8.
1000 3733 1135 3798 inem]
1164 3733 1253 3784 einter
1281 3746 1374 3784 omnes

288 3807 368 3858 lllll.:
398 3807 613 3872 chambergerus
634 3810 661 3859 in
682 3809 767 3860 maol.
791 3811 811 3859 l.
850 3809 965 3859 maxime
983 3809 1186 3872 conspicuum.»
1215 3807 1247 3857 ll.
1262 3805 1281 3857 l.
1296 3806 1374 3859 ahso-

287 3882 312 3931 4,
331 3893 358 3944 p.
382 3879 438 3931 aul.
460 3881 691 3945 quemadmodum
713 3885 814 3933 Procu-
849 3880 917 3944 lule,
944 3882 1006 3946 quia
1031 3882 1217 3944 unusquisque
1235 3879 1374 3946 suppleto-

289 3953 371 4006 leium
394 3957 495 4006 Graeco
518 3954 649 4005 vocabulo
666 3954 813 4020 Telephum
850 3971 896 4008 rua
922 3959 993 4006 erat:
1025 3955 1129 4006 «torma
1154 3956 1225 4006 inter
1248 3952 1373 4018 aequales

290 4043 317 4094 p.
336 4029 409 4090 346.,
428 4031 462 4081 ita
481 4030 509 4080 C.
528 4028 650 4094 Valgium
669 4029 762 4093 liutem
778 4030 813 4082 ab
851 4043 941 4082 suos.»
961 4057 989 4067 -
1008 4029 1111 4081 &aede
1129 4033 1257 4080 certamen
1272 4025 1372 4092 nilla]

290 4105 398 4154 Neratio
409 4103 454 4156 hic
465 4103 595 4155 nominari
607 4103 749 4156 arbitratus
761 4108 812 4156 est.
851 4105 931 4155 «Tota
948 4104 1015 4155 haec
1032 4103 1165 4155 sentenh'a
1176 4103 1310 4168 appositio
1321 4103 1371 4158 cat.

290 4178 366 4238 Quod
400 4177 537 4231 confutare
565 4190 619 4230 non
649 4177 736 4230 haheo
765 4192 814 4232 ne·
851 4191 906 4230 non
923 4177 958 4230 ad
979 4178 1130 4230 Nearchum
1150 4177 1261 4240 qnidam
1278 4175 1370 4230 solnm

290 4264 394 4303 cesse.»
852 4253 901 4306 sed
919 4251 954 4304 ad
969 4251 1137 4320 praecedens
1154 4252 1321 4304 enuntiatum
1337 4251 1371 4299 to
