2986 4974
626 911 1027 1018 nilomiiiimcii

523 1138 1139 1321 ciuuiiuu

654 1411 771 1512 'ulum
792 1443 1009 1512 SECUNDUS.

683 1809 982 1872 emt

502 1982 620 2046 Motum
642 2000 681 2045 ex
704 1979 830 2045 Metello
853 1980 986 2047 consule
1009 1982 1146 2048 civicum

501 2101 647 2190 Beliique
669 2122 786 2168 causas
809 2113 841 2170 ct
862 2103 939 2168 vitia
961 2113 994 2169 et
1017 2103 1132 2170 modos

353 2287 371 2334 i.
408 2285 491 2335 inser.
505 2281 574 2346 voig.
587 2283 626 2332 Ad
643 2283 670 2334 C.
689 2284 803 2333 Asinium
818 2282 960 2332 Pollionem.
982 2309 1010 2319 -
1028 2284 1066 2332 Ad
1082 2283 1196 2334 Acirim
1212 2285 1345 2336 Pettiom

321 2360 477 2410 consularem
491 2359 577 2407 vinem
593 2359 621 2408 T.
641 2359 699 2408 Om.
719 2359 744 2407 S.

321 2519 344 2568 i.
363 2516 467 2580 Motum]
486 2514 556 2566 bella
577 2516 716 2577 intestine,
742 2529 812 2580 quse
850 2517 937 2566 decen
951 2528 1095 2580 comicosque
1107 2521 1243 2580 braama
1258 2519 1374 2583 (deortu-

286 2591 464 2658 primordium
486 2591 615 2654 ceperant
638 2590 699 2640 inde
726 2589 759 2639 ab
787 2603 810 2640 a.
849 2591 944 2653 cipibec
954 2591 1053 2657 loquor)
1061 2593 1314 2656 rsttquiprimwnin
1324 2595 1372 2656 ipro

286 2682 314 2717 u.
333 2681 356 2716 c.
376 2665 445 2726 asi„
464 2667 494 2725 0.
515 2662 629 2714 Caecilio
646 2663 751 2714 Metello
764 2665 814 2715 Ce-
850 2665 911 2715 betto
926 2679 1046 2728 rapaces,
1066 2668 1153 2717 dende
1168 2669 1196 2717 in
1213 2670 1372 2720 orottooeite

287 2741 342 2792 lere
360 2743 388 2790 et
404 2741 432 2789 L.
451 2739 559 2790 Afranio
576 2751 656 2800 coss,
676 2751 730 2802 quo
742 2752 812 2788 anno
849 2741 972 2802 mocks,
995 2745 1024 2791 ut
1040 2743 1121 2804 ipsam
1137 2743 1272 2794 uictoriam
1289 2745 1373 2794 borre-

287 2817 402 2877 Ceesar,
421 2813 577 2878 Pompeius,
597 2814 711 2864 Crassus
724 2815 812 2864 socie·
848 2828 911 2864 ren.
932 2841 960 2851 -
979 2817 1073 2880 amoos]
1097 2820 1139 2866 «et
1159 2815 1277 2881 singulas
1295 2819 1374 2869 retio-

287 2893 370 2942 tatem
386 2891 426 2940 rei
443 2887 566 2954 publicae
582 2888 617 2938 ad
628 2901 705 2940 suam
716 2887 812 2938 voluu—
849 2901 911 2950 nes,
930 2887 1028 2953 quihus
1045 2893 1160 2954 utruque
1177 2904 1240 2955 pers
1258 2893 1374 2944 usserat

287 2969 370 3016 tatem
397 2964 531 3028 regendae
564 2965 695 3024 inierunt,
730 2976 812 3027 quem
849 2965 876 3013 in
893 2963 934 3014 his
956 2965 1169 3016 contentionibus
1191 2965 1329 3026 civilibus,
1350 2967 1374 3016 et

285 3041 404 3105 priorem
422 3039 631 3100 triumuiratum,
657 3038 706 3088 etsi
723 3038 811 3087 miuus
849 3039 929 3087 totius
946 3035 1009 3088 belli
1030 3040 1178 3090 tenorem.»

286 3117 369 3178 recte,
388 3127 451 3165 cum
467 3114 638 3177 magistratus
657 3126 709 3163 non
722 3112 809 3172 suerit,
882 3113 906 3162 3.
926 3111 950 3163 i.
969 3113 1115 3176 indumque
1125 3115 1261 3178 Formosae]
1276 3117 1373 3166 evenus

286 3189 365 3254 volgo
375 3188 518 3255 appellant.
548 3187 615 3240 Veii.
629 3189 657 3248 ἓ,
677 3188 718 3239 tt,
738 3189 809 3237 Suet.
849 3187 1046 3237 vicissitudines
1066 3186 1267 3252 ludibriumque
1285 3191 1374 3240 Fortu·

287 3266 364 3316 Caes.
376 3265 416 3314 is.
430 3263 521 3315 Florus
535 3263 559 3325 i,
573 3265 597 3314 2.
611 3262 713 3313 Reiium
723 3263 810 3326 ipsum
850 3273 899 3310 uae
918 3263 1079 3325 praesertim
1096 3263 1122 3312 in
1140 3264 1248 3313 interitu
1260 3266 1289 3314 et
1302 3267 1375 3314 Pom·

287 3337 363 3389 civile
381 3337 490 3388 demum
508 3340 568 3401 post
580 3338 742 3387 decennium
753 3349 814 3385 eru·
849 3337 901 3398 peii
914 3337 1100 3388 emesenus.»
1118 3365 1145 3374 -
1159 3339 1258 3402 φωνᾶς]
1273 3337 1374 3389 Caelius

287 3414 334 3476 pit.
355 3437 383 3447 -
401 3411 516 3474 ostoun]
534 3413 564 3459 ut
580 3410 628 3460 od.
648 3411 676 3470 3,
699 3409 744 3471 st,
769 3409 810 3460 26.
850 3408 968 3460 adium.
982 3411 1006 3472 8,
1026 3410 1067 3472 ti,
1086 3413 1116 3460 i:
1136 3412 1179 3462 Sic
1195 3413 1375 3464 ittimnorceet

287 3487 369 3536 civico
383 3483 478 3544 rabies,
505 3484 589 3534 torma
612 3484 757 3547 antiquior,
784 3487 813 3533 ut
848 3485 971 3534 inuidioso
988 3485 1129 3536 coniunctio
1141 3486 1219 3549 (inter
1230 3487 1373 3539 Caesarem

286 3560 406 3621 boeticae,
428 3560 547 3623 apostis
569 3561 686 3618 servata;
714 3559 740 3608 in
758 3559 813 3608 ior·
849 3559 1374 3624 etP0mpeiumioeocdoccuttomt-eciciit

288 3631 361 3685 mula
381 3647 502 3683 coronam
522 3634 628 3684 civicam
649 3636 712 3685 dore
732 3632 813 3684 trala-
849 3634 1059 3698 obtrectationem,
1075 3638 1117 3685 seo
1133 3635 1374 3688 metuerem

288 3709 350 3760 ticia
367 3709 473 3758 mansit.
845 3709 893 3772 pit.
911 3708 948 3759 Ci.
964 3709 1018 3760 Cic.
1032 3707 1144 3774 Philipp.
1157 3711 1186 3770 2,
1202 3711 1242 3772 to,
1255 3711 1297 3762 23.
1310 3708 1372 3760 Veii

320 3783 345 3832 2.
364 3781 462 3847 caueae]
481 3782 594 3832 caedem
612 3783 714 3844 Crassi,
739 3794 813 3832 mor·
849 3785 874 3845 i,
887 3782 933 3835 ii:
948 3783 1080 3847 (Caesare)
1090 3784 1189 3834 cenete
1200 3785 1234 3848 (a.
1244 3798 1271 3835 u.
1282 3799 1306 3836 c.
1317 3785 1372 3835 695.

288 3861 345 3908 tem
361 3855 451 3919 Iuliae,
471 3857 645 3908 ambitionem
660 3855 820 3906 aemulatio·
850 3858 899 3908 sed
911 3860 1061 3909 accuratius
1077 3857 1200 3909 Horatius
1211 3860 1310 3910 Metello
1320 3873 1374 3910 ceo·

289 3945 406 3996 nemque
428 3933 550 3984 Caesaris
572 3933 599 3981 ct
620 3931 740 3995 Pompeii
760 3933 811 3980 cet.
849 3933 909 3992 otte,
923 3945 984 3983 nu.
996 3933 1238 3996 69i.)totereomet
1250 3933 1294 3984 Cn.
1306 3935 1374 3984 Pom-

292 4035 319 4044 -
336 4008 408 4073 vitio]
431 4007 529 4071 partim
551 4008 639 4058 Crassi
659 4009 685 4057 in
703 4005 814 4070 expedi·
846 4008 933 4070 peiora
949 4012 972 4056 et
988 4009 1023 4057 Μ.
1038 4009 1156 4058 Croesum
1171 4009 1237 4057 totto
1249 4009 1374 4070 pomae

289 4083 360 4132 tione
386 4081 516 4134 adversus
541 4083 652 4133 Parthos
678 4083 812 4145 suscepta,
850 4083 967 4142 societas,
986 4095 1051 4144 quoe
1066 4081 1373 4144 urbiorbtquetetromn

288 4157 386 4221 partim
407 4157 526 4221 Pompeii
547 4158 658 4221 eiusque
684 4157 812 4222 partium;
850 4169 895 4207 nec
915 4157 998 4206 minate
1018 4159 1115 4207 diverso
1138 4169 1294 4220 qetomqnom
1313 4162 1373 4207 tern-

290 4232 387 4297 quibus
410 4231 442 4282 de
464 4232 534 4282 vitiis
557 4233 654 4282 acriter
671 4232 815 4294 conqueri·
848 4244 911 4294 pore
926 4231 987 4294 ipsis
1003 4231 1138 4282 emmonis
1155 4231 1263 4295 (Horatii
1279 4229 1372 4298 orout)

290 4309 334 4357 tur
359 4307 454 4356 Cicero
479 4307 513 4355 ad
539 4307 610 4357 Fam.
634 4307 662 4364 t,
685 4305 712 4355 3:
740 4310 815 4354 ccco
850 4307 906 4368 fiet.
929 4333 955 4344 -
974 4305 1057 4369 arom]
1076 4307 1107 4356 iit
1124 4305 1271 4370 distinguas
1288 4303 1372 4356 noetio
