<?xml version="1.0" encoding="UTF-8"?>
<!DOCTYPE html PUBLIC "-//W3C//DTD XHTML 1.0 Transitional//EN"
    "http://www.w3.org/TR/xhtml1/DTD/xhtml1-transitional.dtd">
<html xmlns="http://www.w3.org/1999/xhtml" xml:lang="en" lang="en">
 <head>
  <title>
</title>
<meta http-equiv="Content-Type" content="text/html;charset=utf-8" />
  <meta name='ocr-system' content='tesseract 3.04.00' />
  <meta name='ocr-capabilities' content='ocr_page ocr_carea ocr_par ocr_line ocrx_word'/>
</head>
<body>
  <div class='ocr_page' id='page_1' title='image "./qhoratiusflaccu02baitgoog/qhoratiusflaccu02baitgoog_0536.png"; bbox 0 0 3014 4978; ppageno 0'>
   <div class='ocr_carea' id='block_1_1' title="bbox 513 479 829 534">
    <p class='ocr_par' dir='ltr' id='par_1_1' title="bbox 513 479 829 534">
     <span class='ocr_line' id='line_1_1' title="bbox 513 479 829 534; baseline 0.019 -6"><span class='ocrx_word' id='word_1_1' title='bbox 513 479 571 530; x_wconf 79' lang='lat' dir='ltr'><strong>Im.</strong></span> <span class='ocrx_word' id='word_1_2' title='bbox 592 480 633 529; x_wconf 91' lang='lat' dir='ltr'><strong>III.</strong></span> <span class='ocrx_word' id='word_1_3' title='bbox 671 481 701 532; x_wconf 90' lang='lat' dir='ltr'><strong>C.</strong></span> <span class='ocrx_word' id='word_1_4' title='bbox 719 482 829 534; x_wconf 73' lang='lat' dir='ltr'><strong>XXVIII.</strong></span> 
     </span>
    </p>
   </div>
   <div class='ocr_carea' id='block_1_2' title="bbox 336 977 887 1076">
    <p class='ocr_par' dir='ltr' id='par_1_2' title="bbox 336 977 887 1076">
     <span class='ocr_line' id='line_1_2' title="bbox 336 977 887 1076; baseline 0.005 -31"><span class='ocrx_word' id='word_1_5' title='bbox 336 1067 343 1076; x_wconf 22' lang='lat'>⁵</span> <span class='ocrx_word' id='word_1_6' title='bbox 426 977 887 1050; x_wconf 63' lang='lat' dir='ltr'><strong>camum</strong></span> 
     </span>
    </p>
   </div>
   <div class='ocr_carea' id='block_1_3' title="bbox 236 1147 940 1606">
    <p class='ocr_par' dir='ltr' id='par_1_3' title="bbox 239 1147 641 1238">
     <span class='ocr_line' id='line_1_3' title="bbox 239 1147 641 1238; baseline 0.015 -26"><span class='ocrx_word' id='word_1_7' title='bbox 239 1149 333 1214; x_wconf 85' lang='lat' dir='ltr'><strong>Festo</strong></span> <span class='ocrx_word' id='word_1_8' title='bbox 357 1147 436 1235; x_wconf 84' lang='lat' dir='ltr'><strong>quid</strong></span> <span class='ocrx_word' id='word_1_9' title='bbox 458 1151 566 1238; x_wconf 88' lang='lat' dir='ltr'><strong>potius</strong></span> <span class='ocrx_word' id='word_1_10' title='bbox 588 1149 641 1218; x_wconf 87' lang='lat' dir='ltr'><strong>dIe</strong></span> 
     </span>
    </p>

    <p class='ocr_par' dir='ltr' id='par_1_4' title="bbox 236 1269 940 1480">
     <span class='ocr_line' id='line_1_4' title="bbox 278 1269 940 1357; baseline 0.015 -23"><span class='ocrx_word' id='word_1_11' title='bbox 278 1269 416 1357; x_wconf 77' lang='lat' dir='ltr'><strong>Neptuni</strong></span> <span class='ocrx_word' id='word_1_12' title='bbox 440 1271 578 1338; x_wconf 79' lang='lat' dir='ltr'><strong>faciam?</strong></span> <span class='ocrx_word' id='word_1_13' title='bbox 600 1274 716 1342; x_wconf 83' lang='lat' dir='ltr'><strong>Prome</strong></span> <span class='ocrx_word' id='word_1_14' title='bbox 738 1276 940 1344; x_wconf 89' lang='lat' dir='ltr'><strong>reconditum</strong></span> 
     </span>
     <span class='ocr_line' id='line_1_5' title="bbox 236 1390 690 1480; baseline 0.007 -23"><span class='ocrx_word' id='word_1_15' title='bbox 236 1390 328 1480; x_wconf 86' lang='lat' dir='ltr'><strong>Lyde</strong></span> <span class='ocrx_word' id='word_1_16' title='bbox 350 1399 482 1460; x_wconf 90' lang='lat' dir='ltr'><strong>strenua</strong></span> <span class='ocrx_word' id='word_1_17' title='bbox 504 1393 690 1462; x_wconf 83' lang='lat' dir='ltr'><strong>Caecubum</strong></span> 
     </span>
    </p>

    <p class='ocr_par' dir='ltr' id='par_1_5' title="bbox 278 1513 922 1606">
     <span class='ocr_line' id='line_1_6' title="bbox 278 1513 922 1606; baseline 0.008 -26"><span class='ocrx_word' id='word_1_18' title='bbox 278 1513 484 1602; x_wconf 87' lang='lat' dir='ltr'><strong>llunitaeque</strong></span> <span class='ocrx_word' id='word_1_19' title='bbox 507 1513 626 1582; x_wconf 81' lang='lat' dir='ltr'>adhibe</span> <span class='ocrx_word' id='word_1_20' title='bbox 648 1517 713 1584; x_wconf 92' lang='lat' dir='ltr'><strong>vim</strong></span> <span class='ocrx_word' id='word_1_21' title='bbox 734 1518 922 1606; x_wconf 82' lang='lat' dir='ltr'><strong>sapientiae.</strong></span> 
     </span>
    </p>
   </div>
   <div class='ocr_carea' id='block_1_4' title="bbox 137 1711 1163 1878">
    <p class='ocr_par' dir='ltr' id='par_1_6' title="bbox 137 1711 1163 1878">
     <span class='ocr_line' id='line_1_7' title="bbox 172 1711 1163 1785; baseline 0.012 -23"><span class='ocrx_word' id='word_1_22' title='bbox 172 1712 283 1763; x_wconf 84' lang='lat' dir='ltr'>XXVIII.</span> <span class='ocrx_word' id='word_1_23' title='bbox 301 1713 384 1763; x_wconf 82' lang='lat' dir='ltr'><strong>lusor.</strong></span> <span class='ocrx_word' id='word_1_24' title='bbox 403 1711 473 1776; x_wconf 75' lang='lat' dir='ltr'><strong>volg.</strong></span> <span class='ocrx_word' id='word_1_25' title='bbox 490 1713 529 1763; x_wconf 75' lang='lat' dir='ltr'><strong>Aa</strong></span> <span class='ocrx_word' id='word_1_26' title='bbox 545 1715 637 1775; x_wconf 69' lang='lat' dir='ltr'><strong>ludeo.</strong></span> <span class='ocrx_word' id='word_1_27' title='bbox 660 1743 686 1751; x_wconf 84' lang='lat'><em>-</em></span> <span class='ocrx_word' id='word_1_28' title='bbox 705 1717 793 1778; x_wconf 67' lang='lat' dir='ltr'><strong>Iudae</strong></span> <span class='ocrx_word' id='word_1_29' title='bbox 809 1717 852 1768; x_wconf 94' lang='lat' dir='ltr'><strong>bc.</strong></span> <span class='ocrx_word' id='word_1_30' title='bbox 874 1746 901 1756; x_wconf 96' lang='lat'>-</span> <span class='ocrx_word' id='word_1_31' title='bbox 917 1719 956 1770; x_wconf 75' lang='lat' dir='ltr'><strong>Aa</strong></span> <span class='ocrx_word' id='word_1_32' title='bbox 970 1721 1055 1783; x_wconf 67' lang='lat' dir='ltr'><strong>lpum</strong></span> <span class='ocrx_word' id='word_1_33' title='bbox 1068 1735 1163 1785; x_wconf 80' lang='lat' dir='ltr'><strong>porco·</strong></span> 
     </span>
     <span class='ocr_line' id='line_1_8' title="bbox 137 1788 1125 1878; baseline 0.01 -41"><span class='ocrx_word' id='word_1_34' title='bbox 137 1789 216 1838; x_wconf 70' lang='lat' dir='ltr'><strong>utico</strong></span> <span class='ocrx_word' id='word_1_35' title='bbox 232 1788 390 1854; x_wconf 68' lang='lat' dir='ltr'><strong>(solophtbe</strong></span> <span class='ocrx_word' id='word_1_36' title='bbox 406 1789 442 1852; x_wconf 78' lang='lat' dir='ltr'><strong>S.)</strong></span> <span class='ocrx_word' id='word_1_37' title='bbox 460 1789 489 1838; x_wconf 83' lang='lat' dir='ltr'><strong>de</strong></span> <span class='ocrx_word' id='word_1_38' title='bbox 504 1789 686 1878; x_wconf 72' lang='lat' dir='ltr'><strong>lleptunoltbm</strong></span> <span class='ocrx_word' id='word_1_39' title='bbox 701 1792 748 1840; x_wconf 79' lang='lat' dir='ltr'><strong>Its.</strong></span> <span class='ocrx_word' id='word_1_40' title='bbox 770 1817 797 1830; x_wconf 83' lang='lat'><strong>-·</strong></span> <span class='ocrx_word' id='word_1_41' title='bbox 816 1794 840 1844; x_wconf 74' lang='lat' dir='ltr'><strong>i.</strong></span> <span class='ocrx_word' id='word_1_42' title='bbox 857 1793 940 1857; x_wconf 66' lang='lat' dir='ltr'><strong>somus</strong></span> <span class='ocrx_word' id='word_1_43' title='bbox 956 1795 1040 1848; x_wconf 87' lang='lat' dir='ltr'><strong>Benll.</strong></span> <span class='ocrx_word' id='word_1_44' title='bbox 1058 1797 1125 1848; x_wconf 87' lang='lat' dir='ltr'><strong>cont.</strong></span> 
     </span>
    </p>
   </div>
   <div class='ocr_carea' id='block_1_5' title="bbox 92 1965 1195 4414">
    <p class='ocr_par' dir='ltr' id='par_1_7' title="bbox 100 1965 1195 3150">
     <span class='ocr_line' id='line_1_9' title="bbox 139 1965 1195 2044; baseline 0.008 -29"><span class='ocrx_word' id='word_1_45' title='bbox 139 1965 250 2015; x_wconf 85' lang='lat' dir='ltr'>XXVIII.</span> <span class='ocrx_word' id='word_1_46' title='bbox 277 1967 410 2017; x_wconf 78' lang='lat' dir='ltr'><strong>Arcessita</strong></span> <span class='ocrx_word' id='word_1_47' title='bbox 434 1965 468 2016; x_wconf 87' lang='lat' dir='ltr'><strong>ad</strong></span> <span class='ocrx_word' id='word_1_48' title='bbox 492 1979 522 2018; x_wconf 86' lang='lat' dir='ltr'><strong>se</strong></span> <span class='ocrx_word' id='word_1_49' title='bbox 545 1967 632 2018; x_wconf 85' lang='lat' dir='ltr'><strong>amica</strong></span> <span class='ocrx_word' id='word_1_50' title='bbox 669 1968 784 2021; x_wconf 87' lang='lat' dir='ltr'><strong>lebrare.</strong></span> <span class='ocrx_word' id='word_1_51' title='bbox 818 1971 870 2022; x_wconf 87' lang='lat' dir='ltr'><strong>sed</strong></span> <span class='ocrx_word' id='word_1_52' title='bbox 887 1970 987 2044; x_wconf 67' lang='grc' dir='ltr'><em>ἑταίρᾳ</em></span> <span class='ocrx_word' id='word_1_53' title='bbox 1002 1971 1142 2025; x_wconf 87' lang='lat' dir='ltr'><strong>libertinae</strong></span> <span class='ocrx_word' id='word_1_54' title='bbox 1159 1973 1195 2025; x_wconf 91' lang='lat' dir='ltr'><strong>ad</strong></span> 
     </span>
     <span class='ocr_line' id='line_1_10' title="bbox 100 2037 1194 2106; baseline 0.009 -15"><span class='ocrx_word' id='word_1_55' title='bbox 100 2037 179 2091; x_wconf 84' lang='lat' dir='ltr'><strong>solus</strong></span> <span class='ocrx_word' id='word_1_56' title='bbox 197 2052 259 2090; x_wconf 88' lang='lat' dir='ltr'><strong>cum</strong></span> <span class='ocrx_word' id='word_1_57' title='bbox 276 2038 332 2091; x_wconf 86' lang='lat' dir='ltr'><strong>sola</strong></span> <span class='ocrx_word' id='word_1_58' title='bbox 348 2039 503 2105; x_wconf 78' lang='lat' dir='ltr'><strong>Neptunalia</strong></span> <span class='ocrx_word' id='word_1_59' title='bbox 521 2054 632 2106; x_wconf 91' lang='lat' dir='ltr'><strong>compo-</strong></span> <span class='ocrx_word' id='word_1_60' title='bbox 669 2042 817 2096; x_wconf 80' lang='lat' dir='ltr'><strong>solltarium</strong></span> <span class='ocrx_word' id='word_1_61' title='bbox 837 2049 986 2098; x_wconf 83' lang='lat' dir='ltr'><strong>convivium</strong></span> <span class='ocrx_word' id='word_1_62' title='bbox 1005 2051 1116 2100; x_wconf 80' lang='lat' dir='ltr'><strong>uocatae</strong></span> <span class='ocrx_word' id='word_1_63' title='bbox 1133 2049 1194 2101; x_wconf 88' lang='lat' dir='ltr'><strong>talia</strong></span> 
     </span>
     <span class='ocr_line' id='line_1_11' title="bbox 100 2113 1194 2188; baseline 0.009 -24"><span class='ocrx_word' id='word_1_64' title='bbox 100 2113 205 2165; x_wconf 86' lang='lat' dir='ltr'><strong>tatione</strong></span> <span class='ocrx_word' id='word_1_65' title='bbox 227 2116 254 2164; x_wconf 89' lang='lat' dir='ltr'><strong>et</strong></span> <span class='ocrx_word' id='word_1_66' title='bbox 274 2117 353 2165; x_wconf 87' lang='lat' dir='ltr'><strong>cantu</strong></span> <span class='ocrx_word' id='word_1_67' title='bbox 375 2113 501 2166; x_wconf 86' lang='lat' dir='ltr'><strong>celebrat.</strong></span> <span class='ocrx_word' id='word_1_68' title='bbox 530 2117 632 2181; x_wconf 88' lang='lat' dir='ltr'><strong>Neptu·</strong></span> <span class='ocrx_word' id='word_1_69' title='bbox 668 2117 764 2170; x_wconf 89' lang='lat' dir='ltr'><strong>nullius</strong></span> <span class='ocrx_word' id='word_1_70' title='bbox 791 2119 890 2171; x_wconf 85' lang='lat' dir='ltr'><strong>laboris</strong></span> <span class='ocrx_word' id='word_1_71' title='bbox 915 2121 1001 2173; x_wconf 84' lang='lat' dir='ltr'><strong>officia</strong></span> <span class='ocrx_word' id='word_1_72' title='bbox 1029 2135 1080 2188; x_wconf 88' lang='lat' dir='ltr'><strong>per</strong></span> <span class='ocrx_word' id='word_1_73' title='bbox 1105 2119 1194 2174; x_wconf 87' lang='lat' dir='ltr'><strong>iocum</strong></span> 
     </span>
     <span class='ocr_line' id='line_1_12' title="bbox 101 2186 1194 2258; baseline 0.008 -20"><span class='ocrx_word' id='word_1_74' title='bbox 101 2186 172 2238; x_wconf 87' lang='lat' dir='ltr'><strong>nalia</strong></span> <span class='ocrx_word' id='word_1_75' title='bbox 192 2187 242 2238; x_wconf 90' lang='lat' dir='ltr'><strong>alia</strong></span> <span class='ocrx_word' id='word_1_76' title='bbox 256 2201 280 2238; x_wconf 93' lang='lat' dir='ltr'><strong>a.</strong></span> <span class='ocrx_word' id='word_1_77' title='bbox 294 2189 320 2240; x_wconf 95' lang='lat' dir='ltr'><strong>d.</strong></span> <span class='ocrx_word' id='word_1_78' title='bbox 333 2189 363 2238; x_wconf 86' lang='lat' dir='ltr'><strong>X.</strong></span> <span class='ocrx_word' id='word_1_79' title='bbox 379 2189 440 2251; x_wconf 87' lang='lat' dir='ltr'><strong>(non</strong></span> <span class='ocrx_word' id='word_1_80' title='bbox 451 2189 493 2251; x_wconf 62' lang='lat' dir='ltr'><strong>V„</strong></span> <span class='ocrx_word' id='word_1_81' title='bbox 512 2192 542 2240; x_wconf 89' lang='lat' dir='ltr'><strong>ut</strong></span> <span class='ocrx_word' id='word_1_82' title='bbox 558 2191 632 2240; x_wconf 88' lang='lat' dir='ltr'><strong>aiunt</strong></span> <span class='ocrx_word' id='word_1_83' title='bbox 668 2193 789 2243; x_wconf 90' lang='lat' dir='ltr'><strong>mandari</strong></span> <span class='ocrx_word' id='word_1_84' title='bbox 811 2197 935 2258; x_wconf 90' lang='lat' dir='ltr'><strong>poterant</strong></span> <span class='ocrx_word' id='word_1_85' title='bbox 955 2194 989 2245; x_wconf 88' lang='lat' dir='ltr'><strong>ab</strong></span> <span class='ocrx_word' id='word_1_86' title='bbox 1013 2197 1100 2246; x_wconf 89' lang='lat' dir='ltr'><strong>amico</strong></span> <span class='ocrx_word' id='word_1_87' title='bbox 1117 2209 1194 2248; x_wconf 90' lang='lat' dir='ltr'><strong>com-</strong></span> 
     </span>
     <span class='ocr_line' id='line_1_13' title="bbox 101 2261 1194 2332; baseline 0.009 -20"><span class='ocrx_word' id='word_1_88' title='bbox 101 2261 159 2324; x_wconf 86' lang='lat' dir='ltr'><strong>alii)</strong></span> <span class='ocrx_word' id='word_1_89' title='bbox 186 2261 241 2312; x_wconf 86' lang='lat' dir='ltr'><strong>Xal.</strong></span> <span class='ocrx_word' id='word_1_90' title='bbox 265 2265 344 2326; x_wconf 60' lang='lat' dir='ltr'><strong>hug„</strong></span> <span class='ocrx_word' id='word_1_91' title='bbox 372 2261 422 2314; x_wconf 90' lang='lat' dir='ltr'><strong>alia</strong></span> <span class='ocrx_word' id='word_1_92' title='bbox 445 2263 471 2314; x_wconf 87' lang='lat' dir='ltr'><strong>in</strong></span> <span class='ocrx_word' id='word_1_93' title='bbox 498 2265 630 2314; x_wconf 88' lang='lat' dir='ltr'><strong>honorem</strong></span> <span class='ocrx_word' id='word_1_94' title='bbox 668 2266 789 2317; x_wconf 90' lang='lat' dir='ltr'><strong>modiore</strong></span> <span class='ocrx_word' id='word_1_95' title='bbox 801 2270 840 2328; x_wconf 89' lang='lat' dir='ltr'><strong>et,</strong></span> <span class='ocrx_word' id='word_1_96' title='bbox 854 2281 908 2332; x_wconf 85' lang='lat' dir='ltr'><strong>quo</strong></span> <span class='ocrx_word' id='word_1_97' title='bbox 918 2268 1028 2320; x_wconf 83' lang='lat' dir='ltr'><strong>liberior</strong></span> <span class='ocrx_word' id='word_1_98' title='bbox 1039 2270 1120 2330; x_wconf 82' lang='lat' dir='ltr'><strong>foret,</strong></span> <span class='ocrx_word' id='word_1_99' title='bbox 1137 2283 1194 2322; x_wconf 86' lang='lat' dir='ltr'><strong>sen·</strong></span> 
     </span>
     <span class='ocr_line' id='line_1_14' title="bbox 100 2337 1190 2402; baseline 0.008 -16"><span class='ocrx_word' id='word_1_100' title='bbox 100 2349 209 2402; x_wconf 77' lang='lat' dir='ltr'><strong>pugnae</strong></span> <span class='ocrx_word' id='word_1_101' title='bbox 227 2337 349 2388; x_wconf 77' lang='lat' dir='ltr'><strong>Actiacae</strong></span> <span class='ocrx_word' id='word_1_102' title='bbox 367 2337 423 2388; x_wconf 83' lang='lat' dir='ltr'><strong>Xal.</strong></span> <span class='ocrx_word' id='word_1_103' title='bbox 443 2339 514 2402; x_wconf 86' lang='lat' dir='ltr'><strong>Sept.</strong></span> <span class='ocrx_word' id='word_1_104' title='bbox 528 2350 631 2388; x_wconf 90' lang='lat' dir='ltr'><strong>memo-</strong></span> <span class='ocrx_word' id='word_1_105' title='bbox 667 2353 731 2391; x_wconf 89' lang='lat' dir='ltr'><strong>vum</strong></span> <span class='ocrx_word' id='word_1_106' title='bbox 748 2339 849 2392; x_wconf 87' lang='lat' dir='ltr'><strong>nullum</strong></span> <span class='ocrx_word' id='word_1_107' title='bbox 868 2353 977 2394; x_wconf 78' lang='lat' dir='ltr'><strong>mensae</strong></span> <span class='ocrx_word' id='word_1_108' title='bbox 989 2343 1142 2395; x_wconf 84' lang='lat' dir='ltr'><strong>adhibente.</strong></span> <span class='ocrx_word' id='word_1_109' title='bbox 1163 2373 1190 2382; x_wconf 92' lang='lat'>-</span> 
     </span>
     <span class='ocr_line' id='line_1_15' title="bbox 101 2411 1190 2483; baseline 0.007 -22"><span class='ocrx_word' id='word_1_110' title='bbox 101 2412 164 2461; x_wconf 87' lang='lat' dir='ltr'><strong>rant</strong></span> <span class='ocrx_word' id='word_1_111' title='bbox 192 2411 323 2476; x_wconf 86' lang='lat' dir='ltr'><strong>InscrIptl.</strong></span> <span class='ocrx_word' id='word_1_112' title='bbox 348 2412 404 2461; x_wconf 87' lang='lat' dir='ltr'><strong>Lat.</strong></span> <span class='ocrx_word' id='word_1_113' title='bbox 429 2411 453 2462; x_wconf 81' lang='lat'><strong>2.</strong></span> <span class='ocrx_word' id='word_1_114' title='bbox 479 2425 506 2477; x_wconf 94' lang='lat' dir='ltr'><strong>p.</strong></span> <span class='ocrx_word' id='word_1_115' title='bbox 531 2411 580 2462; x_wconf 76' lang='lat' dir='ltr'><strong>atti</strong></span> <span class='ocrx_word' id='word_1_116' title='bbox 603 2413 631 2462; x_wconf 86' lang='lat' dir='ltr'><strong>et</strong></span> <span class='ocrx_word' id='word_1_117' title='bbox 666 2414 828 2480; x_wconf 77' lang='lat' dir='ltr'><strong>reconditum]</strong></span> <span class='ocrx_word' id='word_1_118' title='bbox 855 2415 1002 2469; x_wconf 73' lang='lat' dir='ltr'><strong>«Interioris</strong></span> <span class='ocrx_word' id='word_1_119' title='bbox 1028 2419 1107 2469; x_wconf 86' lang='lat' dir='ltr'><strong>notae</strong></span> <span class='ocrx_word' id='word_1_120' title='bbox 1134 2417 1190 2483; x_wconf 83' lang='lat' dir='ltr'><strong>(Od.</strong></span> 
     </span>
     <span class='ocr_line' id='line_1_16' title="bbox 101 2483 1192 2559; baseline 0.009 -23"><span class='ocrx_word' id='word_1_121' title='bbox 101 2485 160 2536; x_wconf 77' lang='grc'><strong>398.</strong></span> <span class='ocrx_word' id='word_1_122' title='bbox 183 2483 331 2548; x_wconf 79' lang='lat' dir='ltr'><strong>Intelligere</strong></span> <span class='ocrx_word' id='word_1_123' title='bbox 349 2485 454 2536; x_wconf 85' lang='lat' dir='ltr'><strong>videtur</strong></span> <span class='ocrx_word' id='word_1_124' title='bbox 469 2487 557 2550; x_wconf 88' lang='lat' dir='ltr'><strong>priora</strong></span> <span class='ocrx_word' id='word_1_125' title='bbox 576 2483 627 2548; x_wconf 90' lang='lat' dir='ltr'><strong>Illa,</strong></span> <span class='ocrx_word' id='word_1_126' title='bbox 666 2491 696 2552; x_wconf 72' lang='lat'><strong>2,</strong></span> <span class='ocrx_word' id='word_1_127' title='bbox 715 2491 743 2552; x_wconf 87' lang='grc'><strong>3,</strong></span> <span class='ocrx_word' id='word_1_128' title='bbox 762 2491 807 2554; x_wconf 82' lang='grc'>8.),</span> <span class='ocrx_word' id='word_1_129' title='bbox 828 2491 892 2543; x_wconf 86' lang='lat' dir='ltr'><strong>satis</strong></span> <span class='ocrx_word' id='word_1_130' title='bbox 909 2493 987 2556; x_wconf 80' lang='lat' dir='ltr'><strong>igilur</strong></span> <span class='ocrx_word' id='word_1_131' title='bbox 1003 2495 1081 2545; x_wconf 84' lang='lat' dir='ltr'><strong>vetus</strong></span> <span class='ocrx_word' id='word_1_132' title='bbox 1098 2509 1129 2545; x_wconf 90' lang='lat' dir='ltr'><strong>ac</strong></span> <span class='ocrx_word' id='word_1_133' title='bbox 1147 2507 1192 2559; x_wconf 75' lang='lat' dir='ltr'><strong>ge·</strong></span> 
     </span>
     <span class='ocr_line' id='line_1_17' title="bbox 101 2560 1109 2624; baseline 0.01 -13"><span class='ocrx_word' id='word_1_134' title='bbox 101 2573 172 2624; x_wconf 79' lang='lat' dir='ltr'><strong>quae</strong></span> <span class='ocrx_word' id='word_1_135' title='bbox 197 2563 265 2612; x_wconf 88' lang='lat' dir='ltr'><strong>teste</strong></span> <span class='ocrx_word' id='word_1_136' title='bbox 293 2561 370 2611; x_wconf 82' lang='lat' dir='ltr'><strong>Festo</strong></span> <span class='ocrx_word' id='word_1_137' title='bbox 395 2560 512 2612; x_wconf 79' lang='lat' dir='ltr'><strong>frondeis</strong></span> <span class='ocrx_word' id='word_1_138' title='bbox 541 2563 626 2624; x_wconf 82' lang='lat' dir='ltr'><strong>casis,</strong></span> <span class='ocrx_word' id='word_1_139' title='bbox 666 2576 819 2616; x_wconf 78' lang='lat' dir='ltr'><strong>aerosum.»</strong></span> <span class='ocrx_word' id='word_1_140' title='bbox 1106 2613 1109 2621; x_wconf 88' lang='lat'><strong>.</strong></span> 
     </span>
     <span class='ocr_line' id='line_1_18' title="bbox 102 2635 1190 2708; baseline 0.01 -24"><span class='ocrx_word' id='word_1_141' title='bbox 102 2647 170 2698; x_wconf 85' lang='lat' dir='ltr'><strong>quas</strong></span> <span class='ocrx_word' id='word_1_142' title='bbox 187 2635 290 2685; x_wconf 75' lang='lat' dir='ltr'><strong>ambros</strong></span> <span class='ocrx_word' id='word_1_143' title='bbox 305 2635 451 2697; x_wconf 89' lang='lat' dir='ltr'><strong>vocabant,</strong></span> <span class='ocrx_word' id='word_1_144' title='bbox 470 2636 497 2685; x_wconf 91' lang='lat' dir='ltr'><strong>in</strong></span> <span class='ocrx_word' id='word_1_145' title='bbox 514 2637 572 2700; x_wconf 91' lang='lat' dir='ltr'><strong>ripa</strong></span> <span class='ocrx_word' id='word_1_146' title='bbox 589 2637 629 2686; x_wconf 80' lang='lat' dir='ltr'><strong>Ti-</strong></span> <span class='ocrx_word' id='word_1_147' title='bbox 698 2639 721 2690; x_wconf 90' lang='grc'><strong>3.</strong></span> <span class='ocrx_word' id='word_1_148' title='bbox 745 2641 856 2705; x_wconf 81' lang='lat' dir='ltr'><strong>strenuo]</strong></span> <span class='ocrx_word' id='word_1_149' title='bbox 877 2654 927 2706; x_wconf 93' lang='lat' dir='ltr'><strong>pro</strong></span> <span class='ocrx_word' id='word_1_150' title='bbox 948 2641 1076 2694; x_wconf 86' lang='lat' dir='ltr'><strong>adverbio</strong></span> <span class='ocrx_word' id='word_1_151' title='bbox 1094 2657 1190 2708; x_wconf 90' lang='lat' dir='ltr'><strong>prosae</strong></span> 
     </span>
     <span class='ocr_line' id='line_1_19' title="bbox 101 2710 1190 2781; baseline 0.006 -21"><span class='ocrx_word' id='word_1_152' title='bbox 101 2710 175 2760; x_wconf 86' lang='lat' dir='ltr'><strong>beris</strong></span> <span class='ocrx_word' id='word_1_153' title='bbox 200 2711 319 2761; x_wconf 83' lang='lat' dir='ltr'><strong>excitatis</strong></span> <span class='ocrx_word' id='word_1_154' title='bbox 343 2713 371 2760; x_wconf 90' lang='lat' dir='ltr'><strong>el</strong></span> <span class='ocrx_word' id='word_1_155' title='bbox 392 2712 467 2761; x_wconf 85' lang='lat' dir='ltr'><strong>tauro</strong></span> <span class='ocrx_word' id='word_1_156' title='bbox 491 2710 627 2762; x_wconf 91' lang='lat' dir='ltr'><strong>immolato</strong></span> <span class='ocrx_word' id='word_1_157' title='bbox 665 2715 731 2764; x_wconf 88' lang='lat' dir='ltr'><strong>orat.</strong></span> <span class='ocrx_word' id='word_1_158' title='bbox 766 2715 813 2764; x_wconf 86' lang='lat' dir='ltr'><strong>Est</strong></span> <span class='ocrx_word' id='word_1_159' title='bbox 834 2715 927 2778; x_wconf 76' lang='lat' dir='ltr'><strong>igItur:</strong></span> <span class='ocrx_word' id='word_1_160' title='bbox 958 2715 1030 2767; x_wconf 75' lang='lat' dir='ltr'><strong>«Noli</strong></span> <span class='ocrx_word' id='word_1_161' title='bbox 1053 2718 1190 2781; x_wconf 78' lang='lat' dir='ltr'><strong>defatigari</strong></span> 
     </span>
     <span class='ocr_line' id='line_1_20' title="bbox 101 2782 1191 2853; baseline 0.008 -20"><span class='ocrx_word' id='word_1_162' title='bbox 101 2782 317 2834; x_wconf 85' lang='lat' dir='ltr'><strong>celebrabantur.</strong></span> <span class='ocrx_word' id='word_1_163' title='bbox 351 2785 409 2844; x_wconf 88' lang='lat' dir='ltr'><strong>Quo</strong></span> <span class='ocrx_word' id='word_1_164' title='bbox 429 2787 550 2848; x_wconf 88' lang='lat' dir='ltr'><strong>tempore</strong></span> <span class='ocrx_word' id='word_1_165' title='bbox 575 2785 627 2836; x_wconf 91' lang='lat' dir='ltr'><strong>hoc</strong></span> <span class='ocrx_word' id='word_1_166' title='bbox 665 2788 692 2837; x_wconf 87' lang='lat' dir='ltr'><strong>in</strong></span> <span class='ocrx_word' id='word_1_167' title='bbox 718 2787 868 2853; x_wconf 88' lang='lat' dir='ltr'><strong>promendo</strong></span> <span class='ocrx_word' id='word_1_168' title='bbox 895 2789 1020 2840; x_wconf 88' lang='lat' dir='ltr'><strong>Caecubo</strong></span> <span class='ocrx_word' id='word_1_169' title='bbox 1047 2791 1191 2842; x_wconf 79' lang='lat' dir='ltr'><strong>exhorreo</strong></span> 
     </span>
     <span class='ocr_line' id='line_1_21' title="bbox 101 2857 1189 2928; baseline 0.006 -19"><span class='ocrx_word' id='word_1_170' title='bbox 101 2871 213 2910; x_wconf 88' lang='lat' dir='ltr'><strong>carmen</strong></span> <span class='ocrx_word' id='word_1_171' title='bbox 231 2859 408 2923; x_wconf 89' lang='lat' dir='ltr'><strong>compositum</strong></span> <span class='ocrx_word' id='word_1_172' title='bbox 425 2857 471 2920; x_wconf 85' lang='lat' dir='ltr'><strong>eit,</strong></span> <span class='ocrx_word' id='word_1_173' title='bbox 495 2859 627 2909; x_wconf 88' lang='lat' dir='ltr'><strong>incertum</strong></span> <span class='ocrx_word' id='word_1_174' title='bbox 665 2861 721 2912; x_wconf 85' lang='lat' dir='ltr'><strong>slve</strong></span> <span class='ocrx_word' id='word_1_175' title='bbox 750 2861 880 2926; x_wconf 87' lang='lat' dir='ltr'><strong>apotheca</strong></span> <span class='ocrx_word' id='word_1_176' title='bbox 908 2863 1009 2914; x_wconf 80' lang='lat' dir='ltr'><strong>ulnarla</strong></span> <span class='ocrx_word' id='word_1_177' title='bbox 1035 2866 1115 2928; x_wconf 86' lang='lat' dir='ltr'><strong>atque</strong></span> <span class='ocrx_word' id='word_1_178' title='bbox 1141 2878 1189 2916; x_wconf 82' lang='lat' dir='ltr'><strong>ex·</strong></span> 
     </span>
     <span class='ocr_line' id='line_1_22' title="bbox 102 2932 1189 3002; baseline 0.005 -19"><span class='ocrx_word' id='word_1_179' title='bbox 102 2937 153 2994; x_wconf 89' lang='lat' dir='ltr'><strong>est;</strong></span> <span class='ocrx_word' id='word_1_180' title='bbox 178 2932 337 2984; x_wconf 86' lang='lat' dir='ltr'><strong>XIrchnerus</strong></span> <span class='ocrx_word' id='word_1_181' title='bbox 355 2935 381 2984; x_wconf 91' lang='lat' dir='ltr'><strong>et</strong></span> <span class='ocrx_word' id='word_1_182' title='bbox 399 2934 551 2998; x_wconf 86' lang='lat' dir='ltr'><strong>nuperrime</strong></span> <span class='ocrx_word' id='word_1_183' title='bbox 564 2935 628 2984; x_wconf 86' lang='lat' dir='ltr'><strong>Gro-</strong></span> <span class='ocrx_word' id='word_1_184' title='bbox 664 2947 765 2999; x_wconf 82' lang='lat' dir='ltr'><strong>pugna,</strong></span> <span class='ocrx_word' id='word_1_185' title='bbox 784 2935 868 3000; x_wconf 89' lang='lat' dir='ltr'><strong>pelle,</strong></span> <span class='ocrx_word' id='word_1_186' title='bbox 888 2934 1037 2988; x_wconf 87' lang='lat' dir='ltr'><strong>liberaliore</strong></span> <span class='ocrx_word' id='word_1_187' title='bbox 1054 2941 1118 3002; x_wconf 90' lang='lat' dir='ltr'><strong>polu</strong></span> <span class='ocrx_word' id='word_1_188' title='bbox 1140 2940 1189 2988; x_wconf 90' lang='lat' dir='ltr'><strong>tri-</strong></span> 
     </span>
     <span class='ocr_line' id='line_1_23' title="bbox 104 3007 1189 3072; baseline 0.003 -14"><span class='ocrx_word' id='word_1_189' title='bbox 104 3007 340 3072; x_wconf 72' lang='lat' dir='ltr'><strong>teiendssclm&#39;flst.</strong></span> <span class='ocrx_word' id='word_1_190' title='bbox 354 3007 442 3071; x_wconf 65' lang='lat' dir='ltr'><strong>bousb.</strong></span> <span class='ocrx_word' id='word_1_191' title='bbox 456 3008 480 3056; x_wconf 90' lang='lat' dir='ltr'><strong>d.</strong></span> <span class='ocrx_word' id='word_1_192' title='bbox 495 3007 584 3058; x_wconf 87' lang='lat' dir='ltr'><strong>llorat.</strong></span> <span class='ocrx_word' id='word_1_193' title='bbox 598 3021 624 3072; x_wconf 91' lang='lat' dir='ltr'><strong>p.</strong></span> <span class='ocrx_word' id='word_1_194' title='bbox 664 3009 774 3060; x_wconf 90' lang='lat' dir='ltr'><strong>stiorem</strong></span> <span class='ocrx_word' id='word_1_195' title='bbox 797 3011 870 3060; x_wconf 90' lang='lat' dir='ltr'><strong>tuam</strong></span> <span class='ocrx_word' id='word_1_196' title='bbox 893 3024 924 3060; x_wconf 89' lang='lat' dir='ltr'><strong>ac</strong></span> <span class='ocrx_word' id='word_1_197' title='bbox 950 3012 989 3061; x_wconf 89' lang='lat' dir='ltr'><strong>sic</strong></span> <span class='ocrx_word' id='word_1_198' title='bbox 1014 3011 1077 3062; x_wconf 88' lang='lat' dir='ltr'><strong>satis</strong></span> <span class='ocrx_word' id='word_1_199' title='bbox 1100 3014 1189 3061; x_wconf 90' lang='lat' dir='ltr'><strong>muni-</strong></span> 
     </span>
     <span class='ocr_line' id='line_1_24' title="bbox 102 3081 1188 3150; baseline 0.004 -18"><span class='ocrx_word' id='word_1_200' title='bbox 102 3081 151 3144; x_wconf 82' lang='grc'>30.)</span> <span class='ocrx_word' id='word_1_201' title='bbox 174 3083 375 3146; x_wconf 78' lang='lat' dir='ltr'><strong>assignavemnt</strong></span> <span class='ocrx_word' id='word_1_202' title='bbox 391 3094 461 3134; x_wconf 90' lang='lat' dir='ltr'><strong>anno</strong></span> <span class='ocrx_word' id='word_1_203' title='bbox 478 3082 535 3132; x_wconf 79' lang='lat'><strong>732.</strong></span> <span class='ocrx_word' id='word_1_204' title='bbox 664 3085 718 3134; x_wconf 87' lang='lat' dir='ltr'><strong>tam</strong></span> <span class='ocrx_word' id='word_1_205' title='bbox 731 3083 860 3134; x_wconf 86' lang='lat' dir='ltr'><strong>adversus</strong></span> <span class='ocrx_word' id='word_1_206' title='bbox 869 3083 1019 3150; x_wconf 85' lang='lat' dir='ltr'><strong>voluptates</strong></span> <span class='ocrx_word' id='word_1_207' title='bbox 1031 3086 1188 3148; x_wconf 81' lang='lat' dir='ltr'><strong>gravitatem</strong></span> 
     </span>
    </p>

    <p class='ocr_par' dir='ltr' id='par_1_8' title="bbox 92 3148 1189 4414">
     <span class='ocr_line' id='line_1_25' title="bbox 131 3148 1188 3228; baseline 0.004 -21"><span class='ocrx_word' id='word_1_208' title='bbox 131 3159 157 3207; x_wconf 71' lang='grc' dir='ltr'><strong>Ξ.</strong></span> <span class='ocrx_word' id='word_1_209' title='bbox 184 3157 288 3221; x_wconf 76' lang='lat' dir='ltr'><strong>[octona]</strong></span> <span class='ocrx_word' id='word_1_210' title='bbox 312 3148 454 3228; x_wconf 64' lang='grc' dir='ltr'><strong>«Ὕστερον</strong></span> <span class='ocrx_word' id='word_1_211' title='bbox 476 3152 623 3226; x_wconf 72' lang='grc' dir='ltr'><strong><em>πρότερον.</em></strong></span> <span class='ocrx_word' id='word_1_212' title='bbox 664 3171 825 3222; x_wconf 85' lang='lat' dir='ltr'><strong>mecumque</strong></span> <span class='ocrx_word' id='word_1_213' title='bbox 849 3159 931 3209; x_wconf 78' lang='lat' dir='ltr'><strong>(lento</strong></span> <span class='ocrx_word' id='word_1_214' title='bbox 954 3157 1086 3223; x_wconf 75' lang='lat' dir='ltr'><strong>indulge.»</strong></span> <span class='ocrx_word' id='word_1_215' title='bbox 1116 3161 1188 3210; x_wconf 90' lang='lat' dir='ltr'><strong>Ilaec</strong></span> 
     </span>
     <span class='ocr_line' id='line_1_26' title="bbox 100 3231 1189 3298; baseline 0.002 -16"><span class='ocrx_word' id='word_1_216' title='bbox 100 3233 162 3283; x_wconf 79' lang='lat' dir='ltr'><strong>Erat</strong></span> <span class='ocrx_word' id='word_1_217' title='bbox 180 3234 251 3282; x_wconf 90' lang='lat' dir='ltr'><strong>enim</strong></span> <span class='ocrx_word' id='word_1_218' title='bbox 268 3232 312 3282; x_wconf 91' lang='lat' dir='ltr'><strong>hic</strong></span> <span class='ocrx_word' id='word_1_219' title='bbox 323 3231 402 3282; x_wconf 85' lang='lat' dir='ltr'><strong>ordo:</strong></span> <span class='ocrx_word' id='word_1_220' title='bbox 429 3234 539 3284; x_wconf 72' lang='lat' dir='ltr'><strong>«Prorrm</strong></span> <span class='ocrx_word' id='word_1_221' title='bbox 557 3233 626 3284; x_wconf 90' lang='lat' dir='ltr'><strong>Cae-</strong></span> <span class='ocrx_word' id='word_1_222' title='bbox 663 3232 753 3282; x_wconf 86' lang='lat' dir='ltr'><strong>omnia</strong></span> <span class='ocrx_word' id='word_1_223' title='bbox 768 3245 879 3298; x_wconf 87' lang='lat' dir='ltr'><strong>prorsus</strong></span> <span class='ocrx_word' id='word_1_224' title='bbox 897 3232 985 3284; x_wconf 81' lang='lat' dir='ltr'><strong>locose</strong></span> <span class='ocrx_word' id='word_1_225' title='bbox 1002 3245 1034 3283; x_wconf 88' lang='lat' dir='ltr'><strong>ac</strong></span> <span class='ocrx_word' id='word_1_226' title='bbox 1051 3233 1136 3284; x_wconf 88' lang='lat' dir='ltr'><strong>Iacete</strong></span> <span class='ocrx_word' id='word_1_227' title='bbox 1149 3234 1189 3284; x_wconf 86' lang='lat' dir='ltr'><strong>di·</strong></span> 
     </span>
     <span class='ocr_line' id='line_1_27' title="bbox 100 3305 1186 3372; baseline 0.003 -16"><span class='ocrx_word' id='word_1_228' title='bbox 100 3306 214 3367; x_wconf 82' lang='lat' dir='ltr'><strong>cabam,</strong></span> <span class='ocrx_word' id='word_1_229' title='bbox 241 3307 271 3356; x_wconf 92' lang='lat' dir='ltr'><strong>ut</strong></span> <span class='ocrx_word' id='word_1_230' title='bbox 292 3307 399 3370; x_wconf 82' lang='lat' dir='ltr'><strong>(tecum)</strong></span> <span class='ocrx_word' id='word_1_231' title='bbox 420 3305 521 3356; x_wconf 88' lang='lat' dir='ltr'><strong>bibam.</strong></span> <span class='ocrx_word' id='word_1_232' title='bbox 557 3305 626 3367; x_wconf 86' lang='lat' dir='ltr'><strong>Quid</strong></span> <span class='ocrx_word' id='word_1_233' title='bbox 662 3306 1186 3372; x_wconf 79' lang='lat' dir='ltr'><strong>ctasunt‚praesertimmuottci11aab</strong></span> 
     </span>
     <span class='ocr_line' id='line_1_28' title="bbox 99 3379 1184 3446; baseline 0.003 -16"><span class='ocrx_word' id='word_1_234' title='bbox 99 3381 172 3431; x_wconf 88' lang='lat' dir='ltr'><strong>enim</strong></span> <span class='ocrx_word' id='word_1_235' title='bbox 195 3381 283 3445; x_wconf 84' lang='lat' dir='ltr'><strong>potius</strong></span> <span class='ocrx_word' id='word_1_236' title='bbox 304 3379 371 3431; x_wconf 83' lang='lat' dir='ltr'><strong>testo</strong></span> <span class='ocrx_word' id='word_1_237' title='bbox 392 3380 506 3446; x_wconf 87' lang='lat' dir='ltr'><strong>Neptuni</strong></span> <span class='ocrx_word' id='word_1_238' title='bbox 524 3381 567 3431; x_wconf 89' lang='lat' dir='ltr'><strong>die</strong></span> <span class='ocrx_word' id='word_1_239' title='bbox 585 3381 625 3431; x_wconf 89' lang='lat' dir='ltr'><strong>Ia·</strong></span> <span class='ocrx_word' id='word_1_240' title='bbox 661 3381 734 3432; x_wconf 92' lang='lat' dir='ltr'><strong>omni</strong></span> <span class='ocrx_word' id='word_1_241' title='bbox 751 3382 896 3432; x_wconf 89' lang='lat' dir='ltr'><strong>tentatione</strong></span> <span class='ocrx_word' id='word_1_242' title='bbox 922 3383 1047 3445; x_wconf 79' lang='lat' dir='ltr'><strong>sapientia</strong></span> <span class='ocrx_word' id='word_1_243' title='bbox 1070 3381 1184 3446; x_wconf 87' lang='lat' dir='ltr'><strong>puellae.</strong></span> 
     </span>
     <span class='ocr_line' id='line_1_29' title="bbox 99 3455 1185 3522; baseline 0.002 -16"><span class='ocrx_word' id='word_1_244' title='bbox 99 3469 162 3506; x_wconf 87' lang='lat' dir='ltr'><strong>cere</strong></span> <span class='ocrx_word' id='word_1_245' title='bbox 180 3456 328 3518; x_wconf 68' lang='lat' dir='ltr'><strong>possumis</strong></span> <span class='ocrx_word' id='word_1_246' title='bbox 351 3457 428 3505; x_wconf 75' lang='lat' dir='ltr'><strong>Lana</strong></span> <span class='ocrx_word' id='word_1_247' title='bbox 448 3455 504 3506; x_wconf 86' lang='lat' dir='ltr'><strong>Hoc</strong></span> <span class='ocrx_word' id='word_1_248' title='bbox 521 3456 543 3506; x_wconf 87' lang='lat' dir='ltr'><strong>si</strong></span> <span class='ocrx_word' id='word_1_249' title='bbox 561 3457 624 3507; x_wconf 83' lang='lat' dir='ltr'><strong>satia</strong></span> <span class='ocrx_word' id='word_1_250' title='bbox 661 3456 692 3506; x_wconf 87' lang='lat' dir='ltr'><strong>llt</strong></span> <span class='ocrx_word' id='word_1_251' title='bbox 714 3458 805 3506; x_wconf 89' lang='lat' dir='ltr'><strong>autem</strong></span> <span class='ocrx_word' id='word_1_252' title='bbox 826 3455 860 3507; x_wconf 89' lang='lat' dir='ltr'><strong>ad</strong></span> <span class='ocrx_word' id='word_1_253' title='bbox 882 3455 974 3520; x_wconf 87' lang='lat' dir='ltr'><strong>Lyden</strong></span> <span class='ocrx_word' id='word_1_254' title='bbox 995 3457 1185 3522; x_wconf 86' lang='lat' dir='ltr'><strong>potiusquam</strong></span> 
     </span>
     <span class='ocr_line' id='line_1_30' title="bbox 97 3526 1183 3596; baseline 0.003 -16"><span class='ocrx_word' id='word_1_255' title='bbox 97 3528 286 3596; x_wconf 80' lang='lat' dir='ltr'><strong>perpendisset</strong></span> <span class='ocrx_word' id='word_1_256' title='bbox 297 3526 440 3590; x_wconf 88' lang='lat' dir='ltr'><strong>Bentleius‚</strong></span> <span class='ocrx_word' id='word_1_257' title='bbox 451 3529 625 3594; x_wconf 83' lang='lat' dir='ltr'><strong>vixscripsts-</strong></span> <span class='ocrx_word' id='word_1_258' title='bbox 661 3528 695 3578; x_wconf 87' lang='lat' dir='ltr'><strong>ad</strong></span> <span class='ocrx_word' id='word_1_259' title='bbox 712 3530 801 3592; x_wconf 87' lang='lat' dir='ltr'><strong>Ipsum</strong></span> <span class='ocrx_word' id='word_1_260' title='bbox 818 3531 956 3584; x_wconf 85' lang='lat' dir='ltr'><strong>Horatium</strong></span> <span class='ocrx_word' id='word_1_261' title='bbox 972 3531 1122 3582; x_wconf 79' lang='lat' dir='ltr'><strong>reseramus</strong></span> <span class='ocrx_word' id='word_1_262' title='bbox 1138 3545 1183 3583; x_wconf 85' lang='lat' dir='ltr'><strong>vv.</strong></span> 
     </span>
     <span class='ocr_line' id='line_1_31' title="bbox 97 3602 1183 3672; baseline 0.001 -16"><span class='ocrx_word' id='word_1_263' title='bbox 97 3606 153 3656; x_wconf 82' lang='lat' dir='ltr'><strong>set:</strong></span> <span class='ocrx_word' id='word_1_264' title='bbox 172 3603 262 3666; x_wconf 78' lang='lat' dir='ltr'><strong>factm.</strong></span> <span class='ocrx_word' id='word_1_265' title='bbox 291 3602 387 3654; x_wconf 81' lang='lat' dir='ltr'><strong>sedin</strong></span> <span class='ocrx_word' id='word_1_266' title='bbox 406 3615 526 3654; x_wconf 85' lang='lat' dir='ltr'><strong>errorem</strong></span> <span class='ocrx_word' id='word_1_267' title='bbox 545 3604 624 3655; x_wconf 90' lang='lat' dir='ltr'><strong>indu·</strong></span> <span class='ocrx_word' id='word_1_268' title='bbox 659 3605 771 3654; x_wconf 79' lang='lat' dir='ltr'><strong>mantuo</strong></span> <span class='ocrx_word' id='word_1_269' title='bbox 797 3606 935 3667; x_wconf 76' lang='lat' dir='ltr'><strong>saptentiae</strong></span> <span class='ocrx_word' id='word_1_270' title='bbox 966 3605 1080 3656; x_wconf 89' lang='lat' dir='ltr'><strong>suadent</strong></span> <span class='ocrx_word' id='word_1_271' title='bbox 1107 3619 1183 3672; x_wconf 87' lang='lat' dir='ltr'><strong>seqq.</strong></span> 
     </span>
     <span class='ocr_line' id='line_1_32' title="bbox 97 3678 1186 3747; baseline 0.004 -19"><span class='ocrx_word' id='word_1_272' title='bbox 97 3681 157 3730; x_wconf 89' lang='lat' dir='ltr'><strong>ctus</strong></span> <span class='ocrx_word' id='word_1_273' title='bbox 183 3679 224 3728; x_wconf 86' lang='lat' dir='ltr'><strong>est</strong></span> <span class='ocrx_word' id='word_1_274' title='bbox 252 3691 285 3728; x_wconf 90' lang='lat' dir='ltr'><strong>eo</strong></span> <span class='ocrx_word' id='word_1_275' title='bbox 311 3691 431 3742; x_wconf 81' lang='lat' dir='ltr'><strong>quoque,</strong></span> <span class='ocrx_word' id='word_1_276' title='bbox 462 3678 535 3742; x_wconf 88' lang='lat' dir='ltr'><strong>quod</strong></span> <span class='ocrx_word' id='word_1_277' title='bbox 560 3691 623 3729; x_wconf 87' lang='lat' dir='ltr'><strong>curn</strong></span> <span class='ocrx_word' id='word_1_278' title='bbox 659 3679 746 3728; x_wconf 73' lang='lat' dir='ltr'><strong>Parca</strong></span> <span class='ocrx_word' id='word_1_279' title='bbox 762 3682 814 3730; x_wconf 86' lang='lat' dir='ltr'><strong>cet.</strong></span> <span class='ocrx_word' id='word_1_280' title='bbox 839 3681 922 3731; x_wconf 88' lang='lat' dir='ltr'><strong>Nimis</strong></span> <span class='ocrx_word' id='word_1_281' title='bbox 938 3678 1063 3730; x_wconf 87' lang='lat' dir='ltr'><strong>videlicet</strong></span> <span class='ocrx_word' id='word_1_282' title='bbox 1079 3682 1186 3747; x_wconf 88' lang='lat' dir='ltr'><strong>tempe-</strong></span> 
     </span>
     <span class='ocr_line' id='line_1_33' title="bbox 96 3751 1184 3826; baseline 0.006 -25"><span class='ocrx_word' id='word_1_283' title='bbox 96 3751 233 3817; x_wconf 87' lang='lat' dir='ltr'><strong>plerisque</strong></span> <span class='ocrx_word' id='word_1_284' title='bbox 250 3753 401 3816; x_wconf 87' lang='lat' dir='ltr'><strong>Interprett.</strong></span> <span class='ocrx_word' id='word_1_285' title='bbox 421 3752 535 3803; x_wconf 87' lang='lat' dir='ltr'><strong>credidIt</strong></span> <span class='ocrx_word' id='word_1_286' title='bbox 551 3767 624 3804; x_wconf 89' lang='lat' dir='ltr'><strong>com·</strong></span> <span class='ocrx_word' id='word_1_287' title='bbox 660 3755 726 3814; x_wconf 88' lang='lat' dir='ltr'><strong>rata,</strong></span> <span class='ocrx_word' id='word_1_288' title='bbox 746 3755 861 3817; x_wconf 85' lang='lat' dir='ltr'><strong>sapiens,</strong></span> <span class='ocrx_word' id='word_1_289' title='bbox 881 3751 1015 3826; x_wconf 77' lang='grc' dir='ltr'><em>σώφρων,</em></span> <span class='ocrx_word' id='word_1_290' title='bbox 1029 3754 1115 3806; x_wconf 81' lang='lat' dir='ltr'><strong>effuse</strong></span> <span class='ocrx_word' id='word_1_291' title='bbox 1127 3755 1184 3807; x_wconf 91' lang='lat' dir='ltr'><strong>lae-</strong></span> 
     </span>
     <span class='ocr_line' id='line_1_34' title="bbox 94 3826 1183 3891; baseline 0.005 -15"><span class='ocrx_word' id='word_1_292' title='bbox 94 3827 262 3891; x_wconf 86' lang='lat' dir='ltr'><strong>potutionem</strong></span> <span class='ocrx_word' id='word_1_293' title='bbox 283 3826 352 3875; x_wconf 90' lang='lat' dir='ltr'><strong>hanc</strong></span> <span class='ocrx_word' id='word_1_294' title='bbox 373 3827 399 3877; x_wconf 88' lang='lat' dir='ltr'><strong>In</strong></span> <span class='ocrx_word' id='word_1_295' title='bbox 419 3827 509 3890; x_wconf 82' lang='lat' dir='ltr'><strong>Lydae</strong></span> <span class='ocrx_word' id='word_1_296' title='bbox 527 3827 621 3889; x_wconf 83' lang='lat' dir='ltr'><strong>domo,</strong></span> <span class='ocrx_word' id='word_1_297' title='bbox 660 3827 1055 3880; x_wconf 83' lang='lat' dir='ltr'><strong>tantivideturamicafldicina.</strong></span> <span class='ocrx_word' id='word_1_298' title='bbox 1075 3831 1183 3881; x_wconf 76' lang='lat' dir='ltr'><strong>«Graeci</strong></span> 
     </span>
     <span class='ocr_line' id='line_1_35' title="bbox 95 3899 1184 3970; baseline 0.003 -18"><span class='ocrx_word' id='word_1_299' title='bbox 95 3914 150 3952; x_wconf 92' lang='lat' dir='ltr'><strong>non</strong></span> <span class='ocrx_word' id='word_1_300' title='bbox 169 3901 195 3950; x_wconf 86' lang='lat' dir='ltr'><strong>iu</strong></span> <span class='ocrx_word' id='word_1_301' title='bbox 213 3899 297 3950; x_wconf 81' lang='lat' dir='ltr'><strong>Flacci</strong></span> <span class='ocrx_word' id='word_1_302' title='bbox 316 3899 434 3951; x_wconf 88' lang='lat' dir='ltr'><strong>babilam</strong></span> <span class='ocrx_word' id='word_1_303' title='bbox 453 3901 528 3964; x_wconf 79' lang='lat' dir='ltr'><strong>ilngI,</strong></span> <span class='ocrx_word' id='word_1_304' title='bbox 550 3901 621 3966; x_wconf 82' lang='lat' dir='ltr'><strong>quod</strong></span> <span class='ocrx_word' id='word_1_305' title='bbox 660 3901 733 3950; x_wconf 90' lang='lat' dir='ltr'><strong>aiunt</strong></span> <span class='ocrx_word' id='word_1_306' title='bbox 753 3901 809 3951; x_wconf 83' lang='lat' dir='ltr'><strong>vim</strong></span> <span class='ocrx_word' id='word_1_307' title='bbox 830 3901 973 3967; x_wconf 85' lang='lat' dir='ltr'><strong>sapientiae</strong></span> <span class='ocrx_word' id='word_1_308' title='bbox 996 3902 1117 3954; x_wconf 85' lang='lat' dir='ltr'><strong>adhiberi</strong></span> <span class='ocrx_word' id='word_1_309' title='bbox 1134 3918 1184 3970; x_wconf 92' lang='lat' dir='ltr'><strong>per</strong></span> 
     </span>
     <span class='ocr_line' id='line_1_36' title="bbox 94 3974 1184 4042; baseline 0.002 -16"><span class='ocrx_word' id='word_1_310' title='bbox 94 3977 189 4026; x_wconf 87' lang='lat' dir='ltr'><strong>contra</strong></span> <span class='ocrx_word' id='word_1_311' title='bbox 207 3978 257 4025; x_wconf 85' lang='lat' dir='ltr'><strong>eat.</strong></span> <span class='ocrx_word' id='word_1_312' title='bbox 279 4003 306 4011; x_wconf 99' lang='lat'>-</span> <span class='ocrx_word' id='word_1_313' title='bbox 324 3974 420 4039; x_wconf 64' lang='lat' dir='ltr'><strong>lhome]</strong></span> <span class='ocrx_word' id='word_1_314' title='bbox 438 3977 550 4040; x_wconf 85' lang='lat' dir='ltr'><strong>Propter</strong></span> <span class='ocrx_word' id='word_1_315' title='bbox 561 3977 623 4028; x_wconf 79' lang='lat' dir='ltr'><strong>uhe-</strong></span> <span class='ocrx_word' id='word_1_316' title='bbox 659 3977 778 4026; x_wconf 83' lang='lat' dir='ltr'><strong>vinum.»</strong></span> <span class='ocrx_word' id='word_1_317' title='bbox 801 3977 936 4038; x_wconf 75' lang='lat' dir='ltr'><strong>Poenam,</strong></span> <span class='ocrx_word' id='word_1_318' title='bbox 955 3977 982 4028; x_wconf 92' lang='lat' dir='ltr'><strong>ld</strong></span> <span class='ocrx_word' id='word_1_319' title='bbox 1000 3976 1073 4042; x_wconf 87' lang='lat' dir='ltr'><strong>quod</strong></span> <span class='ocrx_word' id='word_1_320' title='bbox 1090 3991 1123 4028; x_wconf 86' lang='lat' dir='ltr'><strong>ex</strong></span> <span class='ocrx_word' id='word_1_321' title='bbox 1134 3991 1184 4028; x_wconf 88' lang='lat' dir='ltr'><strong>an-</strong></span> 
     </span>
     <span class='ocr_line' id='line_1_37' title="bbox 94 4049 1183 4116; baseline 0.002 -18"><span class='ocrx_word' id='word_1_322' title='bbox 94 4049 172 4110; x_wconf 65' lang='lat' dir='ltr'><strong>niae,</strong></span> <span class='ocrx_word' id='word_1_323' title='bbox 186 4052 216 4100; x_wconf 92' lang='lat' dir='ltr'><strong>ut</strong></span> <span class='ocrx_word' id='word_1_324' title='bbox 226 4051 313 4110; x_wconf 88' lang='lat' dir='ltr'><strong>alunt,</strong></span> <span class='ocrx_word' id='word_1_325' title='bbox 326 4051 377 4100; x_wconf 90' lang='lat' dir='ltr'><strong>hoc</strong></span> <span class='ocrx_word' id='word_1_326' title='bbox 390 4051 493 4102; x_wconf 88' lang='lat' dir='ltr'><strong>iussum</strong></span> <span class='ocrx_word' id='word_1_327' title='bbox 505 4049 621 4101; x_wconf 90' lang='lat' dir='ltr'><strong>nonnulli</strong></span> <span class='ocrx_word' id='word_1_328' title='bbox 659 4051 733 4114; x_wconf 84' lang='lat' dir='ltr'><strong>liquo</strong></span> <span class='ocrx_word' id='word_1_329' title='bbox 761 4051 990 4112; x_wconf 82' lang='lat' dir='ltr'><strong>commentatore,</strong></span> <span class='ocrx_word' id='word_1_330' title='bbox 1021 4053 1065 4116; x_wconf 85' lang='lat' dir='ltr'><strong>qui</strong></span> <span class='ocrx_word' id='word_1_331' title='bbox 1097 4053 1183 4102; x_wconf 83' lang='lat' dir='ltr'><strong>versi-</strong></span> 
     </span>
     <span class='ocr_line' id='line_1_38' title="bbox 94 4123 1183 4189; baseline -0.001 -14"><span class='ocrx_word' id='word_1_332' title='bbox 94 4123 188 4187; x_wconf 81' lang='lat' dir='ltr'><strong>Lydeo</strong></span> <span class='ocrx_word' id='word_1_333' title='bbox 207 4137 256 4188; x_wconf 87' lang='lat' dir='ltr'><strong>pro</strong></span> <span class='ocrx_word' id='word_1_334' title='bbox 268 4123 365 4174; x_wconf 87' lang='lat' dir='ltr'><strong>lloralii</strong></span> <span class='ocrx_word' id='word_1_335' title='bbox 384 4123 467 4174; x_wconf 87' lang='lat' dir='ltr'><strong>vlllica</strong></span> <span class='ocrx_word' id='word_1_336' title='bbox 481 4123 522 4175; x_wconf 86' lang='lat' dir='ltr'><strong>vel</strong></span> <span class='ocrx_word' id='word_1_337' title='bbox 541 4123 621 4176; x_wconf 89' lang='lat' dir='ltr'><strong>cella-</strong></span> <span class='ocrx_word' id='word_1_338' title='bbox 658 4124 748 4176; x_wconf 91' lang='lat' dir='ltr'><strong>culum</strong></span> <span class='ocrx_word' id='word_1_339' title='bbox 766 4126 896 4176; x_wconf 88' lang='lat' dir='ltr'><strong>Graecum</strong></span> <span class='ocrx_word' id='word_1_340' title='bbox 913 4124 1096 4189; x_wconf 79' lang='lat' dir='ltr'><strong>adscripserit,</strong></span> <span class='ocrx_word' id='word_1_341' title='bbox 1117 4125 1183 4189; x_wconf 86' lang='lat' dir='ltr'><strong>peti-</strong></span> 
     </span>
     <span class='ocr_line' id='line_1_39' title="bbox 93 4198 1181 4264; baseline -0.001 -16"><span class='ocrx_word' id='word_1_342' title='bbox 93 4200 133 4248; x_wconf 89' lang='lat' dir='ltr'><strong>ria</strong></span> <span class='ocrx_word' id='word_1_343' title='bbox 151 4198 312 4248; x_wconf 90' lang='lat' dir='ltr'><strong>habuerunt.</strong></span> <span class='ocrx_word' id='word_1_344' title='bbox 338 4198 393 4248; x_wconf 84' lang='lat' dir='ltr'><strong>Noli</strong></span> <span class='ocrx_word' id='word_1_345' title='bbox 412 4199 537 4250; x_wconf 87' lang='lat' dir='ltr'><strong>credere:</strong></span> <span class='ocrx_word' id='word_1_346' title='bbox 558 4213 619 4250; x_wconf 89' lang='lat' dir='ltr'><strong>nam</strong></span> <span class='ocrx_word' id='word_1_347' title='bbox 658 4201 714 4249; x_wconf 89' lang='lat' dir='ltr'><strong>tum</strong></span> <span class='ocrx_word' id='word_1_348' title='bbox 731 4199 845 4250; x_wconf 89' lang='lat' dir='ltr'><strong>videtur.</strong></span> <span class='ocrx_word' id='word_1_349' title='bbox 868 4229 894 4236; x_wconf 86' lang='lat'>-</span> <span class='ocrx_word' id='word_1_350' title='bbox 914 4199 1061 4264; x_wconf 79' lang='lat' dir='ltr'><strong>Caccttbum]</strong></span> <span class='ocrx_word' id='word_1_351' title='bbox 1080 4198 1181 4261; x_wconf 87' lang='lat' dir='ltr'><strong>dequo</strong></span> 
     </span>
     <span class='ocr_line' id='line_1_40' title="bbox 92 4269 1181 4334; baseline 0.001 -13"><span class='ocrx_word' id='word_1_352' title='bbox 92 4270 235 4322; x_wconf 87' lang='lat' dir='ltr'><strong>ridiculum</strong></span> <span class='ocrx_word' id='word_1_353' title='bbox 247 4271 342 4322; x_wconf 85' lang='lat' dir='ltr'><strong>luisset</strong></span> <span class='ocrx_word' id='word_1_354' title='bbox 351 4273 481 4323; x_wconf 86' lang='lat' dir='ltr'><strong>eiusmodi</strong></span> <span class='ocrx_word' id='word_1_355' title='bbox 499 4285 560 4324; x_wconf 89' lang='lat' dir='ltr'><strong>curn</strong></span> <span class='ocrx_word' id='word_1_356' title='bbox 572 4288 621 4324; x_wconf 89' lang='lat' dir='ltr'><strong>an·</strong></span> <span class='ocrx_word' id='word_1_357' title='bbox 659 4273 810 4325; x_wconf 79' lang='lat' dir='ltr'><strong>Athenaeus</strong></span> <span class='ocrx_word' id='word_1_358' title='bbox 836 4274 863 4334; x_wconf 85' lang='lat' dir='ltr'><strong>t,</strong></span> <span class='ocrx_word' id='word_1_359' title='bbox 890 4275 921 4324; x_wconf 73' lang='lat'><strong>27</strong></span> <span class='ocrx_word' id='word_1_360' title='bbox 948 4287 978 4324; x_wconf 87' lang='lat' dir='ltr'><strong>a:</strong></span> <span class='ocrx_word' id='word_1_361' title='bbox 1010 4269 1181 4324; x_wconf 70' lang='lat' dir='ltr'><strong>natatoriam</strong></span> 
     </span>
     <span class='ocr_line' id='line_1_41' title="bbox 93 4341 908 4414; baseline 0.001 -18"><span class='ocrx_word' id='word_1_362' title='bbox 93 4345 152 4396; x_wconf 88' lang='lat' dir='ltr'><strong>cilia</strong></span> <span class='ocrx_word' id='word_1_363' title='bbox 171 4343 337 4410; x_wconf 63' lang='grc' dir='ltr'><strong><em>συμπόσιον</em></strong></span> <span class='ocrx_word' id='word_1_364' title='bbox 349 4347 430 4398; x_wconf 85' lang='lat' dir='ltr'><strong>etiam</strong></span> <span class='ocrx_word' id='word_1_365' title='bbox 447 4349 565 4398; x_wconf 87' lang='lat' dir='ltr'><strong>carmine</strong></span> <span class='ocrx_word' id='word_1_366' title='bbox 578 4361 621 4398; x_wconf 89' lang='lat' dir='ltr'><strong>ce·</strong></span> <span class='ocrx_word' id='word_1_367' title='bbox 656 4345 730 4414; x_wconf 81' lang='grc' dir='ltr'><strong><em>μετὰ</em></strong></span> <span class='ocrx_word' id='word_1_368' title='bbox 747 4344 833 4400; x_wconf 77' lang='grc' dir='ltr'><strong><em>ἱκανὰ</em></strong></span> <span class='ocrx_word' id='word_1_369' title='bbox 848 4341 908 4413; x_wconf 69' lang='grc' dir='ltr'><strong>ἔτη.</strong></span> 
     </span>
    </p>
   </div>
   <div class='ocr_carea' id='block_1_6' title="bbox 0 0 1512 4978">
    <p class='ocr_par' dir='ltr' id='par_1_9' title="bbox 0 0 1512 4978">
     <span class='ocr_line' id='line_1_42' title="bbox 0 0 1512 4978; baseline 0 6"><span class='ocrx_word' id='word_1_370' title='bbox 0 0 1512 4978; x_wconf 95' lang='lat' dir='ltr'><strong> </strong></span> 
     </span>
    </p>
   </div>
  </div>
 </body>
</html>
