3014 4978
544 425 604 475 ΗΒ.
624 425 665 474 lll.
701 424 730 474 C.
749 423 802 474 xx.

319 577 381 644 lbit
404 577 562 664 insignem
584 588 735 664 repetens
756 577 951 654 Nearchum,

322 697 451 764 Grande
472 707 650 774 conamen,
674 697 730 764 tibi
753 698 874 785 praeda
896 699 1003 772 cedat,

446 818 547 885 llaior
568 838 609 883 au
631 817 692 884 illa.

320 975 468 1052 lnterim,
492 975 570 1042 dum
591 986 626 1042 tu
648 974 774 1043 celeres
795 977 926 1064 sagittas

323 1096 463 1173 Promis,
487 1095 569 1164 baec
590 1096 705 1164 dentes
728 1097 814 1164 acuit
835 1097 1010 1174 timendos,
1197 1097 1237 1161 l0

320 1216 448 1284 Arbiter
469 1237 597 1305 pugnae
618 1218 768 1306 posuisse
790 1218 877 1285 nudo

449 1337 516 1404 Sub
538 1337 624 1425 pede
645 1337 784 1426 palmam

324 1499 438 1562 Fertur
459 1505 492 1562 et
512 1493 576 1561 leni
598 1515 748 1564 recreare
769 1507 864 1562 vento

218 1713 242 1763 8.
266 1711 350 1771 cedat,
375 1711 461 1762 Maior
481 1723 516 1760 ae
531 1709 578 1759 illo
598 1709 710 1760 llotmen
730 1709 887 1774 Peerlkamp
910 1713 938 1760 et
960 1711 1048 1776 Haupt
1070 1711 1105 1762 ad
1122 1713 1205 1762 Ovidii

185 1784 297 1836 Halieut.
314 1798 342 1849 p.
361 1782 406 1834 ld:
430 1784 502 1834 cedat
517 1785 603 1835 Maior
624 1797 659 1834 an
675 1784 713 1833 illt
729 1785 799 1834 Libri
817 1785 844 1834 et
860 1783 945 1847 Edd,
972 1785 1053 1836 etiem
1068 1785 1092 1835 J.
1112 1786 1206 1850 (nsoter
1274 1811 1279 1823 ·

185 1860 281 1911 Goedct
296 1873 331 1910 on
346 1860 384 1908 illi
400 1859 438 1920 T.)
457 1884 485 1895 -
503 1861 566 1911 Post
581 1873 607 1908 v.
626 1859 649 1908 9.
669 1857 759 1908 delicit
776 1859 867 1909 Codex
883 1858 901 1909 d
918 1871 1004 1922 usque
1023 1859 1058 1909 ad
1070 1859 1160 1911 Carm.
1173 1859 1203 1922 l,

185 1935 213 1996 ἲ,
232 1934 273 1984 et.
295 1961 322 1970 -
342 1934 366 1984 9.
385 1933 472 1984 ceteris
487 1933 515 1983 Τ.
532 1959 558 1970 -
574 1934 613 1983 to.
628 1933 756 1999 timendos]
773 1933 891 1996 aneon
908 1935 1043 1985 (lotharius
1062 1933 1136 1984 alter.

153 2123 240 2170 bum.»
262 2119 382 2169 Ducam.
401 2132 427 2182 p.
447 2118 500 2179 30..
518 2131 601 2182 quem
617 2117 678 2169 vide
715 2117 816 2182 praeda
839 2130 900 2170 esse
923 2117 998 2180 velit,
1025 2121 1115 2170 utrum
1135 2120 1239 2183 Pyrrho

151 2194 189 2245 de
211 2195 268 2244 toto
288 2191 347 2244 loeo
365 2193 470 2256 egregie
488 2191 678 2259 disputantem.
714 2191 832 2256 palmam
844 2193 973 2256 porrigat,
986 2191 1134 2256 anpuellae
1146 2205 1237 2243 amoro

150 2268 200 2320 Est
215 2268 307 2330 igitur:
326 2266 445 2330 «lrttquel
462 2266 489 2316 id
507 2266 615 2330 quidem
628 2267 680 2316 erit
714 2279 868 2331 percussae.
898 2294 926 2303 -
949 2267 1032 2329 fertior
1052 2267 1172 2332 pontiaco]
1197 2268 1240 2316 Si-

149 2354 281 2404 maguum
298 2343 449 2401 certamen,
476 2353 538 2390 cum
559 2339 609 2389 ibit
625 2341 676 2390 eet.
715 2353 797 2403 gnum
813 2341 866 2391 hoc
876 2340 959 2391 fastus
971 2354 1004 2391 ac
1014 2340 1166 2405 superbiae,
1184 2353 1240 2404 quo

150 2414 202 2466 Alii
220 2417 377 2478 separantes
390 2427 433 2464 vv.
445 2413 544 2477 pronde
553 2417 679 2464 certarnen
714 2415 741 2465 in
758 2427 808 2465 suo
824 2414 933 2466 arbitrio
950 2417 1068 2482 positum
1086 2429 1147 2467 esee
1159 2429 1240 2480 prae-

149 2503 168 2539 a
184 2502 210 2538 v.
229 2489 373 2538 Nearchum
394 2487 482 2538 miuus
503 2487 576 2537 recte
594 2486 678 2552 expli·
715 2489 799 2539 mium
816 2489 932 2540 ostendit
948 2492 1027 2554 atque
1046 2489 1081 2540 de
1097 2491 1181 2554 ipsius
1199 2490 1240 2540 fa-

150 2564 229 2613 oaut:
258 2562 379 2612 «Grande
403 2562 445 2612 est
468 2565 623 2612 cernerer.»
647 2587 675 2597 -
714 2575 779 2614 vore
805 2565 939 2615 certantes
963 2577 1048 2629 prope
1073 2564 1187 2614 deridet.
1209 2589 1236 2600 -

151 2637 222 2688 Cum
244 2634 348 2700 volgata
371 2636 443 2686 cedat
464 2636 562 2698 Meton
586 2650 622 2686 cc
642 2636 680 2686 itti
714 2637 790 2703 nodo]
807 2639 928 2690 uNudum
944 2638 1043 2702 pedem
1054 2651 1103 2703 pro
1115 2641 1171 2689 toto
1183 2651 1241 2690 cor·

150 2708 323 2777 probabilem
340 2709 543 2776 explicationem
559 2724 613 2762 uon
630 2709 679 2760 ed·
715 2725 781 2776 pore
796 2712 868 2762 nudo
879 2713 932 2763 diel
943 2712 1065 2774 arbitror,
1084 2715 1115 2762 ut
1125 2711 1241 2777 pulchri-

150 2786 254 2846 mittat,
277 2786 368 2849 recepi
386 2785 437 2835 ΗΡ.
457 2786 484 2834 et
500 2785 605 2850 Hauptii
625 2784 678 2847 (qui
716 2786 799 2836 tudini
825 2785 942 2837 confisus
968 2799 1033 2837 suae
1058 2799 1128 2851 puer
1152 2785 1240 2836 nudus

151 2861 205 2910 ΗΡ.
228 2871 282 2909 non
304 2859 424 2922 inspecto
441 2858 468 2907 in
487 2858 560 2909 ldem
579 2858 679 2920 incidit)
716 2860 822 2911 adstare
851 2861 979 2923 fingatur,
1009 2863 1146 2923 tamquam
1174 2859 1241 2910 alter

151 2933 280 2996 sagacem
296 2946 328 2983 ac
347 2931 497 2983 facillimam
516 2932 680 2984 emendatio·
717 2933 845 2998 Cupido.»
863 2935 958 2984 Borea.
977 2934 1034 2984 Huc
1052 2932 1126 2984 ducit
1143 2935 1238 2996 ctiam,

150 3019 217 3058 nem
237 3007 323 3068 cedat,
340 3007 426 3056 lictor
442 3019 477 3056 on
495 3007 540 3056 itta
561 3007 619 3070 laen
636 3004 678 3056 ille
716 3006 790 3072 quod
805 3007 934 3058 humeros
948 3021 1012 3059 sane
1029 3007 1117 3058 nudos
1134 3007 1242 3071 refrige-

150 3081 248 3130 victrix
258 3079 345 3130 lutum
357 3080 436 3143 sits),
456 3079 499 3131 cui
515 3080 588 3131 favet
599 3081 679 3130 etiam
716 3085 765 3132 rat.
785 3079 884 3133 «soleis
901 3080 966 3132 laxis
983 3083 1102 3133 iunixus»
1122 3084 1195 3132 certe
1207 3081 1241 3132 ei·

152 3152 347 3217 Dillenburger.
389 3155 440 3206 ΗΡ.
473 3167 534 3205 eam
564 3153 680 3204 firmavit
717 3155 842 3220 gnificare
868 3167 922 3205 uon
946 3157 1041 3220 potest.
1069 3155 1239 3220 -polmom1

151 3227 213 3278 loco
225 3227 290 3292 Epp.
310 3227 398 3289 ⁴2⁴⁰·
411 3228 456 3278 35:
480 3229 564 3278 minor
579 3229 607 3277 in
624 3241 681 3278 cer-
716 3231 843 3281 victorine
861 3230 974 3293 signum.
1009 3232 1046 3280 lta
1063 3232 1092 3280 ut
1109 3231 1240 3294 interpre-

154 3302 250 3353 tomtne
270 3302 353 3366 tocco.
717 3307 815 3365 temur,
827 3301 1011 3366 postulantur.
1021 3302 1121 3353 Arbiter
1127 3315 1238 3367 prognen

187 3377 228 3426 t0.
255 3377 338 3427 denus
362 3375 443 3440 omod]
470 3376 546 3436 Quod
572 3376 680 3441 proprie
718 3379 759 3428 Sic
774 3378 802 3426 in
817 3376 944 3440 gallorum
961 3375 1166 3441 gallinaceorum
1183 3390 1242 3428 cer-

152 3449 226 3500 valet
245 3449 278 3500 de
298 3462 363 3514 apro
385 3448 464 3514 (Iliad.
486 3447 515 3511 λ,
538 3449 600 3501 tte:
623 3446 681 3516 θή-
717 3451 817 3502 tamine
834 3451 906 3515 apud
926 3450 1072 3501 Pauolkam
1090 3451 1175 3501 Bttder
1190 3465 1241 3502 cn-

153 3539 214 3590 γων
226 3519 330 3575 λευκὸν
342 3517 457 3574 ὀδόντα.
481 3523 588 3575 Hesiod.
607 3525 678 3574 scut.
717 3525 783 3576 dean
798 3525 891 3576 lebena
906 3524 935 3575 T.
954 3525 984 3574 X.
1003 3524 1028 3576 l.
1046 3526 1117 3576 iuter
1136 3527 1241 3576 utrum-

154 3599 234 3648 Herc.
254 3611 281 3648 v.
302 3598 363 3650 388:
394 3594 484 3664 Θήγει
505 3593 537 3648 δέ
560 3610 592 3648 τε
616 3595 681 3649 lao-
718 3611 770 3663 que
788 3599 814 3649 iu
832 3597 888 3649 solo
906 3599 976 3648 iacet
991 3597 1088 3662 palma.
1119 3598 1176 3663 (Alii
1193 3613 1241 3650 ex·

153 3668 335 3724 κὸνόὀόντα.
356 3673 428 3737 Virg.
442 3675 488 3724 Ge.
501 3672 531 3734 3,
549 3672 627 3736 aba),
646 3671 680 3722 ad
717 3671 828 3737 plicant:
857 3672 903 3721 «iu
923 3670 1020 3722 lectulo
1042 3673 1132 3726 iacens
1151 3670 1241 3724 excal-

153 3747 262 3800 leouem
280 3745 426 3810 baustum,
455 3748 485 3797 ut
513 3747 630 3812 scriptor
646 3746 680 3797 ad
718 3749 825 3808 eentm,
852 3745 947 3797 dextro
971 3760 1049 3798 omre
1074 3761 1157 3813 super
1180 3749 1242 3799 sini·

154 3822 272 3872 liereun.
282 3820 313 3884 l,
323 3822 364 3884 39,
377 3823 422 3872 tt:
441 3821 504 3872 atcrd
520 3834 533 3872 e
549 3834 628 3871 cooeo
643 3821 681 3872 teo
717 3823 804 3872 strum
821 3821 920 3885 posito,
944 3819 1018 3871 laeua
1032 3824 1122 3884 potmo
1140 3821 1240 3884 (manu)

153 3897 244 3946 misero
260 3921 274 3934 ·
292 3923 319 3958 -‚
337 3896 534 3947 emendares.
556 3896 621 3946 llira
639 3894 681 3946 illa
718 3895 801 3959 tangit
826 3895 926 3961 pedem
950 3895 1086 3956 dextrum,
1120 3896 1147 3946 id
1170 3895 1242 3960 quod

154 3969 234 4021 lectio
261 3971 379 4034 ιιῳονὸοι
406 3983 455 4035 pro
481 3971 601 4020 tanmem
623 3971 680 4020 orta
717 3969 891 4033 negligentiae
908 3971 1013 4034 signum
1031 3983 1091 4021 esse
1108 3971 1200 4032 aiunt.)
1213 3997 1239 4006 -

155 4044 261 4096 videtur
278 4059 293 4096 e
308 4044 387 4109 gloss.
407 4044 575 4108 «Superbus»
587 4045 681 4096 oretur
713 4045 826 4107 pondere
836 4071 850 4081 -
861 4071 876 4081 -
893 4044 984 4094 Fertor
999 4049 1023 4094 et
1033 4042 1182 4106 -recreord
1201 4043 1242 4092 nd

151 4132 263 4184 manoe.
718 4118 932 4170 coniunctionem
959 4116 1079 4168 infinitivi
1114 4114 1180 4180 peri.
1216 4119 1243 4166 et

190 4193 294 4243 44-43.
318 4193 425 4258 Arbiter]
445 4189 681 4265 βραβευτής,ἰιι-
718 4205 807 4257 praes.
834 4193 881 4244 cir.
908 4190 996 4244 Valer.
1026 4192 1093 4243 Μαι.
1115 4191 1145 4251 2,
1163 4188 1192 4251 l,
1210 4191 1239 4239 2:

156 4268 221 4331 dex,
245 4268 307 4332 quia
323 4280 408 4333 penes
426 4268 514 4333 ipsum
533 4269 586 4330 est,
605 4266 680 4318 cuius
717 4267 824 4319 motor
856 4266 967 4318 consulto
998 4269 1100 4316 οαιιιιιιιι
1132 4268 1180 4325 eo,
1211 4277 1243 4314 ne
