3080 4980
684 415 811 464 HORaTtt
830 415 997 466 CARMINUM

552 570 596 634 llli
620 569 721 636 robur
743 581 775 635 et
796 589 852 635 aes
875 569 990 658 triplex

468 692 560 758 Circa
582 700 695 777 peetus
722 700 806 766 erat,
831 690 886 778 qui
909 689 1054 776 fragilem
1077 691 1157 756 truoi
1344 690 1386 755 lo

553 809 718 877 Commisit
740 809 855 897 pelago
879 820 981 875 ratem

468 933 594 998 Primus
617 952 678 998 neo
700 931 802 997 timuit
824 931 1034 1018 praecipitem
1057 931 1195 998 iliricum

551 1089 775 1156 Decertantem
797 1087 1009 1175 Aquilonibus

466 1213 532 1275 Nee
554 1209 660 1276 tristes
683 1208 815 1297 Hyadas
838 1229 899 1276 neo
921 1207 1044 1275 rabiem
1066 1210 1153 1286 Noti,

330 1445 354 1496 9.
367 1443 452 1509 rebar]
467 1441 617 1504 «durities»,
631 1443 821 1506 significatione
893 1443 980 1492 40-43,
999 1443 1072 1508 tnta]
1092 1442 1255 1506 «procelloso
1267 1449 1295 1496 et
1310 1451 1387 1512 peri-

298 1520 398 1583 tropice
421 1516 535 1568 deducta
558 1517 716 1582 aprimaria
732 1532 758 1567 v.
777 1531 826 1574 ro-,
859 1515 918 1567 cula
936 1517 1091 1567 minitanti.»
1115 1517 1206 1568 Catull.
1226 1519 1251 1580 i,
1271 1521 1299 1570 9:
1327 1527 1387 1574 tra-

297 1593 364 1642 haris
387 1590 462 1663 (δρῦς
478 1585 586 1663 ἀγρία),
613 1594 648 1643 ita
666 1595 769 1653 brnen,
793 1594 823 1642 ut
858 1605 940 1641 carrae
954 1592 1083 1642 Ponticam
1099 1593 1188 1642 είπνιιι.
1210 1599 1387 1659 -praecipi-

297 1669 404 1732 propria
438 1681 489 1716 non
522 1681 632 1731 prorsus
669 1668 820 1718 evanescat.
858 1667 915 1730 ίσπι]
946 1666 1123 1729 «necopinato
1152 1671 1386 1734 καταιγίζοντα.»

297 1743 421 1791 Lectores
439 1743 509 1791 enim
519 1742 601 1791 Latini
618 1740 661 1790 hic
673 1739 823 1802 cogitabant
858 1740 1004 1788 Ventorum
1021 1737 1153 1790 ἐπίθετον
1170 1742 1242 1792 haud
1259 1743 1328 1794 atico
1340 1759 1388 1796 ra-

296 1817 414 1880 primam
443 1815 476 1864 de
505 1828 606 1878 quercu
634 1828 655 1865 a.
686 1814 781 1879 clupeo
807 1827 822 1863 e
859 1825 919 1862 rum
942 1812 1014 1876 apud
1034 1816 1134 1877 poetas.
1179 1816 1253 1866 Ovid.
1276 1820 1339 1869 Met.
1359 1822 1385 1880 λ,

298 1889 423 1951 quemeis
441 1887 576 1940 asseribus
594 1889 727 1949 consecto,
746 1888 823 1938 dein·
859 1886 920 1937 tat:
950 1892 1009 1936 acta
1032 1889 1166 1951 Praeciffiti
1189 1891 1266 1953 pinca
1290 1893 1384 1945 Βονοσ.

297 1975 361 2025 ceps
379 1962 413 2011 de
430 1963 510 2011 animi
529 1963 633 2012 duritie.
664 1965 731 2012 Nam
742 1963 820 2022 hanc,
861 1987 889 1997 -
906 1960 1027 2027 Arriam]
1046 1962 1093 2012 0d.
1113 1965 1138 2026 t,
1158 1966 1182 2026 l,
1202 1967 1388 2018 io-aecer-

297 2049 351 2087 non
368 2029 476 2105 ῥώμης,
489 2037 605 2099 primam
617 2037 683 2099 sign.
698 2049 758 2086 csse
773 2036 823 2085 de·
858 2036 960 2100 tanam]
996 2037 1115 2086 «acriter
1147 2037 1292 2090 luctantem
1322 2053 1387 2092 curn

298 2113 448 2160 monstrant
463 2125 506 2160 vv.
525 2111 656 2172 roboreus,
673 2110 821 2172 roburneis,
859 2108 1053 2172 aquilonibus.»
1083 2111 1130 2160 Od.
1151 2114 1174 2174 l,
1193 2113 1218 2174 9,
1239 2114 1277 2163 li.
1300 2121 1389 2165 ventos

295 2185 426 2234 νοὸιιείαιε
454 2182 597 2256 (δρόσος),
625 2186 768 2236 roboratam
796 2187 823 2234 et
857 2185 1036 2245 depraeliaates
1068 2185 1139 2235 dicit.
1177 2188 1225 2237 Vv.
1260 2191 1386 2252 certartai,

297 2258 423 2310 italorum
440 2273 483 2311 vv.
501 2274 602 2322 rovere,
623 2265 744 2310 rovoreto.
781 2259 822 2308 Si·
858 2257 969 2308 lactandi
996 2259 1068 2322 apud
1094 2261 1189 2324 potitae
1216 2261 1290 2312 haud
1322 2277 1386 2315 raro

298 2332 395 2384 militer
413 2335 466 2384 Cic.
485 2335 566 2384 Acad.
586 2333 610 2395 l,
630 2335 681 2396 3⁴„
695 2325 822 2400 ἀναλγη-
859 2335 1048 2382 construuntur
1064 2345 1126 2383 cum
1144 2333 1241 2385 dativo.

297 2409 365 2469 σίας
390 2409 501 2458 crimino
523 2410 672 2472 sapientem
692 2407 820 2460 liberans:
892 2405 932 2456 tt.
962 2407 1072 2471 Hyadas]
1096 2407 1169 2458 Ovid.
1190 2409 1257 2459 Fast.
1276 2411 1301 2470 t,
1321 2411 1385 2462 loc:

298 2483 403 2544 Sapiens
418 2497 469 2532 aaa
485 2488 520 2532 eet
540 2497 634 2533 esaan
653 2485 762 2545 scriptae
778 2489 824 2534 σαί
860 2481 912 2530 Ora
934 2483 1029 2530 micant
1054 2482 1131 2531 Tauri
1147 2487 1239 2545 septen
1253 2487 1389 2537 radiantia

298 2571 311 2606 e
335 2556 424 2606 robore
448 2557 554 2607 ἀοίαίκς.
589 2555 646 2618 (Alii
667 2570 728 2608 oum
749 2557 822 2607 lanio
858 2555 976 2620 flammis,
994 2556 1089 2605 Naaita
1106 2570 1169 2618 quaa
1183 2558 1287 2618 Hyadas
1302 2559 1388 2610 Grae-

298 2631 386 2681 minus
419 2631 492 2680 recte
530 2631 654 2682 videntur
691 2631 822 2695 explicare
859 2643 902 2680 cae
919 2629 1044 2680 abiatra
1066 2623 1142 2694 (ὕειν)
1160 2638 1242 2682 cacat.
1273 2634 1327 2683 Cic.
1349 2634 1387 2685 de

299 2703 402 2754 «robur
418 2705 513 2754 aeris.»
547 2705 600 2755 Clr.
623 2705 718 2756 Iacobs
738 2707 820 2755 Lectt.
860 2706 889 2755 N.
909 2707 939 2754 D.
958 2706 983 2764 i,
1002 2704 1048 2756 ia:
1071 2707 1155 2755 Latini
1171 2707 1293 2769 imperite,
1312 2711 1388 2770 quasi

297 2779 364 2828 Van.
382 2791 409 2842 p.
428 2779 485 2829 379.
515 2780 602 2842 Unger
623 2780 706 2830 Theb.
726 2779 820 2830 Parad.
860 2778 981 2827 acatius
1001 2785 1087 2842 essent,
1111 2780 1226 2830 Sacratae.
1248 2809 1275 2817 -
1294 2783 1386 2848 treas]

297 2867 324 2917 p.
359 2852 417 2903 ito.
457 2853 520 2903 Mihi
554 2855 707 2904 etiamnunc
735 2852 824 2918 placet
859 2853 918 2901 ortu
948 2855 975 2902 et
1008 2867 1105 2903 occasu
1134 2867 1182 2904 suo
1211 2857 1388 2920 tempestates

297 2927 431 2989 attracti,
450 2927 523 2990 quod
540 2927 644 2986 dicunt,
667 2932 694 2977 et
715 2929 824 2978 concreti
860 2928 974 2977 excitare
1001 2927 1124 2977 creditas.
1174 2928 1226 2978 Cir.
1254 2930 1322 2980 Voss
1350 2932 1387 2982 ad

298 3003 433 3062 iunctura,
452 3003 699 3063 utestC.l5,li:
719 3017 824 3052 curras-
858 3003 967 3051 Aratum
995 3003 1051 3051 lii.
1091 3001 1161 3066 virg.
1184 3006 1250 3053 Aen.
1273 3004 1298 3064 3,
1321 3005 1384 3054 oto:

298 3091 345 3139 quc
361 3082 384 3126 et
399 3075 517 3139 rabian.)
537 3102 564 3112 -
583 3089 626 3126 aas
642 3077 743 3142 triplex]
763 3076 823 3127 «lo-
855 3077 1005 3139 planiusque
1020 3077 1130 3138 lincam
1167 3079 1261 3142 Georg.
1281 3079 1306 3140 3,
1324 3079 1383 3130 279.

298 3153 353 3201 rica
375 3163 407 3200 ex
428 3149 522 3212 triplici
544 3151 613 3201 aeris
638 3149 735 3201 lamina
757 3164 823 3201 oon·
859 3153 967 3201 Auster:
981 3151 1386 3216 placiacoatrisiatsriporecae—

298 3227 400 3276 serta.»
451 3225 497 3274 Est
532 3227 702 3296 περίφρασις
735 3227 824 3276 bomi—
859 3227 918 3275 iam.
953 3227 1096 3276 Pancrates
1122 3227 1147 3275 in
1173 3225 1246 3276 Anal.
1270 3228 1383 3278 Brunclr.

299 3301 339 3350 nis
361 3297 495 3348 durissimi
512 3311 544 3348 ac
562 3299 705 3350 fortissimi.
742 3301 824 3350 Com·
860 3300 887 3349 T.
909 3300 932 3348 l.
946 3313 973 3363 p.
987 3293 1187 3350 259:³‘.liisaev
1204 3299 1319 3366 Aiyeiaa
1336 3297 1385 3352 διὰ

298 3375 392 3438 parant
416 3372 521 3422 Pindari
544 3373 730 3435 Fragmentum
752 3373 823 3438 apud
860 3369 988 3438 κύματος
999 3368 1099 3444 ἄγριος
1110 3369 1209 3445 ἀρθείς
1224 3377 1289 3440 Λλψ
1303 3373 1384 3427 Ἔπι-

298 3449 392 3498 Athen.
413 3447 453 3507 ⁴3,
473 3447 515 3494 ti:
535 3453 630 3509 κεῖνος
645 3445 676 3511 ἐξ
692 3445 824 3513 ἀδάμαν-
860 3446 975 3519 ηρείδην
990 3443 1072 3499 ‘Ya'ac
1092 3447 1253 3516 δνομίναις.

298 3535 348 3582 τος
370 3513 405 3584 ἠὲ
422 3516 543 3591 σιδήρου
565 3518 755 3582 κεχάλκευται
770 3525 823 3586 μί-
894 3525 933 3573 te.
954 3524 1023 3582 «Qui
1040 3525 1171 3576 maximus
1183 3529 1224 3576 est
1236 3526 1386 3576 dominator

299 3595 399 3646 λαιναν
417 3591 545 3664 καρδίαν·
564 3597 709 3647 etLuciani
726 3611 769 3648 vv.
788 3597 823 3648 de
860 3596 987 3655 Hadriae,
1017 3597 1087 3656 sive,
1116 3598 1231 3662 procella
1261 3601 1382 3660 aalma,

299 3669 347 3720 cal.
372 3683 424 3718 non
445 3672 508 3718 tem.
532 3670 605 3720 cred.
629 3673 669 3722 20.
693 3685 725 3722 ex
745 3675 823 3736 potita
860 3668 980 3721 attollere
1001 3671 1097 3722 tinctus
1119 3673 1174 3722 eive
1196 3687 1306 3724 cessans
1326 3672 1384 3738 pla-

298 3745 394 3809 petita:
412 3735 506 3805 οὐδεὶς
516 3741 587 3810 γοῦν
599 3737 675 3797 οὕτω
686 3745 825 3813 γεννάδας
861 3757 922 3795 care
943 3743 1026 3793 volt.»
1062 3745 1108 3805 (De
1130 3745 1188 3796 loco
1210 3749 1289 3812 Soph.
1311 3749 1382 3798 Aiac.

299 3817 362 3868 ἐστὶ
378 3818 427 3868 κα)Ι
443 3811 638 3882 ἀδαμάντινον
655 3826 751 3884 τεῖχος
771 3817 824 3886 τῆς
862 3818 929 3876 ott,
949 3817 1094 3881 quemhuc
1107 3821 1259 3871 trahebant:
1286 3819 1385 3872 δεινῶν

299 3889 401 3958 ψυχῆς
410 3891 645 3962 προβεβλημένος
653 3895 712 3946 κτλ.
725 3897 821 3946 Aescb.
860 3890 884 3940 ‹i'
897 3884 982 3957 ίῖημα
994 3889 1164 3956 πνευμάτων
1177 3893 1308 3959 ἐκοίμισε
1319 3899 1385 3946 στί-

299 3971 387 4019 arom.
409 3966 471 4017 iti:
506 3965 697 4040 Σιδηρόφρων
717 3984 747 4020 τε
768 3961 824 4018 κάκ
861 3980 949 4015 νοντα
966 3961 1081 4026 πόντον,
1101 3967 1145 4017 ubi
1164 3968 1250 4019 Sobol.
1271 3969 1385 4022 παυσά-

301 4043 403 4112 πέτρας
412 4042 609 4113 εἰργασμένος,
620 4039 720 4106 Ὅστις
731 4041 822 4092 arb-—
860 4055 943 4106 μενοι
954 4038 1098 4106 δηλονότι·
1111 4043 1172 4093 vide
1182 4057 1252 4094 nuno
1261 4045 1384 4096 Lobeolrii

300 4117 435 4180 Navigatio
444 4121 535 4169 autem
544 4118 679 4181 montedo
688 4116 823 4182 paullatim
861 4117 908 4167 Ed.
929 4115 982 4178 alt.)
1018 4119 1099 4180 Digna
1118 4121 1171 4175 est.
1195 4131 1264 4182 quae
1285 4133 1385 4183 expen-

301 4191 334 4242 ab
346 4191 499 4242 bominibus
511 4194 617 4242 inventa
629 4191 670 4250 sit,
691 4190 824 4254 eleganter
861 4191 952 4251 datur,
975 4190 1167 4255 Dillenburgerl
1188 4193 1383 4256 interpretatio:

301 4267 407 4329 exponit
425 4267 553 4316 Maximus
571 4266 632 4326 Tyr.
648 4267 716 4316 Dies.
737 4265 776 4325 lt,
796 4267 820 4315 i.
862 4267 959 4316 «Notus
982 4268 1006 4315 in
1030 4269 1095 4318 mari
1120 4267 1286 4327 Hadriatico,
1314 4265 1384 4330 quod
