2998 4980
666 418 795 468 iioanril
812 419 980 472 CARMINUM

415 565 418 571 '
494 555 636 631 Funera,
661 575 701 620 ne
724 553 824 620 virilis
1325 557 1368 621 t5

344 673 455 742 Cultus
478 675 510 739 in
533 673 668 742 caedem
691 684 722 740 et
742 675 859 764 Lycias
882 676 1064 763 proriperet
1087 677 1255 743 catervas?

346 873 385 922 to.
405 871 513 936 moero]
534 871 655 933 Tempora
671 869 762 921 Codex
779 871 982 934 Vanderburgii.
1004 901 1031 907 -
1050 873 1136 924 uiriles
1152 875 1179 924 T.

280 1049 338 1098 eius
355 1047 403 1097 tuit
420 1048 446 1097 in
458 1047 562 1110 Cypriis
574 1048 602 1097 et
611 1045 693 1097 Iliade
709 1059 801 1111 parva.
840 1060 891 1110 gen
902 1049 970 1098 Mon.
990 1047 1054 1098 Tab.
1073 1049 1104 1098 X.
1124 1062 1150 1112 p.
1165 1049 1214 1112 43.)
1228 1077 1256 1086 -
1268 1051 1369 1101 subla

280 1119 367 1172 schol.
386 1119 483 1171 Viilois.
502 1121 536 1172 ad
554 1119 571 1170 l.
584 1119 601 1170 l.
620 1121 740 1172 Eandem
752 1123 805 1172 tra-
838 1123 955 1187 ctowso]
975 1121 1061 1186 paullo
1072 1124 1134 1172 ante
1146 1125 1309 1174 Graecorum
1322 1139 1371 1176 ex-

280 1196 361 1246 ctavit
381 1194 525 1258 Sophocles
545 1195 576 1246 ἐν
591 1195 749 1290 Σκυρίοις,
776 1197 802 1245 in
839 1195 1002 1260 peditionem
1019 1197 1047 1246 in
1064 1197 1178 1258 Troiam,
1197 1197 1369 1249 excidiorum

279 1283 333 1334 qua
344 1269 432 1320 tabula
445 1269 541 1321 Ulixes:
561 1265 636 1320 Eri&
649 1265 718 1320 ωτὸ
729 1269 803 1334 λαμ-
838 1273 902 1320 tnnc
924 1285 938 1320 n
961 1269 1011 1321 diis
1032 1270 1196 1320 damnatam.
1231 1273 1296 1324 Mira
1317 1287 1369 1323 au-

279 1339 352 1414 πρόν
380 1339 444 1406 φῶς
476 1337 658 1407 ἀποσβεννὺς
690 1346 801 1412 γένους,
838 1347 893 1395 tem
911 1342 1078 1408 interpolatio
1099 1345 1235 1396 ὶαονίιιιοια
1251 1351 1370 1409 tempora

280 1415 403 1482 ξαίνεις,
419 1411 550 1504 ἀρίστου
572 1415 679 1489 πατρὸς
697 1413 802 1485 Ἐλλή-
837 1432 886 1482 pro
904 1419 1039 1469 Memnona
1053 1420 1169 1482 suono·
1163 1420 1286 1472 mCodd.
1301 1421 1366 1486 aliq.

279 1508 337 1544 νων
353 1485 457 1558 γεγώς,
481 1494 550 1543 Item
566 1494 655 1543 Bion'
648 1507 675 1544 m
692 1493 802 1558 Epitha-
838 1493 952 1558 irrepsit.

279 1566 358 1618 lamio
375 1565 481 1617 Achillis
498 1569 525 1616 et
541 1567 704 1629 Deidamiae,
723 1566 799 1630 Idyll
871 1606 911 1654 45
932 1602 1269 1669 “Novifflisvesmusipse
1278 1607 1370 1660 Acha-

279 1643 320 1734 49·
328 1639 427 1730 fel?
451 1641 529 1692 Hem
547 1654 573 1692 v·
594 1642 638 1692 ⁴⁵
665 1638 800 1692 Λανθανε
838 1677 892 1728 lem
917 1679 1039 1728 incitaret
1063 1676 1099 1728 nd
1124 1679 1324 1744 expeditionem
1351 1697 1367 1732 a

839 1754 946 1802 Graecis
963 1753 1073 1815 regibus
1087 1752 1214 1804 indictam
1230 1767 1285 1805 una
1302 1768 1368 1806 cum

278 1826 454 1923 gomma}
472 1864 522 1913 w
538 1864 602 1934 χερὶ
623 1861 712 1932 λευκᾳ
730 1879 803 1935 παρ·
839 1827 871 1876 iis
888 1825 1011 1877 alacriter
1029 1827 1254 1890 suscipiendam.

277 1931 395 1988 θενικὸν
420 1936 509 2008 κόρον
532 1937 573 2001 (al.
592 1933 692 2002 κόπον)
716 1933 801 1998 εἶχεν.
873 1937 913 1987 io.
932 1937 1002 1998 Lucii
1018 1937 1191 1988 Troianorum
1208 1939 1272 1988 socii
1288 1937 1369 1990 duci-

278 2010 344 2061 Vide
371 2011 450 2061 etiam
477 2013 589 2062 Statium
610 2013 638 2063 in
658 2011 802 2062 Achilleide
839 2010 891 2061 hus
908 2011 1062 2075 Sarpedone
1081 2015 1108 2062 et
1125 2010 1231 2062 Glauco.
1261 2013 1369 2064 Esteu-

278 2085 303 2146 2,
322 2084 354 2135 tt
372 2097 448 2148 seqq.
479 2086 532 2136 Cir.
551 2085 647 2136 Roulez
665 2087 699 2136 ad
716 2085 804 2137 Ptole-
840 2089 908 2138 tem:
937 2087 983 2136 «in
1001 2084 1127 2146 caedem,
1146 2099 1228 2150 quam
1245 2087 1367 2139 iacturae

250 2207 252 2214 ,
278 2171 387 2208 meeum
409 2159 494 2224 Heph.
512 2172 540 2224 p.
563 2159 604 2209 59.
629 2159 726 2221 (Thetis
748 2160 805 2211 ele·
840 2162 902 2210 sunt
918 2161 1014 2222 Lyciae
1032 2161 1182 2210 catervae.»
1203 2161 1255 2212 Cir.
1269 2163 1367 2214 Dissen

278 2233 432 2296 santissimo
455 2246 581 2298 expressa
604 2235 645 2285 cat
666 2247 692 2284 m
709 2233 804 2288 nifflin-
840 2235 875 2286 ad
892 2235 966 2286 Piad.
984 2236 1016 2285 il.
1034 2247 1061 2298 p.
1081 2233 1137 2284 595.
