3002 4974
504 406 564 457 ΗΒ.
583 407 614 456 ll.
650 407 679 456 C.
697 407 785 456 XVlll.

283 563 436 626 Premunt
458 559 624 628 columnas
646 560 758 626 ultima
782 563 904 628 recisas

241 719 361 794 Africa,
385 739 493 806 neque
515 719 607 785 Attali

283 841 415 928 Ignotus
437 839 533 908 heres
556 842 677 930 regiam
700 844 872 930 occupavi,

242 964 308 1030 Nec
329 963 507 1030 Laconicas
528 962 603 1028 mihi

283 1083 424 1152 Trahunt
445 1083 601 1152 honestae
623 1105 785 1172 purpuras
807 1084 960 1152 clientae:

242 1246 280 1309 At
301 1242 383 1310 fides
406 1253 439 1310 et
460 1245 566 1330 ingeni

281 1366 425 1453 Benigne
447 1386 531 1432 vena
553 1375 617 1444 est,
642 1387 887 1456 pauperemque
910 1327 1002 1435 dives
1159 1368 1200 1433 444

242 1487 292 1553 lle
314 1487 408 1574 petit;
433 1487 510 1552 nihil
533 1509 632 1576 supra

175 1669 200 1718 e.
219 1667 318 1717 eune·
333 1665 395 1726 nen,
412 1667 518 1729 cunm
533 1667 559 1717 s.
579 1669 640 1732 (non
658 1639 717 1732 nr.)
737 1697 764 1706 -
783 1670 832 1720 vv.
850 1671 951 1722 ea-re.
970 1670 1067 1721 desunt
1083 1671 1110 1721 in
1127 1671 1156 1722 n.

111 1829 175 1866 casu
201 1815 278 1866 dives
299 1827 360 1865 snm
383 1814 493 1866 iactus.»
527 1817 557 1866 ln
574 1829 638 1882 pro-
675 1823 723 1868 ιω.
758 1819 921 1871 Lindemann
947 1819 982 1870 ad
1007 1821 1113 1871 Festum
1137 1833 1197 1886 pag.

110 1891 235 1942 verbium
251 1889 373 1940 abierant
388 1887 467 1940 Attali
484 1900 558 1953 opes.
577 1890 636 1940 Vid.
676 1893 743 1957 388.)
773 1894 850 1954 Quod
870 1893 981 1946 clientee
998 1895 1070 1958 ipsae
1086 1895 1201 1946 tonum

110 1965 156 2016 0d.
178 1965 208 2024 4,
229 1965 256 2024 4,
276 1964 315 2014 tt.
339 1963 402 2014 Livii
419 1964 486 2028 Epit.
505 1964 547 2014 te.
583 1964 636 2016 Cir.
675 1971 748 2030 sunt,
767 1981 821 2018 non
841 1969 948 2019 intimae
965 1971 1058 2030 sortis,
1077 1969 1103 2018 id
1121 1972 1201 2034 auget

109 2037 306 2100 Venderburgii
328 2038 476 2090 Excursum
494 2035 551 2089 Vol.
570 2039 590 2090 1.
608 2052 635 2103 p.
675 2043 780 2105 patroni
797 2043 959 2106 dignitatem.
995 2045 1052 2094 Non
1071 2043 1201 2107 significet

109 2113 166 2164 380.
204 2113 287 2164 Nimis
309 2126 374 2164 vero
390 2126 457 2176 vaga
474 2113 580 2164 videtur
597 2114 638 2164 in·
675 2115 850 2180 «pulchreem
869 2117 932 2168 nihil
948 2118 1020 2168 enim
1036 2119 1088 2168 hoc
1103 2119 1201 2168 attine-

109 2189 280 2252 terpretetio,
298 2201 381 2252 quem
397 2203 484 2254 nuper
500 2192 639 2256 proposuit
674 2189 734 2251 het,
759 2193 849 2240 utmm
867 2189 994 2255 pulchrae
1011 2193 1102 2242 essent
1120 2191 1201 2242 clien-

109 2263 185 2314 Estre
204 2263 267 2312 lior.
287 2265 330 2314 Pr.
349 2278 376 2328 p.
395 2265 460 2319 tto:
484 2267 636 2316 «Horatium
674 2267 732 2325 tae,
763 2277 833 2328 qnae
858 2264 1002 2316 lanificium
1028 2269 1198 2326 exercerent,

110 2341 221 2400 tangere
232 2338 355 2388 homines
367 2339 409 2388 sui
420 2341 550 2404 temporis
562 2341 638 2403 igno-
673 2353 768 2392 necne.
788 2339 934 2403 (sostendit
950 2343 1041 2390 votum
1059 2339 1198 2401 clientum,

109 2415 164 2472 tos,
192 2424 291 2462 reeens
316 2411 412 2463 divitm
437 2413 536 2476 iactos,
564 2418 637 2466 tauta
674 2427 789 2478 quorum
800 2427 912 2476 uxores,
931 2427 992 2465 cum
1011 2413 1144 2465 nohilihus
1160 2417 1201 2464 to-

108 2485 222 2548 luxnria,
235 2488 307 2536 tante
319 2486 454 2552 superbia,
467 2490 505 2540 uti
516 2489 636 2551 domum,
674 2501 723 2552 gae
739 2490 894 2552 praetextae
912 2488 979 2540 liunt
996 2489 1031 2539 ed
1048 2501 1126 2554 spem
1144 2501 1201 2540 ma-

109 2558 197 2624 qualis
214 2558 258 2611 vel
275 2559 353 2612 ntuli
370 2561 472 2624 hrerat,
503 2576 636 2629 occupare
674 2564 831 2626 gistratuum
850 2564 1044 2628 gerendorum,
1067 2577 1200 2629 purpuras

108 2636 268 2686 auderent.»
675 2639 1198 2702 carpentes,iuvantmetmnasnscnor..

141 2711 165 2760 6.
201 2711 304 2775 lpnntur
327 2712 409 2777 heres]
438 2711 540 2766 Attalus
565 2715 637 2766 enim
675 2715 748 2764 llaec
773 2713 795 2764 si
821 2728 853 2764 ex
878 2715 993 2779 antiquis
1011 2713 1200 2778 interpretibus

109 2797 173 2846 eos,
202 2799 272 2850 quos
294 2789 455 2838 testamento
477 2802 526 2840 suo
542 2789 637 2840 divites
675 2788 838 2853 desumpsit,
856 2787 926 2839 hene
945 2788 1043 2839 hahet:
1063 2788 1112 2838 sed
1129 2788 1199 2848 vide,

108 2859 266 2910 redditurus
290 2864 364 2922 erat,
391 2877 425 2913 ne
443 2865 555 2914 noverat
577 2864 638 2926 qui-
674 2876 708 2913 ne
726 2863 761 2912 sit
776 2863 932 2913 recentioris
943 2861 1053 2913 ahcuius
1065 2873 1202 2912 commen·

110 2933 192 2996 dem,
221 2947 284 2985 curn
305 2933 369 2987 illud
392 2937 531 2988 scriberet.
566 2939 639 2988 inest
676 2937 751 3000 tum.)
780 2937 888 2987 llirilica
912 2940 953 2988 est
975 2938 1026 2988 ΗΡ.
1045 2938 1202 3000 interpreta-

110 3021 203 3059 nmnrn
229 3009 366 3080 etpumia.
406 3011 445 3062 De
470 3013 635 3074 Aristonico,
676 3011 724 3060 tio:
753 3010 896 3062 «Pulchrae
919 3010 1031 3062 clientae
1054 3024 1108 3061 nou
1125 3011 1199 3072 mihi,

111 3083 173 3147 «qui
191 3087 298 3135 mortuo
315 3099 379 3149 rege
396 3084 492 3148 Attalo,
510 3088 638 3138 mentitus
675 3084 730 3135 mei
746 3084 855 3134 honoris
873 3098 953 3136 causa
971 3087 998 3136 et
1014 3087 1045 3134 ut
1061 3085 1125 3134 mihi
1142 3082 1200 3148 pla-

110 3159 201 3221 regiae
211 3159 301 3222 stirpis
309 3160 449 3223 originem,
460 3162 637 3213 ermisnsinm
676 3161 754 3210 ceant
769 3160 796 3208 in
814 3157 898 3224 longis
916 3161 1059 3225 purpureis
1081 3157 1201 3210 vestibus

110 3235 291 3298 occupaverat
301 3235 441 3299 vietusque
453 3249 469 3285 a
480 3238 513 3288 u.
527 3239 639 3301 Perper-
675 3232 803 3284 incedunt
820 3235 847 3284 et
864 3234 899 3285 nd
916 3247 960 3285 me
977 3236 1112 3285 veniunt.»

110 3321 144 3358 na
156 3309 496 3376 ductusqueintrinmpho,
513 3311 635 3364 sedati.
708 3309 748 3359 40.
767 3309 881 3373 lienique
895 3309 972 3374 oenu]
991 3312 1021 3358 ut
1036 3310 1066 3359 h.
1085 3311 1114 3359 P.
1132 3306 1199 3358 tot:

109 3382 229 3448 Aquilio,
249 3385 335 3448 capite
351 3397 453 3449 poenas
465 3386 554 3437 dedit»
567 3385 639 3450 (Vel-
675 3385 727 3434 tine
738 3384 904 3444 divinornm
923 3397 1004 3448 quarn
1015 3384 1201 3448 metaphoram

110 3457 152 3508 lei.
166 3459 199 3519 2,
216 3457 265 3522 4.),
285 3471 456 3523 nequequam
471 3459 554 3510 verba
566 3461 636 3512 lacit.
676 3473 690 3508 a
709 3457 808 3510 metelli
824 3461 900 3511 venis
919 3459 1039 3524 plerique
1060 3459 1202 3524 repetitam

142 3533 167 3582 7.
196 3533 345 3597 laconicus]
374 3535 488 3598 «Neque
506 3534 594 3586 lanam
611 3537 638 3587 in
674 3535 784 3598 putaut;
803 3533 879 3585 aliter
890 3533 965 3586 Ovid.
979 3535 1055 3584 Trist.
1069 3534 1097 3595 3,
1112 3535 1142 3584 444
1156 3531 1197 3596 (al.

110 3607 475 3672 laconinpurpuratinctem
488 3610 565 3674 (quae
578 3623 640 3674 pun
676 3608 726 3672 44),
753 3608 797 3658 33;
835 3610 965 3673 inponitur
993 3609 1091 3672 [repere
1119 3620 1203 3658 meum

109 3694 177 3747 pura
199 3680 334 3734 nobilioris
353 3684 459 3746 generis
478 3686 536 3734 eret
557 3687 638 3748 atque
674 3683 758 3745 melo,
776 3684 847 3733 erum
863 3689 886 3734 et
902 3689 961 3734 onte
977 3685 1042 3734 Fons
1057 3683 1203 3749 intermediis

109 3756 232 3819 lucidiori
264 3757 329 3808 mihi
354 3759 419 3808 nent
442 3757 573 3820 clientes,
610 3763 640 3811 ut
672 3771 806 3821 parceque
826 3771 891 3810 uena
910 3760 976 3823 psit,
1003 3758 1050 3810 ubi
1075 3761 1118 3810 est
1133 3770 1202 3809 vena

109 3830 236 3884 solebant
245 3827 287 3882 v'el
298 3832 426 3883 mercede
439 3833 587 3884 conductae
597 3833 639 3884 vel
676 3847 772 3898 aquae.

109 3907 210 3970 gratis,
229 3909 259 3956 ut
269 3909 441 3970 patronorum
458 3909 572 3971 gratiam
589 3909 640 3959 ini·
710 3909 750 3958 44.
776 3910 818 3960 lle
837 3909 913 3973 petit]
944 3922 1040 3974 «saepe
1058 3909 1093 3960 ad
1110 3921 1140 3959 se
1157 3919 1201 3958 me

110 3983 188 4038 rent;
207 3979 292 4031 nullas
310 3983 382 4032 enim
400 3981 511 4033 clientes
523 3983 638 4034 haheo.»
676 3985 755 4032 vocat
776 3981 944 4047 libenterque
966 3986 993 4034 et
1013 3985 1127 4035 comiter
1143 3995 1203 4032 me-

111 4056 157 4106 Est
168 4055 248 4118 igitur
258 4055 363 4108 sublata
375 4058 502 4121 imagine:
530 4057 553 4120 4)
573 4071 639 4108 enee
676 4069 739 4108 cum
756 4060 887 4108 versatur.
923 4057 993 4110 Ultra
1015 4059 1083 4108 haec
1110 4059 1202 4108 autem

111 4130 255 4194 purpureis
275 4131 394 4182 vestibus
414 4135 488 4192 utor,
507 4131 531 4195 2)
550 4144 639 4195 neque
677 4130 740 4182 nihil
766 4147 781 4182 n
807 4131 848 4182 dis
873 4132 995 4197 impenso
1020 4132 1108 4182 studio
1126 4131 1202 4182 eilia-

111 4203 250 4255 nohilitate
281 4207 441 4270 conspicuus
474 4218 561 4258 eum.»
598 4207 637 4270 (V.
677 4205 756 4270 gite.»
782 4206 968 4256 Cicadliam.
992 4205 1038 4266 43,
1060 4207 1089 4268 4,
1111 4207 1142 4255 t:
1162 4219 1203 4255 eos

110 4279 203 4330 mento
220 4279 362 4331 lormatum
380 4283 518 4345 umquam
535 4280 641 4332 eoden-
677 4294 727 4331 non
752 4281 917 4344 merehatur,
946 4281 990 4342 qui
1010 4294 1050 4332 rue
1067 4280 1201 4344 peteduot,¹
