2992 4978
480 497 538 548 uro.
558 497 599 546 nr.
637 499 665 547 c.
686 496 750 546 xix.
1133 495 1190 560 4511

279 655 327 718 Dn
351 653 453 718 noctis
475 650 616 728 mediae,
640 651 695 729 dn,
720 673 817 738 puer,
842 654 972 740 auguris
1155 653 1195 717 to

239 774 404 840 Murenae:
430 773 531 839 tribus
557 784 611 839 aut
632 793 748 838 novem

286 897 458 962 Miscentur
480 893 604 982 cyathis
626 893 742 980 pocula
764 892 951 959 commodis.

178 1112 216 1160 ⁴0.
235 1111 301 1160 nocti
318 1123 386 1158 corr.
406 1123 430 1159 c.
451 1135 479 1144 -
499 1108 593 1170 aunurt
610 1121 633 1156 c.
653 1133 682 1142 -
703 1109 742 1157 tn.
760 1109 895 1159 uiuacior
911 1121 973 1158 cum
989 1110 1126 1173 itutgersio
1138 1117 1165 1162 et

146 1188 174 1235 Ν.
194 1187 298 1236 Heinsio
315 1183 457 1234 Bentleios.
478 1185 516 1246 (nt
532 1195 594 1244 nos,
614 1181 697 1232 Codd.
717 1183 771 1232 noti
788 1183 901 1244 omnes.)

116 1370 196 1421 iendis
216 1372 324 1435 vesperi
344 1367 481 1432 epuletur,
508 1380 578 1430 quoe
595 1367 636 1416 ie·
674 1367 797 1436 --φέρε
814 1363 865 1416 τὸν
882 1369 977 1438 τριτον
994 1366 1081 1432 Φίλας
1096 1365 1197 1442 Ἀφρο-

115 1447 168 1494 stae
180 1445 405 1508 sompererant.»
424 1443 562 1492 Tunrssus.
586 1442 636 1490 An·
673 1438 761 1506 δίτης.
787 1443 896 1491 Murena
908 1444 1012 1504 nutem,
1032 1447 1200 1496 nonMuroe·

116 1519 200 1582 tiquus
223 1519 295 1568 enim
316 1529 401 1566 annus
419 1517 553 1566 Romanus
575 1517 636 1564 ante
673 1531 723 1578 no,
742 1516 869 1566 scribitur
885 1517 937 1568 hoc
955 1531 1054 1569 nomon
1070 1521 1097 1570 in
1114 1522 1197 1572 Fastis

116 1593 298 1650 Decemviros,
317 1603 399 1654 quem
416 1591 518 1639 Numae
537 1601 636 1639 annum
674 1589 835 1654 Capitolinis.

116 1667 213 1726 dicunt,
240 1665 341 1716 lunaris
359 1665 428 1724 erat,
465 1664 499 1712 ita
516 1665 547 1712 ut
563 1665 635 1713 Luna
707 1665 747 1713 tt.
777 1666 816 1714 ts.
843 1665 922 1715 tribon
938 1672 984 1716 out
1000 1668 1100 1732 nonan]
1128 1667 1198 1718 ntifi-

116 1753 181 1789 noya
216 1740 269 1802 (die
296 1744 359 1788 erate
390 1738 562 1801 Erschetnooq
593 1738 638 1786 der
674 1736 729 1788 cilis
755 1737 822 1788 iacta
844 1742 885 1789 est
907 1740 985 1790 huius
1001 1738 1054 1790 loci
1070 1742 1200 1805 interpre-

115 1813 275 1877 iionosiohet)
305 1814 406 1864 mensis
436 1813 564 1874 cuiusque
590 1811 637 1860 ini-
673 1811 753 1872 tatio,
783 1813 845 1874 qnia
870 1812 912 1862 aiii
930 1814 1043 1876 cyathos
1060 1827 1109 1878 pro
1126 1815 1199 1863 certa

115 1888 177 1937 tium
194 1886 308 1949 iaceret,
327 1886 398 1936 unde
414 1899 474 1936 mos
491 1883 638 1935 hiclielen·
674 1897 800 1935 mensura
820 1885 932 1947 hubent,
960 1889 987 1936 et
1004 1887 1102 1949 nocuo
1118 1899 1201 1950 oppo-

114 1961 152 2011 dis
175 1963 203 2011 in
228 1961 361 2011 honorem
378 1962 466 2010 Lunae
491 1973 575 2010 novoe
598 1959 638 2008 hi·
675 1961 752 2020 nunt,
772 1958 814 2009 alii
830 1960 942 2010 eosdem
960 1975 1022 2011 oum
1030 1962 1201 2023 poculiscon-

114 2035 190 2086 hendi
207 2035 355 2098 antiquitus
376 2047 462 2098 usque
485 2034 519 2084 sd
540 2035 636 2084 Horatii
675 2033 795 2083 hindunt.
826 2037 893 2085 Nom
912 2036 941 2084 ut
957 2037 1120 2086 Graecorum
1137 2034 1201 2085 iliud

115 2113 231 2174 tempora
245 2109 352 2158 videtur
363 2121 425 2158 esse
435 2109 564 2158 servatus.
577 2109 639 2158 Dio·
674 2107 861 2171 proverbium:
882 2103 902 2172 ἢ
917 2110 1000 2159 πέντε
1016 2103 1037 2174 ἢ
1051 2112 1103 2180 τρί’
1122 2104 1143 2176 ἢ
1156 2107 1200 2175 μὴ

113 2195 168 2245 nys.
182 2182 268 2233 Helio.
289 2182 333 2242 to,
348 2182 388 2230 59.
410 2181 444 2232 nd
456 2194 480 2230 a.
494 2196 521 2231 u.
535 2195 559 2231 c.
573 2181 635 2231 3⁰4:
675 2181 803 2252 τέτταρα·
823 2182 931 2232 diverso
941 2183 1022 2232 modo
1036 2182 1201 2247 explicarunt

110 2246 190 2323 Ἦγον
206 2254 238 2307 δὲ
258 2251 327 2317 τοὺς
342 2253 440 2321 μῆνας
455 2251 530 2305 κατὰ
550 2252 637 2320 osiri-
675 2257 728 2305 iam
745 2256 859 2318 antiqui,
887 2254 993 2306 Plautus
1017 2258 1044 2307 in
1063 2257 1152 2307 Sticho
1170 2259 1199 2319 5,

112 2346 161 2396 νην
184 2333 236 2382 καλ
265 2331 435 2381 συνέπιπτεν
460 2331 501 2391 εἰς
518 2324 570 2392 τὰς
586 2328 638 2378 Ei-
675 2329 705 2390 i,
732 2329 781 2380 et:
821 2331 913 2392 «Victo,
943 2336 1002 2392 quot
1029 2333 1130 2392 cyathos
1157 2333 1201 2381 hos

112 2401 177 2468 ὅους
193 2401 212 2470 ἦ
231 2403 423 2470 πανσέληνος.
675 2403 801 2454 hihimnu?
828 2405 870 2453 Sr.
891 2405 947 2466 Tot,
977 2411 1036 2467 quot
1053 2407 1125 2470 diuiti
1141 2411 1202 2457 suot

141 2481 232 2531 toni.
255 2479 387 2529 Donoctts
397 2478 502 2542 nudiue]
517 2473 653 2528 sonaim
674 2479 718 2529 tihi
740 2478 767 2528 to
790 2491 878 2528 mono.
914 2480 1002 2529 Contio
1022 2485 1057 2529 est
1079 2481 1198 2530 Graeco:

111 2567 168 2604 rum
187 2552 317 2619 poculum
340 2555 365 2604 in
383 2553 514 2602 honorem
531 2553 636 2602 mediae
675 2547 788 2618 ἢπέντε
803 2557 867 2603 πῖνε
879 2546 899 2618 ἢ
909 2555 962 2622 τρί’
975 2547 996 2618 ἢ
1009 2549 1052 2618 μὴ
1063 2553 1199 2625 τέτταρα,

111 2627 639 2692 noctis,iuquamprotreheturcompo-
675 2626 842 2692 simpliciter,
869 2629 895 2677 ni
921 2626 1007 2688 t'oilor,
1034 2629 1068 2678 do
1093 2629 1202 2693 poculo-

111 2704 207 2764 tatio»,
233 2703 276 2766 (ut
292 2701 339 2752 nd.
353 2703 381 2762 3,
394 2702 441 2762 28,
459 2701 507 2751 ⁴6:
533 2701 638 2751 Dicetur
674 2715 735 2752 rum
764 2715 891 2762 numero,
928 2704 1020 2751 contra
1046 2703 1200 2756 Athenaeus

109 2779 197 2826 mer-tto
208 2789 266 2826 nox
277 2788 374 2838 quoquo
384 2774 498 2839 noento}
514 2775 636 2825 «tertium
676 2778 721 2837 tc,
740 2777 781 2826 28.
800 2789 826 2840 p.
846 2775 903 2826 426.
924 2779 950 2826 et
967 2777 1120 2827 Eustathius
1137 2790 1197 2840 pag.

110 2851 281 2902 inhonorem
293 2851 355 2900 novi
367 2850 474 2912 auguris
483 2850 635 2901 Murenae.»
675 2850 748 2900 itii.
768 2850 802 2899 de
819 2851 952 2900 mixtionis
969 2851 1085 2910 ratione,
1110 2852 1149 2901 sic
1166 2850 1201 2901 de

109 2925 186 2986 Tres,
204 2923 264 2975 noli
281 2923 416 2984 dubitare,
440 2924 491 2973 hac
508 2927 571 2974 sunt
586 2937 637 2988 po·
674 2925 726 2974 hoc
743 2935 851 2986 quoque
877 2922 936 2973 loco
959 2923 1098 2986 ambigunt
1122 2925 1203 2974 inter·

110 3001 220 3050 tationes
250 2997 403 3058 distinctae,
435 3011 489 3047 non
514 3012 580 3059 una,
607 2999 638 3047 ut
674 3000 773 3062 protes.
787 2997 888 3048 Verum
900 2998 1074 3060 respicientes
1085 3000 1200 3049 maxime

109 3072 197 3124 volunt
214 3075 378 3136 interpretes
394 3073 531 3132 timentes,
553 3086 587 3122 ne
599 3073 637 3122 ni·
674 3087 699 3121 v.
717 3073 870 3132 miscentur,
889 3072 1014 3132 cyathos,
1033 3084 1198 3132 mensuram,

110 3147 159 3197 mis
180 3145 351 3198 vinolentum
374 3157 403 3196 se
427 3149 559 3197 monstret
581 3147 637 3196 Ho-
673 3143 1015 3208 distinguhnusapoeuhs,
1034 3158 1149 3208 quorum
1165 3147 1199 3197 de

110 3223 199 3272 ratius.
239 3223 301 3270 Sino
319 3219 402 3284 ellipsi
421 3219 469 3270 od.
488 3220 518 3281 3,
536 3221 567 3282 8,
587 3221 634 3270 43ε
673 3233 800 3279 numero,
814 3221 843 3268 ut
854 3219 880 3268 h.
891 3217 907 3268 Ι.
923 3219 949 3268 in
961 3221 1016 3268 tam
1028 3217 1103 3268 hiiari
1115 3233 1200 3270 coena

109 3295 194 3358 Smne,
213 3298 363 3355 Maecenas,
381 3295 482 3355 cyathos
499 3295 575 3344 amici
591 3295 638 3344 So-
673 3294 885 3344 consentaneum
903 3295 977 3352 orat,
1005 3292 1068 3343 nihil
1092 3295 1200 3344 omnino

108 3371 176 3430 onitin
191 3375 302 3419 centron.
327 3367 429 3418 Eadem
444 3370 551 3431 genitivi
571 3383 637 3420 con·
671 3367 843 3432 praecipitur,
853 3364 1113 3431 atqueexpiicnmus:
1124 3369 1202 3418 «Sex-

109 3445 257 3495 structione
274 3445 386 3492 utuntur
403 3445 505 3493 Graeci.
540 3442 637 3494 Melea·
674 3444 755 3493 tarius
785 3454 847 3492 cum
870 3442 976 3491 constet
998 3441 1051 3491 xil.
1080 3442 1198 3504 cyathis,

109 3531 154 3580 ger
169 3519 196 3568 in
207 3517 289 3568 Anth.
309 3515 362 3566 Pal.
375 3518 395 3566 1.
408 3529 435 3580 p.
451 3517 497 3567 tii
510 3531 515 3566 :
538 3511 636 3584 Ἕγχει
672 3518 820 3568 miscentur
831 3519 876 3565 aut
888 3519 942 3565 tres
954 3517 1023 3566 meri
1035 3517 1126 3578 cyathi
1137 3528 1200 3566 curn

107 3588 158 3654 τᾶς
174 3588 306 3652 Πειθοῦς
325 3591 374 3640 καλ
390 3587 532 3662 Κύπριδος
541 3587 636 3642 ‘Hisc-
672 3604 770 3643 novem
782 3603 868 3653 aquae
878 3590 995 3652 cyathis,
1010 3602 1096 3652 eaque
1108 3591 1200 3640 mixtio

108 3663 220 3735 δώροις,
240 3665 298 3716 Kat
314 3661 383 3715 πάλι
398 3663 450 3729 τᾶς
468 3660 558 3729 αὐτᾶς
569 3660 636 3717 dov-
672 3663 861 3716 infirmioribus
873 3667 934 3728 apta
953 3667 1014 3726 erit,
1033 3668 1078 3714 aut
1093 3665 1199 3715 inverso

107 3738 196 3807 λόγου
219 3736 356 3810 Χάριτος.
384 3742 489 3791 Marcus
505 3743 637 3804 Argente-
671 3741 774 3790 ratione
799 3750 897 3788 novom
923 3739 990 3789 meri
1016 3741 1105 3802 cyathi
1134 3751 1197 3790 curn

107 3817 160 3867 rius
182 3816 223 3866 lh.
243 3828 270 3879 p.
285 3815 346 3864 tte:
364 3809 462 3881 “Byzan
478 3813 635 3882 Λυσιδίκης
672 3815 757 3866 trihus
769 3826 868 3876 equae,
888 3825 957 3876 quoe
974 3815 1046 3876 potio
1064 3814 1198 3864 validiori-

107 3887 241 3952 κυάθους
261 3887 347 3950 δέκα,
373 3889 427 3955 τῆς
448 3886 480 3940 δὲ
497 3887 635 3956 τοθεινῆς
671 3889 723 3940 hus
735 3889 770 3940 sit
781 3887 938 3938 destinate.»
968 3889 1095 3938 Conmmdi
1107 3891 1197 3938 autem

107 3957 284 4035 Εὖφράντης
296 3956 347 4013 ἕνα
357 3978 424 4029 μοι,
442 3960 535 4034 Meos,
554 3962 634 4015 δίδου
671 3964 754 4026 cyathi
771 3962 798 4012 h.
817 3960 834 4012 l.
853 3964 916 4012 sunt
939 3961 1065 4025 «plenum
1086 3961 1197 4011 modum

105 4036 231 4091 κύαθον.
255 4039 532 4104 hionisapudhthen.
551 4041 578 4100 6,
592 4039 632 4092 ot.
671 4037 817 4096 hahentes,
843 4035 954 4098 integri,
984 4037 1014 4084 ut
1035 4048 1069 4085 ne
1087 4035 1198 4098 propter

106 4127 132 4178 p.
152 4115 219 4167 tot:
248 4113 325 4176 Παϊ,
350 4111 405 4180 τὴν
420 4109 548 4180 μεγάλην
565 4109 633 4176 δός,
672 4112 762 4162 nescio
775 4122 855 4174 quum
868 4109 977 4159 nimiam
994 4107 1197 4170 temperantiam

106 4190 227 4252 ἐπιχέας
249 4187 347 4250 Φιλίας
361 4185 492 4250 κυάθους
510 4185 568 4238 τῶν
579 4200 635 4237 τα·
672 4188 760 4238 minus
777 4186 830 4234 vini
847 4185 998 4244 hauriatur,
1019 4194 1101 4244 quam
1119 4191 1196 4230 men-

106 4261 218 4332 ρόντων
239 4263 384 4333 τέτταρας·
427 4257 502 4325 Τοὺς
518 4267 594 4333 τρεῖς
610 4259 634 4311 δ’
672 4274 735 4311 sura
757 4261 814 4323 ipso
836 4259 979 4308 continet.»
1015 4254 1064 4318 (Gi.
1084 4255 1195 4316 liutger-

99 4337 230 4409 Ἔρωτος
251 4333 487 4408 προσαποδώσεις
503 4328 632 4406 ὕστερον·
672 4336 754 4395 sium,
780 4331 942 4392 Bentleium,
968 4326 1142 4380 Forceilinum
1171 4327 1197 4377 in
