3078 4978
533 467 634 518 riser.
669 470 766 520 izers.
786 470 815 518 ii.
850 465 879 528 ‘r

440 726 804 785 Excuiisus
843 729 887 785 11.

597 859 737 908 Arelli,

188 981 289 1032 Aaron:
322 980 436 1041 ntandei]
463 991 531 1042 quse
549 980 575 1030 in
593 983 668 1030 aestu
686 978 829 1030 velleribus
846 981 1016 1043 premantur,
1042 981 1088 1030 eut
1105 979 1210 1032 relieies

124 1063 237 1115 laedio.»
271 1061 337 1114 Hine
354 1060 539 1126 Dillenhurger
555 1062 724 1127 interpretari
741 1062 856 1114 maroli:
886 1075 966 1124 «quae
983 1064 1010 1114 ln
1026 1069 1096 1114 aestu
1111 1065 1212 1114 vellen·-

125 1148 363 1211 lueprernenlurn‚
391 1146 507 1197 addens:
536 1159 651 1210 reasque
668 1148 733 1211 pulo
750 1159 815 1197 oves
833 1146 967 1206 infirmes,
994 1159 1063 1210 quae
1081 1145 1210 1198 vellerum

126 1229 286 1294 longitudine
311 1232 338 1281 et
355 1231 431 1294 eopia
449 1243 482 1280 ne
500 1229 616 1293 pedihus
633 1227 717 1280 libere
735 1231 838 1294 passini
854 1231 892 1279 uti
908 1228 1114 1294 prohibenturi;
1141 1245 1210 1295 quae

126 1314 235 1377 quidem
251 1315 324 1364 nolio
341 1312 477 1377 quomodo
495 1315 521 1363 in
539 1312 652 1378 simplici
670 1327 695 1364 v.
714 1314 829 1378 infimas
844 1315 933 1364 inesse
950 1315 1052 1377 possil,
1076 1327 1129 1364 non
1146 1316 1211 1364 selis

125 1397 268 1462 perspicio.
303 1397 364 1450 Mihi
381 1409 446 1446 vero
462 1398 550 1450 Acron
568 1397 620 1446 hoe
636 1398 724 1461 polius
741 1397 830 1448 dicere
849 1395 964 1448 voluisse
982 1397 1100 1459 videlur‚
1119 1395 1211 1462 quales

126 1495 190 1532 oves
215 1479 297 1531 Alfius
324 1479 473 1531 tondendas
498 1479 549 1531 sibi
572 1481 719 1546 proponat,
752 1479 907 1531 incredibile
934 1493 995 1530 curn
1020 1481 1169 1542 videretur,
1196 1494 1211 1530 e

125 1563 235 1615 domino
251 1565 310 1628 ipso
326 1565 412 1615 totum
430 1575 539 1628 gregem
555 1564 669 1614 tonderi.
705 1565 773 1627 Ergo
791 1565 895 1614 adiicit:
915 1576 980 1614 oves
993 1561 1122 1627 (aliquoi),
1142 1578 1211 1629 quae

127 1651 153 1699 in
168 1650 249 1698 aestu
265 1645 409 1698 velleribus
436 1647 530 1711 (nimis)
556 1650 729 1712 prementur,
760 1650 806 1698 aul
827 1647 933 1698 relictas
959 1647 1017 1712 (per
1034 1659 1127 1698 cesum
1144 1661 1212 1712 que·

127 1730 298 1794 lemeunquel
325 1730 470 1780 laniloneio-
489 1731 535 1794 (sie
560 1732 631 1782 enirn
650 1731 766 1781 emendo
783 1733 940 1796 corruptum
956 1745 982 1780 v.
1002 1731 1101 1790 laedie3
1130 1733 1212 1782 ulitur

124 1813 165 1865 ille
182 1827 252 1865 voce
271 1815 375 1866 Comm.
395 1814 486 1878 Cruq.)
506 1815 599 1865 tondet
617 1815 705 1877 (animi
722 1816 809 1879 pol-ius
827 1827 908 1879 quem
926 1813 1092 1864 necessitatis
1110 1816 1209 1878 eausa).

124 1895 244 1963 Explicet
260 1900 338 1963 igilur
355 1897 499 1948 Scholiasta
517 1887 604 1964 polius
621 1911 646 1948 v.
666 1900 749 1948 tendet
765 1912 821 1948 oves
838 1911 919 1963 quem
936 1897 1069 1949 ἐπίθετον
1086 1898 1209 1962 generale

124 1983 248 2046 infimae.
269 2008 297 2019 -
317 1983 443 2034 Celerum
460 1995 502 2032 vr.
522 1987 567 2032 arel
582 1982 683 2034 relictas
699 1985 781 2034 laedio
798 1995 853 2034 om.
872 1983 919 2034 Ed.
938 1983 1038 2032 Venele
1058 1981 1130 2032 ll8l.
