2986 4974
293 415 355 479 250
676 416 804 467 nonani
823 417 992 468 cinnamon

507 576 549 639 Te
572 593 684 639 mrsus
707 573 739 637 in
761 570 884 639 bellum
905 572 1079 640 resorbens
1332 573 1367 636 ia

546 693 637 762 Unda
658 693 746 761 fretis
768 693 838 760 tuiit
859 693 1028 760 aestuosis.

463 855 548 940 Ergo
571 849 744 940 obligatam
765 851 866 919 redde
889 852 956 917 Iovi
979 851 1096 938 dapem

463 976 638 1061 Longaque
659 975 781 1040 fessum
803 973 914 1040 militia
934 972 1018 1038 latus

503 1097 638 1184 Depone
660 1095 722 1162 sub
745 1092 838 1160 lauru
861 1114 935 1160 mea
957 1115 1018 1161 nec

548 1219 648 1284 Parce
670 1216 760 1282 cadis
783 1187 839 1282 tibi
862 1214 1038 1281 destinatis.
1335 1218 1374 1282 20

359 1421 400 1470 48.
420 1417 529 1471 Ultimus
547 1417 625 1466 huius
643 1426 725 1464 carm.
745 1429 770 1462 v.
789 1413 816 1462 in
833 1415 861 1462 B.

294 1597 420 1648 affectum
438 1593 581 1658 significan
603 1606 653 1643 neo
671 1590 818 1654 quidquem
854 1590 924 1650 visti,
944 1588 1076 1654 obligatus
1093 1591 1154 1640 ideo
1172 1592 1207 1642 ad
1224 1595 1316 1644 votum
1327 1595 1374 1643 hoc

294 1673 363 1722 inest
390 1670 497 1729 comici,
532 1671 563 1719 ut
594 1679 682 1731 nuper
708 1665 818 1728 quidam
854 1665 1019 1724 reddendam,
1038 1664 1210 1728 solvendum,
1232 1664 1314 1718 voluti
1330 1667 1375 1718 de·

294 1746 417 1808 opinatus
440 1747 490 1794 est.
526 1743 607 1792 Recta
629 1743 748 1790 ceterum
769 1739 819 1789 erit
855 1739 968 1790 bitum.»
986 1739 1375 1805 Ci.Properi.2,49,tt²:red·
1476 1781 1477 1786 ,

294 1813 440 1880 ἀντίθεσις
476 1818 507 1866 Τε
534 1816 671 1866 fortiorem
704 1817 756 1864 cet.
788 1839 816 1849 -
855 1815 1126 1877 daemomonia,
1153 1829 1217 1866 cum
1235 1815 1376 1866 Hertzber-

294 1896 358 1943 Post
374 1891 478 1943 cladem
497 1888 567 1940 iliam
584 1889 723 1946 Horatius,
747 1888 818 1936 Mes·
855 1889 889 1951 gii
915 1889 1019 1940 Comm.
1053 1917 1081 1926 —
1111 1888 1208 1953 dapar]
1235 1889 1270 1940 de
1295 1888 1375 1954 epuiis

294 1967 366 2017 seiae
392 1965 510 2024 Corvini,
539 1961 624 2014 Bibuli
651 1959 817 2023 aliorumque
855 1975 914 2013 rem
932 1963 1050 2014 divinam
1062 1963 1265 2027 excipientibus.
1292 1965 1375 2015 Livius

294 2039 447 2104 exemplum
465 2039 591 2098 imitatus,
611 2038 637 2087 in
655 2035 756 2086 ltaliam
773 2049 819 2085 re·
855 2037 1022 2089 Andronicus
1039 2039 1066 2088 in
1084 2040 1171 2102 primo
1189 2037 1293 2090 Ulixeae
1309 2037 1375 2102 apud

294 2117 350 2166 diit.
368 2113 431 2165 Aliis
448 2127 463 2164 a
478 2112 624 2162 victoribus
636 2112 754 2174 ignotum
767 2111 817 2170 est;
855 2113 937 2162 Prisc.
956 2113 984 2174 7,
1004 2113 1034 2172 8,
1053 2112 1093 2164 tt.
1113 2125 1139 2176 p.
1155 2112 1216 2162 348:
1236 2114 1306 2174 Qicco
1322 2114 1376 2162 iaec

294 2191 336 2242 alii
355 2192 442 2241 semet
458 2189 507 2253 ipsi
523 2187 695 2246 interiecere;
714 2185 770 2246 alii,
788 2185 819 2233 ut
855 2188 917 2248 daps
934 2192 982 2248 est,
1001 2187 1044 2248 qui
1059 2187 1135 2250 [esim
1151 2186 1220 2237 dics?
1244 2188 1334 2238 Livius
1350 2187 1374 2244 i,

294 2266 437 2329 Pompeius
464 2265 564 2323 Varus,
598 2258 664 2312 τότε
691 2261 738 2312 ἐπὶ
764 2255 818 2324 τὴν
855 2262 882 2310 i:
902 2262 994 2322 comit,
1011 2266 1090 2311 --nt
1105 2253 1202 2312 Pinarii
1219 2262 1285 2312 eene
1302 2261 1377 2311 adai

293 2337 447 2390 θάλασσαν
480 2335 630 2402 διέφυγον,
664 2335 714 2386 καὶ
744 2327 818 2399 μετὰ
855 2338 889 2386 cd
905 2341 1013 2386 ceteram
1028 2337 1141 2386 venirent
1157 2338 1255 2398 dapem

294 2411 383 2464 τοῦτο
398 2408 437 2479 τῷ
450 2408 544 2477 Σέξτῳ
556 2409 742 2480 προσέθεντο.
769 2410 818 2459 Dio
889 2412 927 2460 i8.
955 2412 1043 2474 Lonpc
1057 2411 1209 2476 --mttitinJ
1227 2411 1377 2474 quindecim
1476 2395 1477 2408 ἶ

295 2493 370 2540 Cass.
391 2487 446 2537 Lib.
466 2485 507 2536 ii.
527 2487 593 2534 extr.
856 2486 968 2538 fortasse
986 2499 1130 2547 annorum,
1150 2485 1289 2538 'ato-724.

329 2564 368 2612 id.
389 2563 428 2612 io.
453 2559 593 2624 inteunn]
615 2561 693 2622 iunge
711 2560 818 2608 etcum
888 2561 929 2610 49.
970 2561 1085 2625 Depone]
1114 2561 1275 2624 uresupina,
1303 2561 1378 2612 recli-

295 2652 319 2686 v.
338 2637 467 2686 resorbens
483 2637 510 2684 et
527 2647 589 2684 cum
606 2648 631 2684 v.
650 2635 714 2684 tulit.
730 2661 758 2669 -
775 2646 818 2684 re·
856 2649 916 2686 na.»
935 2637 1026 2685 senos.
1048 2660 1076 2671 -
1094 2636 1172 2686 auru
1188 2635 1256 2699 nea]
1282 2635 1376 2696 Quodsi

294 2712 394 2762 sorbens
412 2709 491 2773 Unda]
515 2712 603 2772 Imago
622 2707 702 2759 ducta
718 2722 733 2758 a
750 2721 819 2758 nau·
856 2712 907 2761 hoc
925 2723 1036 2761 carmen
1059 2723 1089 2760 re
1106 2723 1171 2760 vern
1192 2711 1378 2774 scriptumest

295 2787 381 2849 trago,
404 2786 462 2848 qui,
484 2797 544 2834 cum
568 2781 632 2833 inibi
650 2786 738 2833 estut
758 2781 818 2832 litus
856 2787 962 2836 circiter
983 2798 1007 2834 a.
1026 2783 1095 2844 iat,
1118 2786 1172 2834 iam
1193 2785 1280 2849 potuit
1300 2785 1378 2848 signi-

294 2862 417 2924 attingat‚
431 2858 465 2909 ab
477 2857 565 2922 aliquo
576 2857 659 2909 fluctu
668 2858 819 2909 decumano
856 2861 937 2912 ficare
949 2858 1077 2910 Sabinum
1088 2871 1177 2909 suum.
1199 2859 1251 2908 Sed
1262 2860 1302 2910 sic
1314 2871 1378 2922 qno-

294 2948 389 2987 rursus
398 2935 540 2998 corripitur
551 2935 633 2996 atque
643 2934 671 2984 in
682 2932 819 2984 turbidum
856 2949 909 3000 que
927 2932 1004 2984 simul
1020 2933 1125 2982 videtur
1136 2930 1291 2996 symbolum
1302 2932 1378 2984 studii

294 3025 370 3062 mare
398 3011 525 3060 reiicitur.
571 3009 699 3060 Miscetur
728 3009 819 3058 autem
855 3008 967 3074 poetici,
985 3008 1029 3058 cui
1045 3009 1100 3057 iam
1116 3007 1195 3058 unice
1206 3019 1305 3057 vacare
1317 3019 1378 3057 con·

293 3082 329 3139 τὸ
346 3081 447 3156 κύριον
463 3086 490 3134 in
507 3084 597 3134 bettino
611 3097 674 3134 curn
687 3085 764 3147 tropo
774 3081 818 3132 illo
856 3083 978 3134 stituerat
986 3081 1120 3141 Horatius,
1133 3081 1259 3144 idemque
1269 3084 1300 3130 ut
1309 3082 1377 3131 iuvet
1476 3103 1477 3120 ι

296 3159 557 3224 (syracusana
586 3155 666 3222 κῦμα
686 3153 818 3223 paim),
857 3159 975 3209 amicum
997 3157 1116 3208 suaviter
1138 3158 1220 3219 optet.
1264 3156 1304 3206 De
1329 3167 1376 3205 una
1476 3151 1477 3168 ¹

295 3237 321 3285 in
348 3246 402 3297 quo
428 3235 449 3284 si
474 3245 651 3297 perseverare
676 3230 818 3293 voluisset,
856 3233 933 3284 lauru
949 3233 976 3282 in
995 3229 1121 3296 impluvio
1139 3234 1197 3282 sata
1214 3229 1296 3281 nolim
1313 3229 1379 3292 cogi

296 3310 454 3372 usurpasset
470 3321 496 3358 v.
509 3307 617 3370 aliquod
633 3307 821 3357 ottomcriho-
857 3311 928 3366 tare;
955 3308 1042 3369 imago
1066 3305 1208 3370 desumpta
1230 3306 1320 3370 potius
1342 3304 1379 3356 est

295 3393 463 3444 monymum.
478 3380 543 3432 Veli.
557 3383 585 3441 ἲ,
599 3383 643 3430 72:
661 3381 700 3432 Ad
711 3381 737 3431 S.
749 3383 820 3432 amn
855 3382 1022 3433 aviridario.
1059 3381 1165 3444 (Mirum
1187 3381 1334 3451 εἰρωνείαν
1355 3379 1379 3428 io

235 3489 238 3499 ι
292 3457 378 3520 poium
399 3461 422 3506 et
445 3470 458 3506 e
478 3455 609 3506 Brutianis
630 3456 720 3504 contris
742 3461 765 3506 et
786 3469 819 3506 ac
855 3458 897 3509 his
931 3471 973 3506 vv.
1004 3455 1132 3506 odoratus
1160 3457 1203 3506 est
1231 3453 1377 3519 Garganus.

294 3531 370 3580 italio
402 3531 507 3591 aliisque
533 3535 661 3580 terrm
686 3530 817 3592 portibus,
856 3532 933 3596 quasi
976 3531 1068 3582 festive
1112 3531 1214 3582 iocatus
1259 3530 1378 3582 Horatius

295 3619 356 3668 quos
368 3606 496 3667 praesenti
509 3605 623 3667 periculo
638 3605 742 3666 fortuna
760 3606 819 3656 ειιὸ-
855 3608 964 3658 dixerit:
990 3606 1217 3669 «aequiescamus
1234 3618 1284 3656 noa
1301 3603 1378 3656 ambo

294 3681 420 3740 dancrat,
444 3679 580 3741 proscripti
601 3679 765 3742 confluebant.
789 3707 817 3718 -
856 3683 964 3746 fugitivi,
978 3680 1058 3730 ambo
1070 3680 1169 3731 devicti
1180 3679 1315 3743 Philippis¹
1331 3677 1377 3730 sub

294 3755 365 3817 iretis
376 3753 502 3818 αεειιιοείε]
515 3756 591 3804 serto
603 3766 680 3813 casu,
699 3755 820 3813 thuin·
855 3757 981 3817 victrice,
994 3756 1016 3806 si
1029 3755 1079 3806 diis
1090 3753 1193 3820 placet,
1207 3767 1269 3806 men
1279 3753 1377 3806 1auru.·
1476 3779 1477 3788 ε

296 3827 332 3879 til.
347 3829 375 3889 6,
388 3829 416 3890 ἲ,
429 3830 458 3880 6:
478 3829 646 3892 oestufertur.
671 3827 718 3878 Alii
731 3830 819 3880 minus
888 3833 928 3882 2⁴.
944 3829 1073 3894 oblivioso]
1085 3827 1310 3880 «sollicitudinum
1319 3827 1379 3879 obii·

296 3905 370 3954 recte
388 3917 453 3954 casu
471 3905 561 3966 tertio,
579 3905 610 3952 ut
626 3904 672 3956 sit:
693 3904 734 3953 «in
751 3903 819 3954 irete
856 3906 963 3956 irionem
980 3904 1136 3954 afferente.»
1165 3903 1281 3954 Alcaeus
1298 3903 1378 3965 Bergk

295 3981 455 4040 aestuosa»,
475 3979 547 4042 quod
565 3977 655 4030 iocum
673 3979 820 4031 nonhabet
856 3993 883 4043 p.
903 3979 966 4029 58¹:
994 3975 1080 4030 Οἶνον
1105 3973 1161 4048 γὰρ
1183 3977 1311 4044 Σεμέλας
1333 3975 1376 4028 κν)

295 4057 406 4118 propter
423 4067 465 4104 vv.
485 4055 511 4103 in
528 4054 624 4104 acuon.
856 4049 926 4116 Διὸς
938 4047 1001 4116 υἷος
1012 4051 1170 4105 Minoida
1177 4047 1377 4124 'aivdpdnowtr

328 4129 368 4178 ii.
395 4128 477 4193 Erpa]
502 4130 642 4192 «quoniam
665 4128 707 4178 dis
728 4130 820 4193 patriis
856 4123 946 4180 ἔδωκ’·
968 4123 1049 4194 ’ἔγχεε
1066 4129 1176 4200 κέρναις
1194 4121 1245 4178 ἕνα
1262 4123 1377 4179 καὶδύο

296 4204 442 4254 redonatus
459 4217 515 4254 es.»
539 4231 567 4241 -
585 4203 733 4268 oblipatam]
752 4205 820 4254 nsa-
856 4201 975 4266 Πλεὶαις
992 4219 1048 4254 nan
1065 4200 1210 4266 κεφάλας,
1229 4197 1249 4252 ἁ
1266 4197 1290 4253 δ’
1302 4203 1378 4271 ἑτέρα

296 4292 373 4330 cmm
399 4278 440 4329 iac
463 4291 526 4328 cunr
549 4277 647 4342 epulis,
675 4277 748 4343 quod
771 4291 820 4329 vo·
857 4275 910 4330 τὰν
927 4279 1025 4349 ἑτέραν
1047 4275 1129 4343 κύλιξ
1143 4273 1269 4344 Ώθήτω·
1290 4305 1317 4314 -
1336 4290 1378 4326 ea-
