2998 4980
465 441 524 492 LlB.
544 442 562 490 Ι.
603 441 632 492 C.
652 441 738 492 llVlll.

94 600 193 666 Siccis
215 598 323 664 omnia
343 617 418 663 nam
439 595 521 662 dura
542 596 625 664 deus
647 595 830 685 proposuit,
857 617 963 682 neque

94 721 260 788 llordaces
283 719 374 786 aliter
397 717 566 806 diffugiunt
588 715 829 784 sollicitudines.

88 881 172 958 Quis
194 888 268 966 post
281 878 355 944 vina
369 897 501 964 gravem
515 874 659 942 militiam
674 885 730 942 aut
742 877 933 964 pauperiem
948 878 1082 964 crepat?
1155 881 1175 942 5

94 1000 172 1080 Quis
188 1021 252 1066 non
265 1009 296 1066 te
313 999 429 1086 potius,
445 997 571 1065 Bacche
585 1007 686 1086 pater,
702 1006 810 1085 teque,
827 997 948 1064 decens
963 999 1095 1064 Venus?

94 1125 141 1198 At,
165 1143 209 1188 ne
231 1121 305 1209 quis
327 1120 446 1188 modici
467 1118 623 1187 transiliat
644 1139 780 1185 munera
799 1119 923 1196 Liberi,

155 1313 182 1360 s.
202 1311 316 1372 impar
331 1308 366 1359 cu
386 1312 414 1359 et
428 1321 470 1372 pr.
488 1307 517 1368 n,
536 1309 600 1358 item
616 1303 651 1373 ys
667 1309 736 1358 teste
754 1308 860 1358 mmnn.
879 1309 910 1358 n.
930 1309 960 1368 o.
980 1307 1010 1358 n.
1028 1322 1055 1373 p.
1074 1309 1105 1358 sc
1117 1311 1145 1360 et
1200 1296 1202 1300 '

123 1386 163 1435 56.
193 1384 312 1448 (increpat
335 1382 436 1445 Aldus.)
461 1409 489 1418 -
516 1383 540 1432 i.
565 1385 600 1433 Ac
624 1378 802 1449 Βὴὸἀβγμξ,
830 1381 915 1433 Bentl.
941 1385 969 1432 st
992 1384 1020 1442 J;
1045 1383 1095 1433 Aut
1115 1385 1143 1433 T.

124 1459 165 1522 (m
181 1461 249 1510 rou.
266 1457 290 1520 t,
304 1459 344 1519 n,
363 1457 415 1521 m.)

96 1617 164 1680 quod
191 1616 320 1681 oppidum
345 1614 453 1667 Catillus
473 1615 616 1666 condidit.»
654 1615 695 1665 vis
718 1627 772 1664 non
792 1627 903 1678 prorsus
927 1615 1054 1668 hebetem
1074 1617 1179 1680 ingenio

98 1693 143 1742 Clr.
181 1691 277 1754 lieynii
306 1692 453 1742 linem-sum
480 1691 545 1740 v111.
573 1690 616 1740 ad.
654 1687 723 1740 illico
749 1689 861 1752 edocet,
888 1691 938 1740 etsi
963 1691 989 1740 in
1008 1691 1049 1741 bis
1070 1704 1179 1755 quoque

99 1771 156 1816 len.
176 1767 231 1816 Vll.
247 1793 276 1802 -
293 1764 341 1816 niti
358 1765 520 1828 distinguere
537 1764 620 1815 male-
655 1763 773 1814 nonnulli
795 1765 862 1815 mire
887 1766 971 1815 tricati
990 1768 1067 1827 sunt,
1093 1767 1128 1816 ita
1151 1769 1182 1816 ut

98 1841 170 1902 bant,
189 1842 233 1901 ut,
252 1853 315 1891 cum
331 1840 438 1890 Servius
455 1839 490 1888 ad
506 1841 572 1889 Aen.
592 1840 616 1888 7.
656 1837 838 1902 suppleverint
857 1841 949 1890 etiam:
976 1840 1091 1904 «quodsi
1112 1842 1181 1892 vites

97 1916 148 1965 trs.
174 1920 284 1964 maten
311 1914 394 1964 Catilii
422 1911 509 1978 [iacto
533 1910 618 1978 Tibur]
655 1927 709 1964 non
724 1912 837 1978 plantas,
854 1913 1183 1979 hauddiliugiunisollici-

98 1993 243 2051 memoret,
265 1991 287 2040 is
302 1990 345 2038 hic
361 2001 469 2052 quoque
486 1988 619 2050 signitica-
656 1987 791 2038 tudinesm

98 2068 182 2126 retur,
207 2064 256 2116 sed
282 2065 334 2114 hoc
358 2067 431 2114 vetat
455 2077 481 2112 v.
508 2064 616 2113 moenio.

98 2142 123 2190 ln
139 2139 243 2190 Tiburis
261 2140 340 2202 igitm
355 2137 412 2189 solo
424 2137 500 2188 fertili
513 2141 540 2186 et
550 2137 620 2187 aeris

98 2215 224 2278 temperie
258 2215 333 2277 grato
361 2212 472 2264 fundum
503 2212 621 2262 babebat

98 2290 188 2340 Varus.
223 2289 286 2339 Eius
300 2286 377 2338 villas
393 2287 537 2351 parietinas
557 2299 621 2350 rep-

98 2368 198 2426 perisse
212 2363 265 2415 sibi
281 2363 355 2413 visus
371 2365 413 2412 est
424 2362 475 2410 Fea
486 2374 571 2425 prope
581 2360 622 2409 Ti-

98 2437 146 2488 bur
169 2439 196 2488 in
216 2439 325 2501 regione
345 2449 360 2486 a
378 2437 510 2498 Quinctilio
526 2437 622 2486 etiam-

98 2527 165 2564 nunc
190 2527 290 2564 nomen
315 2513 475 2576 Qadntiptmtc
500 2513 618 2574 gerente.

689 2101 713 2149 s.
733 2101 757 2150 6.
775 2101 870 2166 crepat]
883 2108 1017 2169 παταγεῖ,
1036 2104 1103 2154 utin
1118 2117 1183 2168 pro·

656 2174 751 2224 verbio
771 2175 843 2238 apud
860 2176 923 2227 Plat.
943 2177 1058 2240 Euthyd.
1076 2189 1103 2241 p.
1122 2177 1180 2228 293.

656 2249 688 2298 D.
707 2244 782 2298 καλὰ
798 2245 834 2314 δὴ
852 2257 998 2318 παταγεῖς.
1026 2253 1091 2316 Ερρ.
1113 2252 1137 2312 4,
1156 2252 1181 2314 7,

656 2322 701 2373 si:
718 2324 803 2374 cincto
818 2331 904 2388 crepet
918 2339 998 2376 mmo.
1020 2326 1099 2386 «Quis
1112 2324 1184 2376 bene

656 2401 736 2462 potus
760 2397 867 2450 militiae
888 2404 933 2451 aut
955 2401 1117 2466 paupertatis
1141 2402 1184 2451 in-

658 2474 800 2524 commoda
818 2476 844 2524 in
862 2488 909 2525 ore
924 2475 1007 2526 babet
1017 2489 1048 2527 ac
1059 2479 1184 2540 propter-

658 2561 689 2598 ea
714 2549 866 2610 queritur‘l·
891 2551 926 2600 Er
944 2564 970 2600 v.
989 2553 1079 2600 autem
1098 2555 1185 2613 crepat

128 2625 150 2675 3.
178 2625 263 2688 Sicco]
277 2624 382 2684 sobriis,
400 2623 546 2674 abstemiis.
566 2623 621 2672 Eti-
658 2621 693 2672 ad
723 2635 781 2686 seq.
809 2636 881 2674 vers.
911 2627 997 2688 quivis
1025 2626 1183 2688 cogitatione

99 2712 139 2750 em
158 2700 230 2764 apud
253 2701 307 2751 Cic.
331 2699 412 2749 Acad.
431 2700 462 2760 2,
486 2699 527 2748 27.
552 2699 623 2746 oino-
658 2695 806 2761 supplebit:
832 2699 985 2750 «Bacchum
1008 2703 1035 2751 ei
1061 2702 1185 2750 decentem

100 2775 166 2824 tentis
185 2775 317 2838 (madidis,
336 2773 460 2834 humidis)
484 2785 623 2836 opponun-
659 2772 840 2844 (χαρίεσσαν,
871 2775 1021 2838 amabilem)
1050 2776 1184 2827 Venerem

101 2851 139 2900 tur
153 2851 220 2900 sicci.
237 2878 264 2887 -
278 2849 352 2913 dura]
370 2846 565 2899 Mitscherlichii
578 2861 623 2898 ex·
658 2849 685 2898 in
702 2862 749 2898 cre
766 2849 848 2900 babet
870 2852 951 2913 atque
968 2849 1082 2901 assiduis
1098 2849 1184 2900 laudi-

102 2923 265 2986 plicationem
298 2924 474 2988 «gravissima
498 2935 621 2986 quaeque
659 2923 711 2974 bus
724 2923 887 2988 praedicat.»

102 2999 227 3050 humanae
239 3001 309 3048 vitae
322 2997 405 3048 molan
418 2996 516 3061 probat
526 2996 624 3047 Dillen-

103 3073 197 3138 burger
217 3075 243 3124 ln
254 3073 360 3136 lacurn
375 3073 420 3135 fiir
430 3071 532 3121 Alterd.
548 3071 620 3122 ⁴838.

102 3161 125 3211 p.
147 3147 218 3199 teto.
254 3147 385 3211 Equidem
405 3145 511 3197 malim:
537 3147 622 3196 «deus

103 3224 198 3285 omnia,
222 3237 292 3288 quae
309 3223 371 3272 sicci
387 3221 530 3285 incipiunt,
556 3234 623 3284 ope-

103 3311 167 3356 rosa,
178 3300 287 3362 ingrata,
298 3297 376 3348 nimis
386 3294 499 3346 dillicilia
507 3295 622 3346 reddere

103 3370 179 3434 solet,
198 3375 279 3424 etiarn
295 3386 336 3434 ea,
363 3384 431 3435 quae
445 3383 495 3435 per
512 3385 540 3421 se
562 3369 622 3422 talia

104 3459 152 3497 non
167 3450 253 3498 sunt.»
289 3446 345 3510 (cd.
362 3446 386 3508 3,
404 3446 445 3506 it,
464 3445 506 3494 ts:
528 3447 561 3495 Tu
574 3447 622 3509 (vi-

106 3523 170 3582 num)
187 3523 240 3573 lene
256 3527 406 3572 tercentum
420 3521 520 3584 inpcnio
536 3523 623 3572 edmo-
659 3560 682 3621 4,
703 3560 742 3610 ⁴3.
779 3560 803 3620 4,
823 3559 924 3621 49¹3&
953 3559 1182 3623 Epp'wstog·

103 3597 291 3660 mm
306 3597 392 3660 dm)
657 3634 732 3684 ovid.
752 3635 827 3684 Rem.
848 3634 906 3684 Am.
927 3633 988 3684 tes:
1012 3635 1047 3684 Ac
1066 3647 1098 3683 ne
1118 3635 1184 3698 forts

134 3707 156 3759 i.
180 3709 319 3772 Mordacss]
337 3705 507 3774 δακέθυμοι,
526 3707 621 3774 dopo-
653 3715 727 3772 putas
750 3723 818 3758 noca
841 3721 880 3758 ms
904 3708 947 3758 titt
969 3711 1074 3759 cocdm
1101 3709 1182 3774 iure.)

104 3780 183 3854 tidpot
196 3781 364 3850 μελεδῶνες,
382 3797 451 3848 quae
463 3786 491 3834 et
502 3785 619 3835 animum
656 3787 735 3849 parti.
763 3797 794 3833 oc
818 3797 849 3832 ne
875 3796 960 3834 novas
985 3784 1182 3847 propositiones

106 3859 194 3910 rodunt
210 3862 237 3910 et
250 3873 348 3924 corpus
366 3861 493 3920 enecant,
511 3861 541 3908 ut
555 3861 621 3909 Pan·
657 3859 782 3924 copulent
805 3871 867 3908 cum
886 3858 1030 3922 praecedd.
1050 3859 1106 3910 sine
1129 3857 1182 3908 ulla

107 3929 141 3984 lus
162 3934 204 3984 Sil.
223 3935 301 3985 Anih.
328 3933 381 3984 Pal.
407 3936 426 3985 l.
451 3934 512 3983 ⁴65:
538 3933 620 3998 ἐμεῖο
657 3935 832 3999 oppositione.
859 3959 886 3968 -·
918 3934 1017 3998 nsodici]
1046 3933 1180 3984 «modurn

105 3999 180 4068 ἅψεα
211 4005 350 4080 γηράσκει
380 4005 511 4078 φροντίδι
538 4023 620 4074 γυιο-
656 4010 782 4068 amantis,
808 4008 987 4069 verecundi»,
1014 4011 1044 4058 ut
1069 4009 1181 4059 vocatur

103 4078 184 4152 βόρῳ.
208 4083 618 4146 contemnendarum.
656 4083 704 4133 0d.
725 4082 850 4146 t,ar,3.
886 4082 939 4132 Cir.
967 4082 1136 4134 iiandTurs.
1158 4083 1177 4131 1.

103 4156 168 4220 virg.
183 4161 247 4208 Aen.
267 4161 291 4220 t,
306 4159 368 4208 act:
392 4159 493 4220 mundo
514 4159 575 4207 baec
597 4163 620 4208 ts
656 4169 682 4220 p.
701 4156 758 4208 486.
780 4184 807 4193 -
823 4157 959 4222 ιτααείὶὶαι]
981 4157 1116 4208 «addicti
1136 4169 1179 4205 ce-

104 4241 163 4280 cure
175 4235 306 4282 mordet.
322 4259 349 4268 —-
367 4231 449 4295 atter]
468 4232 534 4282 «nisi
546 4232 618 4297 large
655 4231 722 4283 dens
747 4245 855 4283 omnem
879 4233 906 4284 in
927 4231 1044 4283 bibendo
1067 4229 1179 4282 excedat

107 4301 193 4355 hausto
209 4308 305 4367 vino,»
322 4309 351 4356 ut
367 4309 434 4358 ratio
448 4307 505 4370 ipsa
521 4320 619 4370 quem-
655 4306 791 4358 modum.-

692 3035 716 3084 7.
735 3036 767 3084 At
781 3036 820 3099 ne]
839 3037 1061 3086 Commemoratis
1073 3037 1185 3100 potatio-

659 3111 699 3160 nis
724 3110 873 3160 commodis
890 3112 1031 3160 transituro
1051 3111 1085 3160 ad
1102 3124 1186 3175 oppo-

659 3183 747 3233 nenda
770 3184 811 3234 bis
836 3183 918 3244 mala,
942 3196 1010 3246 quae
1031 3199 1063 3234 ex
1084 3199 1132 3247 ea,
1161 3187 1183 3236 si

660 3271 745 3320 usque
772 3258 806 3308 ad
835 3257 1016 3310 temulentiam
1045 3259 1184 3322 progredi-

660 3345 732 3394 mur,
755 3334 817 3382 oriri
834 3331 932 3392 solent,
955 3334 1106 3384 necessaria
1127 3335 1184 3384 erat

658 3407 786 3472 particule
813 3408 989 3458 adversativa.
1031 3409 1129 3459 Contra
1157 3411 1183 3460 in

659 3483 787 3548 exemplis
803 3498 819 3534 a
833 3481 952 3534 Bentleio
968 3482 1050 3534 allatis
1067 3485 1140 3548 (Epp.
1158 3487 1182 3546 t,
