3078 4978
567 465 667 516 LIBER.
705 465 802 518 cinit
822 466 851 515 V.

378 620 478 687 Petita
502 619 587 688 ierro
609 618 733 688 belua?

333 741 371 807 Ut
393 740 473 808 haec
494 741 640 808 trementi
664 751 800 828 questus
823 761 880 809 ore
902 743 1043 810 constitit

376 863 557 951 Insignibus
580 863 679 950 raptis
701 881 797 949 puer,

332 983 466 1071 impube
488 1003 621 1071 corpus,
646 982 743 1071 quale
765 994 877 1072 posset
898 985 995 1073 impia

375 1103 496 1172 Mollire
519 1103 677 1172 lirracum
698 1114 845 1192 pectora,

331 1224 481 1302 Canidia,
505 1225 660 1292 brevibus
682 1225 842 1314 implicata
864 1225 985 1314 viperis
1207 1229 1247 1293 1¹5

373 1347 487 1415 Crines
510 1357 542 1414 et
564 1347 760 1434 incomptum
783 1359 894 1435 caput,

332 1467 424 1536 iubet
445 1466 603 1555 sepulcris
626 1467 796 1554 caprificos
818 1477 946 1544 erutas,

227 1649 266 1698 it.
293 1652 411 1698 tremene
431 1646 515 1698 Beati.
547 1647 586 1710 (ct
603 1659 664 1708 nos,
694 1647 777 1697 nostri
794 1649 822 1697 et
839 1647 954 1698 Pottierii
971 1649 1085 1710 omnes.)
1114 1671 1141 1684 —
1173 1651 1211 1699 43.

187 1723 280 1786 posset]
295 1723 356 1772 solet
373 1722 402 1773 ii.
423 1748 451 1759 -
470 1722 510 1771 45.
529 1721 629 1786 itiipotc
643 1722 681 1772 RS
699 1721 760 1784 (non
777 1720 852 1784 hed).

158 1883 228 1935 quaa
241 1870 310 1920 tueri
328 1871 408 1934 atqua
426 1866 603 1920 inviolabilem
621 1869 685 1919 red·
756 1869 843 1921 tt-ts.
867 1869 989 1936 brevibus]
1007 1871 1107 1922 Eodem
1124 1871 1246 1940 ἐπιθέτῳ

158 1944 224 1995 dero
247 1943 365 1994 debebat
386 1956 501 2008 puerum
524 1943 682 1994 Romanum.
722 1945 805 1995 utitur
820 1944 895 1996 Ouid.
914 1948 944 1996 i.
957 1948 987 1996 Α.
1002 1947 1031 2008 2,
1051 1946 1112 1997 376:
1130 1947 1246 2000 Nochae-

158 2017 264 2080 Quintii.
282 2016 356 2069 Deci.
369 2018 429 2069 34οτ
447 2018 502 2082 Epo
517 2017 586 2068 vobis
602 2017 685 2083 carpo
720 2021 759 2070 cir
790 2021 882 2084 iprtnro
907 2021 996 2084 uipera
1026 2022 1095 2072 locro
1116 2024 1190 2084 perte,
1219 2024 1245 2073 id

157 2094 328 2156 ettcmipnan
346 2093 407 2142 tund
423 2105 524 2142 rocmrn
533 2097 685 2155 mateola-
722 2097 780 2157 ost,
810 2095 892 2145 mair
918 2095 1039 2159 quidem,
1073 2109 1169 2159 parva,
1196 2097 1245 2148 sed

156 2182 228 2229 rum,
256 2181 305 2231 prro
326 2169 465 2219 moerentes
480 2169 608 2230 somnior,
635 2181 684 2230 otro
722 2169 1129 2234 eademcrnoactaetpertisorn,
1148 2183 1246 2234 quern-

156 2244 334 2306 mcpirtrctrm·
360 2256 408 2304 qno
430 2243 601 2307 infimitates
618 2255 683 2303 prte-
721 2243 868 2294 admodum
895 2257 955 2294 eam
983 2247 1062 2295 vocat
1089 2245 1182 2294 Orator
1211 2245 1244 2296 de

156 2318 233 2368 ritino
259 2331 360 2368 surram
387 2318 495 2380 sammua
508 2330 553 2366 .ce
576 2327 684 2366 aaron·
721 2319 834 2381 iiarusp.
854 2330 925 2381 resp.
943 2317 984 2368 ti.
1006 2345 1033 2356 -
1059 2320 1189 2381 inpiirctc
1205 2321 1245 2370 oi-

157 2391 238 2443 titan
260 2417 289 2430 ·-
307 2393 386 2444 innoc
401 2395 505 2452 autem,
532 2393 683 2455 «qualemn
716 2393 786 2456 peria
803 2392 897 2455 Crines]
926 2394 1008 2443 instar
1033 2394 1185 2456 Furiarum,
1215 2399 1245 2445 ut

157 2479 202 2518 me
231 2479 285 2517 nou
316 2469 441 2517 tutatur.»
470 2493 499 2503 -
525 2465 683 2528 improbata-
721 2468 770 2518 has
795 2479 887 2530 magas
912 2469 991 2517 vocat
1014 2468 1067 2518 Sat.
1096 2471 1123 2530 4,
1151 2469 1179 2530 8,
1202 2470 1243 2521 tn.

155 2540 230 2604 nan]
262 2539 415 2592 hioiiissimo
447 2539 532 2591 verbo
560 2538 682 2591 consulto
720 2543 762 2592 Sic
786 2542 910 2593 Erichtho
937 2541 979 2593 ilia
1005 2543 1103 2594 Lucani
1129 2545 1157 2606 ii,
1183 2545 1242 2595 cet:

156 2615 239 2665 utitur
260 2617 435 2678 experturus,
461 2628 495 2665 an
517 2627 597 2679 sagae
615 2615 682 2665 istae
719 2616 835 2666 Discolor
866 2621 890 2667 ot
920 2617 994 2666 corio
1028 2619 1132 2680 functis
1165 2621 1246 2668 cuttm

157 2688 339 2739 misericordia
368 2689 438 2751 tangi
467 2691 584 2752 queant,
614 2702 679 2753 pro:
724 2691 819 2740 maiolo
842 2691 959 2741 induitur
981 2693 1110 2754 nouosque
1130 2695 1246 2754 operitur

157 2763 381 2824 «vindicaturum,
400 2764 582 2828 puniturum·
596 2789 625 2799 -
638 2778 683 2814 no·
718 2765 787 2814 crine
803 2771 898 2815 remoto
914 2767 947 2814 Et
967 2778 1040 2815 corno
1060 2767 1166 2829 vipereis
1189 2761 1246 2816 snb·

155 2838 248 2902 carco]
276 2840 378 2888 &neca
407 2839 529 2901 Excerpt.
554 2838 679 2887 Controv.
718 2839 852 2901 striopitnr
867 2839 974 2887 bor-titio
989 2840 1069 2888 sertio.
1091 2865 1119 2876 -
1141 2840 1245 2890 liemo-

156 2911 186 2973 4,
205 2913 234 2962 6:
262 2913 308 2962 iiic
333 2917 390 2961 turn
415 2917 463 2962 ert:
490 2912 550 2973 qnid
574 2911 682 2961 uitem
720 2910 810 2961 rabilis
827 2913 951 2962 saneest
972 2910 1052 2962 lectio
1073 2913 1112 2963 BS
1129 2913 1242 2976 illiceto,

155 2983 679 3036 oocmcciiturodiiriotueririiacinn.
719 2998 800 3049 quam
828 2999 916 3049 neque
951 2988 1084 3037 Gesnerns
1115 2999 1165 3036 nee
1193 2989 1244 3038 Fen

156 3061 242 3120 im:
263 3061 377 3110 coniunx
388 3059 562 3110 nouercalibus
572 3059 635 3108 oritis
645 3059 683 3108 vi-
719 3061 864 3120 memorat,
888 3071 976 3122 neque
994 3060 1019 3110 in
1038 3060 1093 3111 sais
1115 3070 1244 3124 reppere-

158 3148 221 3184 auro
244 3135 420 3184 Britannicam
443 3139 466 3184 et
486 3134 624 3184 Octauiam.
650 3159 679 3170 -
717 3136 780 3184 runt
807 3132 947 3184 Oberiinus
969 3135 996 3184 et
1021 3134 1169 3184 Pottierius.
1199 3135 1245 3185 Est

154 3208 242 3272 Petito]
267 3209 335 3258 uiam
353 3208 405 3258 telo
423 3209 538 3269 confixa,
563 3209 680 3259 saucia.»
718 3211 809 3260 tumen
831 3204 943 3270 egloss
970 3233 998 3243 -
1021 3208 1168 3271 caprificos]
1192 3211 1244 3258 Ca-

188 3284 215 3332 ti
228 3282 294 3333 -tt.
323 3283 462 3346 inconibus
486 3281 574 3345 raptis]
601 3294 681 3346 prae·
717 3282 828 3348 prifleus
850 3283 924 3332 nasci
949 3280 1018 3332 solet
1042 3282 1244 3332 interserant

155 3359 225 3408 texta
243 3360 271 3407 et
290 3355 375 3417 bulla,
401 3355 435 3406 da
454 3369 507 3420 qua
529 3357 583 3406 Cic.
603 3357 678 3405 verr.
718 3370 819 3408 muros.
838 3358 929 3407 iuven.
943 3357 987 3417 40,
1007 3356 1068 3407 443;
1088 3355 1170 3405 madir
1187 3355 1245 3406 tito·

154 3436 250 3483 Aecus.
276 3432 307 3492 4,
335 3432 384 3482 58:
415 3432 486 3493 (iord
505 3435 681 3481 orncmnrtom
717 3432 784 3494 iique
803 3431 894 3493 συρίἀο
915 3431 1022 3481 Horatii
1043 3430 1116 3478 amir
1132 3430 1244 3480 niumm

151 3505 277 3568 pueritiae
306 3511 383 3568 poter
409 3505 527 3567 dedant,
561 3505 681 3554 indicium
717 3505 870 3566 custodibus,
890 3505 924 3554 cti
941 3517 1006 3566 quoa
1021 3504 1184 3554 Discutiendae
1193 3518 1244 3554 ca-

154 3586 231 3642 ctqoa
254 3579 351 3644 insipat
373 3579 498 3644 [minace.
526 3603 556 3615 -
579 3578 681 3641 iinpnbo
717 3582 767 3630 iant
782 3581 873 3630 eteritis
888 3578 959 3629 molo
974 3577 1069 3628 roboro
1082 3579 1153 3641 floro.
1175 3579 1245 3629 liar·

154 3654 253 3720 corpote]
266 3654 313 3704 Est
323 3653 453 3718 appositio
464 3665 579 3717 upon:
601 3666 679 3704 rcum
717 3653 768 3704 tiai.
788 3653 832 3714 40,
851 3655 879 3713 h,
903 3653 931 3702 9:
958 3653 1096 3704 licrotora
1114 3653 1236 3703 Manciae

154 3728 242 3780 nudus
259 3729 450 3780 destitueretur
465 3742 480 3778 a
498 3729 582 3792 sagis,
602 3741 680 3778 eum·
715 3729 786 3793 findit
802 3728 944 3791 caprificus.
972 3727 1003 3777 ii.
1022 3724 1039 3776 l.
1058 3726 1176 3792 caprifici
1193 3739 1242 3778 na-

153 3817 207 3867 que
230 3803 348 3854 nondum
370 3802 404 3853 ad
426 3803 596 3868 pubertatem
615 3815 680 3867 per-
717 3804 759 3852 tae
776 3803 802 3852 in
814 3800 1019 3865 sepulchrorum
1035 3801 1182 3865 parietibus
1193 3803 1244 3852 im-

152 3879 260 3928 venisse
292 3880 434 3941 appareret
463 3877 520 3942 (qui
554 3879 679 3942 aspectus
716 3877 808 3941 primis
821 3875 943 3926 efficaces
956 3878 1018 3928 sunt
1034 3874 1069 3925 ad
1085 3875 1243 3926 incantatio-

152 3950 255 4001 moiiire
285 3953 377 4015 posset
409 3950 541 4002 immanes
571 3963 678 4015 quoque
716 3963 776 4012 nes,
812 3963 879 4015 quas
911 3951 1055 4014 praeparat
1087 3961 1159 4012 saga.
1200 3949 1242 3998 Sic

153 4023 306 4087 barbaros),
326 4024 435 4076 Canidia
447 4027 515 4074 cat.»
533 4025 617 4075 Nemo
629 4037 678 4088 pro
716 4025 827 4074 Theocr.
836 4025 860 4085 5,
872 4025 915 4074 ihi
927 4037 932 4073 :
946 4021 1068 4085 Σκίλλας
1080 4017 1131 4071 icio
1140 4023 1242 4092 γραίας

153 4099 227 4150 certo
249 4111 320 4149 nunc
342 4109 394 4148 non
413 4101 540 4161 agnoscet
560 4099 678 4163 protosin
716 4091 776 4148 ἀπὸ
797 4095 929 4164 σάματος
945 4092 1051 4149 αὐτίκα
1067 4094 1182 4158 viliora.
1211 4124 1239 4131 —

153 4187 214 4225 esse
238 4174 268 4222 cr
292 4173 403 4224 horon
416 4173 538 4223 itrccom
558 4179 676 4236 pectora,
715 4172 815 4237 annor]
835 4172 936 4224 «multo
960 4185 1023 4223 cum
1044 4168 1136 4220 labore
1160 4169 1241 4220 elios-

153 4246 283 4311 apodosin
304 4249 393 4298 autem
412 4247 520 4298 Canidia
534 4251 601 4308 cet,
625 4261 676 4312 qna
715 4259 760 4298 sas
781 4260 813 4297 er
836 4244 980 4310 lapidibus,
1008 4243 1106 4307 quibus
1129 4242 1241 4293 tirmiter
1265 4251 1267 4258 ’

153 4321 187 4371 dc
205 4334 233 4370 ra
252 4320 315 4372 oiim
333 4321 514 4388 ambigebant.
715 4320 898 4371 retinebantur
925 4331 1019 4368 earum
1046 4316 1180 4368 radices.»
1212 4344 1238 4353 -
