<?xml version="1.0" encoding="UTF-8"?>
<!DOCTYPE html PUBLIC "-//W3C//DTD XHTML 1.0 Transitional//EN"
    "http://www.w3.org/TR/xhtml1/DTD/xhtml1-transitional.dtd">
<html xmlns="http://www.w3.org/1999/xhtml" xml:lang="en" lang="en">
 <head>
  <title>
</title>
<meta http-equiv="Content-Type" content="text/html;charset=utf-8" />
  <meta name='ocr-system' content='tesseract 3.04.00' />
  <meta name='ocr-capabilities' content='ocr_page ocr_carea ocr_par ocr_line ocrx_word'/>
</head>
<body>
  <div class='ocr_page' id='page_1' title='image "./qhoratiusflaccu02baitgoog/qhoratiusflaccu02baitgoog_0765.png"; bbox 0 0 3078 4978; ppageno 0'>
   <div class='ocr_carea' id='block_1_1' title="bbox 289 422 973 486">
    <p class='ocr_par' dir='ltr' id='par_1_1' title="bbox 289 422 973 486">
     <span class='ocr_line' id='line_1_1' title="bbox 289 422 973 486; baseline -0.019 0"><span class='ocrx_word' id='word_1_1' title='bbox 289 423 351 486; x_wconf 86' lang='lat'><strong>730</strong></span> <span class='ocrx_word' id='word_1_2' title='bbox 626 475 629 481; x_wconf 85' lang='grc'><strong>,</strong></span> <span class='ocrx_word' id='word_1_3' title='bbox 700 423 828 474; x_wconf 80' lang='lat' dir='ltr'><strong>nomm</strong></span> <span class='ocrx_word' id='word_1_4' title='bbox 845 422 973 475; x_wconf 78' lang='lat' dir='ltr'><strong>cronon</strong></span> 
     </span>
    </p>
   </div>
   <div class='ocr_carea' id='block_1_2' title="bbox 328 578 1375 1397">
    <p class='ocr_par' dir='ltr' id='par_1_2' title="bbox 373 578 940 656">
     <span class='ocr_line' id='line_1_2' title="bbox 373 578 940 656; baseline 0.004 -11"><span class='ocrx_word' id='word_1_5' title='bbox 373 579 578 646; x_wconf 73' lang='lat' dir='ltr'><strong>adulteretur</strong></span> <span class='ocrx_word' id='word_1_6' title='bbox 600 589 632 645; x_wconf 91' lang='lat' dir='ltr'><strong>et</strong></span> <span class='ocrx_word' id='word_1_7' title='bbox 653 578 803 646; x_wconf 89' lang='lat' dir='ltr'><strong>columba</strong></span> <span class='ocrx_word' id='word_1_8' title='bbox 824 579 940 656; x_wconf 89' lang='lat' dir='ltr'><strong>miluc,</strong></span> 
     </span>
    </p>

    <p class='ocr_par' dir='ltr' id='par_1_3' title="bbox 333 700 1141 911">
     <span class='ocr_line' id='line_1_3' title="bbox 333 700 1141 778; baseline -0.001 -10"><span class='ocrx_word' id='word_1_9' title='bbox 333 700 472 768; x_wconf 81' lang='lat' dir='ltr'>Credula</span> <span class='ocrx_word' id='word_1_10' title='bbox 493 721 555 768; x_wconf 89' lang='lat' dir='ltr'><strong>nec</strong></span> <span class='ocrx_word' id='word_1_11' title='bbox 577 721 673 768; x_wconf 91' lang='lat' dir='ltr'><strong>ravos</strong></span> <span class='ocrx_word' id='word_1_12' title='bbox 695 701 827 768; x_wconf 85' lang='lat' dir='ltr'><strong>timeant</strong></span> <span class='ocrx_word' id='word_1_13' title='bbox 848 710 993 768; x_wconf 83' lang='lat' dir='ltr'><strong>armenta</strong></span> <span class='ocrx_word' id='word_1_14' title='bbox 1013 701 1141 778; x_wconf 85' lang='lat' dir='ltr'><strong>leones,</strong></span> 
     </span>
     <span class='ocr_line' id='line_1_4' title="bbox 371 822 1049 911; baseline 0 -23"><span class='ocrx_word' id='word_1_15' title='bbox 371 824 530 910; x_wconf 70' lang='lat' dir='ltr'><strong>timetque</strong></span> <span class='ocrx_word' id='word_1_16' title='bbox 552 822 638 888; x_wconf 89' lang='lat' dir='ltr'><strong>salsa</strong></span> <span class='ocrx_word' id='word_1_17' title='bbox 660 822 741 888; x_wconf 89' lang='lat' dir='ltr'><strong>levis</strong></span> <span class='ocrx_word' id='word_1_18' title='bbox 764 822 873 890; x_wconf 82' lang='lat' dir='ltr'><strong>hircus</strong></span> <span class='ocrx_word' id='word_1_19' title='bbox 895 843 1049 911; x_wconf 90' lang='lat' dir='ltr'><strong>aequora.</strong></span> 
     </span>
    </p>

    <p class='ocr_par' dir='ltr' id='par_1_4' title="bbox 332 943 1375 1144">
     <span class='ocr_line' id='line_1_5' title="bbox 332 943 1375 1032; baseline -0.005 -21"><span class='ocrx_word' id='word_1_20' title='bbox 332 947 433 1022; x_wconf 88' lang='lat' dir='ltr'><strong>llaec,</strong></span> <span class='ocrx_word' id='word_1_21' title='bbox 457 953 490 1011; x_wconf 89' lang='lat' dir='ltr'><strong>et</strong></span> <span class='ocrx_word' id='word_1_22' title='bbox 506 964 591 1032; x_wconf 89' lang='lat' dir='ltr'><strong>quac</strong></span> <span class='ocrx_word' id='word_1_23' title='bbox 605 953 757 1032; x_wconf 87' lang='lat' dir='ltr'><strong>poterunt</strong></span> <span class='ocrx_word' id='word_1_24' title='bbox 771 943 895 1011; x_wconf 88' lang='lat' dir='ltr'><strong>reditus</strong></span> <span class='ocrx_word' id='word_1_25' title='bbox 911 943 1104 1012; x_wconf 84' lang='lat' dir='ltr'><strong>abscindere</strong></span> <span class='ocrx_word' id='word_1_26' title='bbox 1118 943 1249 1020; x_wconf 84' lang='lat' dir='ltr'>dulces,</span> <span class='ocrx_word' id='word_1_27' title='bbox 1336 943 1375 1008; x_wconf 81' lang='lat'><strong>35</strong></span> 
     </span>
     <span class='ocr_line' id='line_1_6' title="bbox 373 1066 958 1144; baseline 0 -12"><span class='ocrx_word' id='word_1_28' title='bbox 373 1066 492 1132; x_wconf 85' lang='lat' dir='ltr'><strong>Eamus</strong></span> <span class='ocrx_word' id='word_1_29' title='bbox 513 1066 618 1132; x_wconf 90' lang='lat' dir='ltr'><strong>omnis</strong></span> <span class='ocrx_word' id='word_1_30' title='bbox 641 1077 809 1133; x_wconf 77' lang='lat' dir='ltr'><strong>exsecrata</strong></span> <span class='ocrx_word' id='word_1_31' title='bbox 830 1066 958 1144; x_wconf 60' lang='lat' dir='ltr'><strong>civitas</strong></span> 
     </span>
    </p>

    <p class='ocr_par' dir='ltr' id='par_1_5' title="bbox 328 1185 1235 1397">
     <span class='ocr_line' id='line_1_7' title="bbox 328 1185 1235 1276; baseline 0 -23"><span class='ocrx_word' id='word_1_32' title='bbox 328 1189 391 1254; x_wconf 81' lang='lat' dir='ltr'><strong>Aut</strong></span> <span class='ocrx_word' id='word_1_33' title='bbox 410 1209 487 1275; x_wconf 88' lang='lat' dir='ltr'><strong>pars</strong></span> <span class='ocrx_word' id='word_1_34' title='bbox 510 1185 638 1254; x_wconf 89' lang='lat' dir='ltr'><strong>indocili</strong></span> <span class='ocrx_word' id='word_1_35' title='bbox 661 1187 777 1256; x_wconf 88' lang='lat' dir='ltr'><strong>melior</strong></span> <span class='ocrx_word' id='word_1_36' title='bbox 797 1209 912 1276; x_wconf 81' lang='lat' dir='ltr'><strong>grege;</strong></span> <span class='ocrx_word' id='word_1_37' title='bbox 935 1187 1041 1254; x_wconf 89' lang='lat' dir='ltr'><strong>mollis</strong></span> <span class='ocrx_word' id='word_1_38' title='bbox 1062 1198 1094 1255; x_wconf 88' lang='lat' dir='ltr'><strong>et</strong></span> <span class='ocrx_word' id='word_1_39' title='bbox 1115 1207 1235 1275; x_wconf 84' lang='lat' dir='ltr'><strong>exspes</strong></span> 
     </span>
     <span class='ocr_line' id='line_1_8' title="bbox 372 1283 962 1397; baseline -0.002 -22"><span class='ocrx_word' id='word_1_40' title='bbox 372 1310 548 1376; x_wconf 89' lang='lat' dir='ltr'><strong>inominata</strong></span> <span class='ocrx_word' id='word_1_41' title='bbox 570 1309 747 1397; x_wconf 78' lang='lat' dir='ltr'><strong>perprimat</strong></span> <span class='ocrx_word' id='word_1_42' title='bbox 767 1308 903 1376; x_wconf 79' lang='lat' dir='ltr'><strong>cubilia!</strong></span> <span class='ocrx_word' id='word_1_43' title='bbox 957 1283 962 1307; x_wconf 55' lang='lat'><strong>⁴</strong></span> 
     </span>
    </p>
   </div>
   <div class='ocr_carea' id='block_1_3' title="bbox 319 1504 1347 1722">
    <p class='ocr_par' dir='ltr' id='par_1_6' title="bbox 319 1504 1347 1722">
     <span class='ocr_line' id='line_1_9' title="bbox 353 1504 1346 1570; baseline 0.002 -13"><span class='ocrx_word' id='word_1_44' title='bbox 353 1508 384 1557; x_wconf 91' lang='lat' dir='ltr'><strong>V.</strong></span> <span class='ocrx_word' id='word_1_45' title='bbox 402 1506 443 1556; x_wconf 88' lang='grc'><strong>34.</strong></span> <span class='ocrx_word' id='word_1_46' title='bbox 462 1506 540 1556; x_wconf 84' lang='lat' dir='ltr'><strong>deest</strong></span> <span class='ocrx_word' id='word_1_47' title='bbox 555 1519 605 1557; x_wconf 92' lang='lat' dir='ltr'><strong>suo</strong></span> <span class='ocrx_word' id='word_1_48' title='bbox 622 1504 682 1556; x_wconf 88' lang='lat' dir='ltr'><strong>loco</strong></span> <span class='ocrx_word' id='word_1_49' title='bbox 699 1508 726 1556; x_wconf 93' lang='lat' dir='ltr'><strong>in</strong></span> <span class='ocrx_word' id='word_1_50' title='bbox 744 1507 765 1556; x_wconf 89' lang='lat' dir='ltr'>B</span> <span class='ocrx_word' id='word_1_51' title='bbox 783 1507 810 1556; x_wconf 88' lang='lat' dir='ltr'><strong>et</strong></span> <span class='ocrx_word' id='word_1_52' title='bbox 826 1505 923 1569; x_wconf 76' lang='lat' dir='ltr'><strong>legitur</strong></span> <span class='ocrx_word' id='word_1_53' title='bbox 941 1509 1002 1570; x_wconf 87' lang='lat' dir='ltr'><strong>post</strong></span> <span class='ocrx_word' id='word_1_54' title='bbox 1020 1521 1046 1557; x_wconf 88' lang='lat' dir='ltr'><strong>v.</strong></span> <span class='ocrx_word' id='word_1_55' title='bbox 1060 1505 1101 1558; x_wconf 84' lang='grc'><strong>39.</strong></span> <span class='ocrx_word' id='word_1_56' title='bbox 1117 1533 1144 1543; x_wconf 90' lang='grc'>-</span> <span class='ocrx_word' id='word_1_57' title='bbox 1163 1505 1204 1557; x_wconf 85' lang='grc'><strong>33.</strong></span> <span class='ocrx_word' id='word_1_58' title='bbox 1223 1509 1346 1570; x_wconf 79' lang='lat' dir='ltr'><strong>rocoslt,</strong></span> 
     </span>
     <span class='ocr_line' id='line_1_10' title="bbox 319 1574 1347 1646; baseline 0.001 -14"><span class='ocrx_word' id='word_1_59' title='bbox 319 1583 445 1646; x_wconf 89' lang='lat' dir='ltr'><strong>quattuor</strong></span> <span class='ocrx_word' id='word_1_60' title='bbox 452 1579 593 1642; x_wconf 84' lang='lat' dir='ltr'><strong>Blandinii,</strong></span> <span class='ocrx_word' id='word_1_61' title='bbox 613 1581 748 1644; x_wconf 78' lang='lat' dir='ltr'><strong>cruquius</strong></span> <span class='ocrx_word' id='word_1_62' title='bbox 759 1579 947 1631; x_wconf 83' lang='lat' dir='ltr'><strong>etBentletus:</strong></span> <span class='ocrx_word' id='word_1_63' title='bbox 965 1583 1047 1645; x_wconf 71' lang='lat' dir='ltr'><strong>stauos</strong></span> <span class='ocrx_word' id='word_1_64' title='bbox 1058 1579 1149 1643; x_wconf 83' lang='lat' dir='ltr'><strong>bSTc,</strong></span> <span class='ocrx_word' id='word_1_65' title='bbox 1169 1574 1274 1632; x_wconf 74' lang='lat' dir='ltr'><strong>«maior</strong></span> <span class='ocrx_word' id='word_1_66' title='bbox 1284 1595 1347 1646; x_wconf 85' lang='lat' dir='ltr'><strong>pars</strong></span> 
     </span>
     <span class='ocr_line' id='line_1_11' title="bbox 322 1655 1313 1722; baseline -0.001 -15"><span class='ocrx_word' id='word_1_67' title='bbox 322 1656 424 1707; x_wconf 82' lang='lat' dir='ltr'><strong>Codd.»</strong></span> <span class='ocrx_word' id='word_1_68' title='bbox 441 1655 569 1718; x_wconf 82' lang='lat' dir='ltr'><strong>Bentleii,</strong></span> <span class='ocrx_word' id='word_1_69' title='bbox 588 1655 671 1716; x_wconf 76' lang='grc'><strong>44444,</strong></span> <span class='ocrx_word' id='word_1_70' title='bbox 689 1668 775 1706; x_wconf 81' lang='lat' dir='ltr'><strong>soecos</strong></span> <span class='ocrx_word' id='word_1_71' title='bbox 791 1671 842 1722; x_wconf 82' lang='lat' dir='ltr'><strong>yv,</strong></span> <span class='ocrx_word' id='word_1_72' title='bbox 860 1655 977 1706; x_wconf 84' lang='lat' dir='ltr'><strong>Pottlerii</strong></span> <span class='ocrx_word' id='word_1_73' title='bbox 993 1657 1101 1716; x_wconf 84' lang='lat' dir='ltr'><strong>tertius,</strong></span> <span class='ocrx_word' id='word_1_74' title='bbox 1118 1655 1201 1720; x_wconf 59' lang='lat' dir='ltr'><strong>mices</strong></span> <span class='ocrx_word' id='word_1_75' title='bbox 1216 1655 1313 1708; x_wconf 70' lang='lat' dir='ltr'><strong>Lamlx</strong></span> 
     </span>
    </p>
   </div>
   <div class='ocr_carea' id='block_1_4' title="bbox 283 1831 1378 3549">
    <p class='ocr_par' dir='ltr' id='par_1_7' title="bbox 283 1831 1378 3549">
     <span class='ocr_line' id='line_1_12' title="bbox 286 1831 1375 1897; baseline -0.002 -13"><span class='ocrx_word' id='word_1_76' title='bbox 286 1834 342 1884; x_wconf 81' lang='lat' dir='ltr'><strong>tulit</strong></span> <span class='ocrx_word' id='word_1_77' title='bbox 358 1834 388 1883; x_wconf 84' lang='lat' dir='ltr'><strong>de</strong></span> <span class='ocrx_word' id='word_1_78' title='bbox 404 1833 525 1897; x_wconf 69' lang='lat' dir='ltr'><strong>sanquine</strong></span> <span class='ocrx_word' id='word_1_79' title='bbox 541 1833 627 1896; x_wconf 80' lang='lat' dir='ltr'><strong>setren.</strong></span> <span class='ocrx_word' id='word_1_80' title='bbox 649 1859 676 1868; x_wconf 91' lang='lat'><em>-</em></span> <span class='ocrx_word' id='word_1_81' title='bbox 694 1831 811 1895; x_wconf 69' lang='grc'><strong>4444444]</strong></span> <span class='ocrx_word' id='word_1_82' title='bbox 849 1845 910 1882; x_wconf 90' lang='lat' dir='ltr'><strong>mae</strong></span> <span class='ocrx_word' id='word_1_83' title='bbox 936 1832 1055 1896; x_wconf 81' lang='lat' dir='ltr'><strong>pigritiae</strong></span> <span class='ocrx_word' id='word_1_84' title='bbox 1082 1833 1153 1882; x_wconf 88' lang='lat' dir='ltr'><strong>notio</strong></span> <span class='ocrx_word' id='word_1_85' title='bbox 1182 1831 1254 1883; x_wconf 89' lang='lat' dir='ltr'><strong>inest</strong></span> <span class='ocrx_word' id='word_1_86' title='bbox 1282 1833 1310 1882; x_wconf 91' lang='lat' dir='ltr'><strong>in</strong></span> <span class='ocrx_word' id='word_1_87' title='bbox 1334 1846 1375 1882; x_wconf 85' lang='lat' dir='ltr'><strong>vv.</strong></span> 
     </span>
     <span class='ocr_line' id='line_1_13' title="bbox 287 1905 1378 1971; baseline -0.004 -11"><span class='ocrx_word' id='word_1_88' title='bbox 287 1918 408 1961; x_wconf 75' lang='lat' dir='ltr'><strong>«summa</strong></span> <span class='ocrx_word' id='word_1_89' title='bbox 426 1909 479 1959; x_wconf 89' lang='lat' dir='ltr'><strong>iam</strong></span> <span class='ocrx_word' id='word_1_90' title='bbox 497 1908 593 1958; x_wconf 89' lang='lat' dir='ltr'><strong>tiducia</strong></span> <span class='ocrx_word' id='word_1_91' title='bbox 609 1907 730 1971; x_wconf 88' lang='lat' dir='ltr'><strong>praedita</strong></span> <span class='ocrx_word' id='word_1_92' title='bbox 747 1920 812 1971; x_wconf 90' lang='lat' dir='ltr'><strong>pro-</strong></span> <span class='ocrx_word' id='word_1_93' title='bbox 845 1907 989 1970; x_wconf 71' lang='lat' dir='ltr'><strong>petprimet</strong></span> <span class='ocrx_word' id='word_1_94' title='bbox 1000 1907 1107 1968; x_wconf 69' lang='lat' dir='ltr'><strong>weitin,</strong></span> <span class='ocrx_word' id='word_1_95' title='bbox 1128 1905 1319 1958; x_wconf 70' lang='lat' dir='ltr'><strong>«somniculosi</strong></span> <span class='ocrx_word' id='word_1_96' title='bbox 1333 1907 1378 1957; x_wconf 87' lang='lat' dir='ltr'><strong>ho-</strong></span> 
     </span>
     <span class='ocr_line' id='line_1_14' title="bbox 285 1981 1377 2049; baseline -0.002 -15"><span class='ocrx_word' id='word_1_97' title='bbox 285 1986 348 2049; x_wconf 87' lang='lat' dir='ltr'><strong>pter</strong></span> <span class='ocrx_word' id='word_1_98' title='bbox 371 1982 480 2034; x_wconf 91' lang='lat' dir='ltr'><strong>leonum</strong></span> <span class='ocrx_word' id='word_1_99' title='bbox 501 1981 762 2034; x_wconf 79' lang='lat' dir='ltr'><strong>mansuetudinem.»</strong></span> <span class='ocrx_word' id='word_1_100' title='bbox 781 2007 809 2018; x_wconf 92' lang='lat'>-</span> <span class='ocrx_word' id='word_1_101' title='bbox 849 1982 935 2032; x_wconf 83' lang='lat' dir='ltr'><strong>mines</strong></span> <span class='ocrx_word' id='word_1_102' title='bbox 960 1982 1091 2045; x_wconf 83' lang='lat' dir='ltr'><strong>perpetuo</strong></span> <span class='ocrx_word' id='word_1_103' title='bbox 1118 1993 1149 2031; x_wconf 83' lang='lat' dir='ltr'><strong>aa</strong></span> <span class='ocrx_word' id='word_1_104' title='bbox 1175 1983 1305 2045; x_wconf 84' lang='lat' dir='ltr'><strong>premant</strong></span> <span class='ocrx_word' id='word_1_105' title='bbox 1330 1981 1377 2032; x_wconf 93' lang='lat' dir='ltr'><strong>do-</strong></span> 
     </span>
     <span class='ocr_line' id='line_1_15' title="bbox 285 2053 1377 2121; baseline -0.001 -14"><span class='ocrx_word' id='word_1_106' title='bbox 285 2059 370 2121; x_wconf 80' lang='lat' dir='ltr'><strong>rccos]</strong></span> <span class='ocrx_word' id='word_1_107' title='bbox 390 2056 488 2108; x_wconf 75' lang='lat' dir='ltr'><strong>«oculis</strong></span> <span class='ocrx_word' id='word_1_108' title='bbox 504 2059 575 2108; x_wconf 85' lang='lat' dir='ltr'><strong>ravis</strong></span> <span class='ocrx_word' id='word_1_109' title='bbox 587 2053 812 2107; x_wconf 85' lang='lat' dir='ltr'><strong>etatrocitertul-</strong></span> <span class='ocrx_word' id='word_1_110' title='bbox 849 2057 939 2120; x_wconf 86' lang='lat' dir='ltr'><strong>mique</strong></span> <span class='ocrx_word' id='word_1_111' title='bbox 957 2055 1125 2106; x_wconf 78' lang='lat' dir='ltr'><strong>desineant.»</strong></span> <span class='ocrx_word' id='word_1_112' title='bbox 1148 2053 1268 2120; x_wconf 83' lang='lat' dir='ltr'><strong>(propria</strong></span> <span class='ocrx_word' id='word_1_113' title='bbox 1286 2057 1377 2106; x_wconf 76' lang='lat' dir='ltr'><strong>durcle-</strong></span> 
     </span>
     <span class='ocr_line' id='line_1_16' title="bbox 287 2128 1376 2195; baseline -0.006 -13"><span class='ocrx_word' id='word_1_114' title='bbox 287 2132 436 2195; x_wconf 77' lang='lat' dir='ltr'><strong>gentibus.»›</strong></span> <span class='ocrx_word' id='word_1_115' title='bbox 453 2133 538 2182; x_wconf 86' lang='lat' dir='ltr'><strong>Varro</strong></span> <span class='ocrx_word' id='word_1_116' title='bbox 555 2133 584 2182; x_wconf 86' lang='lat' dir='ltr'><strong>R.</strong></span> <span class='ocrx_word' id='word_1_117' title='bbox 598 2132 627 2181; x_wconf 85' lang='lat' dir='ltr'><strong>li.</strong></span> <span class='ocrx_word' id='word_1_118' title='bbox 640 2132 670 2190; x_wconf 90' lang='grc'><strong>4,</strong></span> <span class='ocrx_word' id='word_1_119' title='bbox 689 2131 713 2181; x_wconf 90' lang='grc'><strong>4.</strong></span> <span class='ocrx_word' id='word_1_120' title='bbox 732 2128 812 2179; x_wconf 89' lang='lat' dir='ltr'><strong>dccet</strong></span> <span class='ocrx_word' id='word_1_121' title='bbox 847 2131 951 2194; x_wconf 60' lang='grc'><strong>4494444,</strong></span> <span class='ocrx_word' id='word_1_122' title='bbox 962 2131 1125 2181; x_wconf 73' lang='lat' dir='ltr'><strong>uFortbn‘ctee</strong></span> <span class='ocrx_word' id='word_1_123' title='bbox 1136 2131 1376 2193; x_wconf 71' lang='lat' dir='ltr'><strong>eusdenl’olstem</strong></span> 
     </span>
     <span class='ocr_line' id='line_1_17' title="bbox 287 2204 1374 2269; baseline -0.002 -13"><span class='ocrx_word' id='word_1_124' title='bbox 287 2207 384 2256; x_wconf 82' lang='lat' dir='ltr'><strong>arietes</strong></span> <span class='ocrx_word' id='word_1_125' title='bbox 410 2219 471 2257; x_wconf 88' lang='lat' dir='ltr'><strong>esse</strong></span> <span class='ocrx_word' id='word_1_126' title='bbox 498 2205 599 2258; x_wconf 88' lang='lat' dir='ltr'><strong>debere</strong></span> <span class='ocrx_word' id='word_1_127' title='bbox 623 2206 693 2256; x_wconf 76' lang='lat' dir='ltr'><strong>rwis</strong></span> <span class='ocrx_word' id='word_1_128' title='bbox 716 2205 809 2265; x_wconf 64' lang='lat' dir='ltr'><strong>oculu,</strong></span> <span class='ocrx_word' id='word_1_129' title='bbox 847 2204 935 2269; x_wconf 79' lang='lat' dir='ltr'><strong>Voss.)</strong></span> <span class='ocrx_word' id='word_1_130' title='bbox 956 2233 984 2242; x_wconf 87' lang='lat'><em>-</em></span> <span class='ocrx_word' id='word_1_131' title='bbox 1002 2205 1087 2268; x_wconf 83' lang='lat' dir='ltr'><strong>tollite]</strong></span> <span class='ocrx_word' id='word_1_132' title='bbox 1106 2206 1135 2254; x_wconf 91' lang='lat' dir='ltr'><strong>ut</strong></span> <span class='ocrx_word' id='word_1_133' title='bbox 1152 2205 1218 2268; x_wconf 86' lang='lat' dir='ltr'><strong>Epp.</strong></span> <span class='ocrx_word' id='word_1_134' title='bbox 1237 2206 1268 2266; x_wconf 99' lang='grc'><strong>4,</strong></span> <span class='ocrx_word' id='word_1_135' title='bbox 1288 2207 1329 2265; x_wconf 85' lang='grc'><strong>44,</strong></span> <span class='ocrx_word' id='word_1_136' title='bbox 1347 2205 1374 2256; x_wconf 80' lang='lat'><strong>³:</strong></span> 
     </span>
     <span class='ocr_line' id='line_1_18' title="bbox 288 2277 1374 2346; baseline -0.004 -14"><span class='ocrx_word' id='word_1_137' title='bbox 288 2283 353 2345; x_wconf 89' lang='lat' dir='ltr'><strong>Cap.</strong></span> <span class='ocrx_word' id='word_1_138' title='bbox 364 2281 388 2330; x_wconf 84' lang='lat'><strong>9.</strong></span> <span class='ocrx_word' id='word_1_139' title='bbox 402 2295 498 2332; x_wconf 89' lang='lat' dir='ltr'><strong>canem</strong></span> <span class='ocrx_word' id='word_1_140' title='bbox 508 2281 668 2346; x_wconf 57' lang='lat' dir='ltr'><strong>emunitus</strong></span> <span class='ocrx_word' id='word_1_141' title='bbox 676 2285 721 2330; x_wconf 79' lang='lat' dir='ltr'><strong>aet</strong></span> <span class='ocrx_word' id='word_1_142' title='bbox 731 2279 809 2329; x_wconf 84' lang='lat' dir='ltr'><strong>racis.</strong></span> <span class='ocrx_word' id='word_1_143' title='bbox 849 2279 913 2330; x_wconf 74' lang='lat' dir='ltr'><strong>rotie</strong></span> <span class='ocrx_word' id='word_1_144' title='bbox 924 2280 1051 2342; x_wconf 53' lang='lat' dir='ltr'><strong>prumien</strong></span> <span class='ocrx_word' id='word_1_145' title='bbox 1065 2277 1196 2343; x_wconf 74' lang='lat' dir='ltr'><strong>«pellite»,</strong></span> <span class='ocrx_word' id='word_1_146' title='bbox 1208 2281 1239 2329; x_wconf 90' lang='lat' dir='ltr'><strong>ut</strong></span> <span class='ocrx_word' id='word_1_147' title='bbox 1249 2293 1284 2330; x_wconf 86' lang='lat' dir='ltr'><strong>ex</strong></span> <span class='ocrx_word' id='word_1_148' title='bbox 1293 2278 1374 2332; x_wconf 82' lang='lat' dir='ltr'><strong>Gloss.</strong></span> 
     </span>
     <span class='ocr_line' id='line_1_19' title="bbox 285 2353 1375 2420; baseline -0.002 -14"><span class='ocrx_word' id='word_1_149' title='bbox 285 2355 334 2407; x_wconf 76' lang='lat' dir='ltr'><strong>alii</strong></span> <span class='ocrx_word' id='word_1_150' title='bbox 355 2356 520 2420; x_wconf 88' lang='lat' dir='ltr'><strong>interpretati</strong></span> <span class='ocrx_word' id='word_1_151' title='bbox 537 2359 599 2408; x_wconf 88' lang='lat' dir='ltr'><strong>sunt</strong></span> <span class='ocrx_word' id='word_1_152' title='bbox 616 2355 650 2406; x_wconf 89' lang='lat' dir='ltr'><strong>de</strong></span> <span class='ocrx_word' id='word_1_153' title='bbox 671 2353 747 2419; x_wconf 86' lang='lat' dir='ltr'><strong>pellis</strong></span> <span class='ocrx_word' id='word_1_154' title='bbox 764 2367 811 2404; x_wconf 88' lang='lat' dir='ltr'><strong>co-</strong></span> <span class='ocrx_word' id='word_1_155' title='bbox 847 2354 948 2406; x_wconf 85' lang='lat' dir='ltr'><strong>habent</strong></span> <span class='ocrx_word' id='word_1_156' title='bbox 960 2353 1044 2405; x_wconf 85' lang='lat' dir='ltr'><strong>codd.</strong></span> <span class='ocrx_word' id='word_1_157' title='bbox 1055 2353 1375 2418; x_wconf 75' lang='lat' dir='ltr'><strong>aliquotamhiiocnsr.</strong></span> 
     </span>
     <span class='ocr_line' id='line_1_20' title="bbox 286 2422 1375 2496; baseline -0.001 -17"><span class='ocrx_word' id='word_1_158' title='bbox 286 2428 356 2490; x_wconf 88' lang='lat' dir='ltr'><strong>lore,</strong></span> <span class='ocrx_word' id='word_1_159' title='bbox 375 2433 406 2479; x_wconf 89' lang='lat' dir='ltr'><strong>ut</strong></span> <span class='ocrx_word' id='word_1_160' title='bbox 422 2432 463 2481; x_wconf 89' lang='lat' dir='ltr'><strong>est</strong></span> <span class='ocrx_word' id='word_1_161' title='bbox 479 2431 550 2496; x_wconf 89' lang='lat' dir='ltr'><strong>apud</strong></span> <span class='ocrx_word' id='word_1_162' title='bbox 566 2430 654 2495; x_wconf 86' lang='lat' dir='ltr'><strong>Eurip.</strong></span> <span class='ocrx_word' id='word_1_163' title='bbox 666 2430 744 2480; x_wconf 87' lang='lat' dir='ltr'><strong>llere.</strong></span> <span class='ocrx_word' id='word_1_164' title='bbox 758 2428 808 2479; x_wconf 91' lang='lat' dir='ltr'><strong>lur.</strong></span> <span class='ocrx_word' id='word_1_165' title='bbox 847 2430 878 2491; x_wconf 86' lang='lat'><strong>8,</strong></span> <span class='ocrx_word' id='word_1_166' title='bbox 895 2429 919 2479; x_wconf 87' lang='grc'><strong>9.</strong></span> <span class='ocrx_word' id='word_1_167' title='bbox 938 2429 1032 2480; x_wconf 76' lang='lat' dir='ltr'><strong>seon:</strong></span> <span class='ocrx_word' id='word_1_168' title='bbox 1052 2422 1126 2479; x_wconf 84' lang='grc' dir='ltr'><strong><em>ἀλλὰ</em></strong></span> <span class='ocrx_word' id='word_1_169' title='bbox 1142 2423 1270 2489; x_wconf 79' lang='grc' dir='ltr'><strong><em>τάχιστα</em></strong></span> <span class='ocrx_word' id='word_1_170' title='bbox 1287 2425 1375 2494; x_wconf 68' lang='lat' dir='ltr'><strong>Titine</strong></span> 
     </span>
     <span class='ocr_line' id='line_1_21' title="bbox 285 2498 1375 2576; baseline -0.002 -22"><span class='ocrx_word' id='word_1_171' title='bbox 285 2504 348 2554; x_wconf 81' lang='lat'><strong>³60:</strong></span> <span class='ocrx_word' id='word_1_172' title='bbox 375 2501 505 2566; x_wconf 77' lang='grc' dir='ltr'><strong>λέοντος,</strong></span> <span class='ocrx_word' id='word_1_173' title='bbox 523 2500 808 2576; x_wconf 52' lang='lat' dir='ltr'><strong>tropeos-cnm</strong></span> <span class='ocrx_word' id='word_1_174' title='bbox 847 2507 1012 2571; x_wconf 78' lang='grc' dir='ltr'><strong><em>γυναικεῖον</em></strong></span> <span class='ocrx_word' id='word_1_175' title='bbox 1040 2503 1148 2566; x_wconf 79' lang='grc' dir='ltr'><strong><em>πένθος</em></strong></span> <span class='ocrx_word' id='word_1_176' title='bbox 1174 2498 1375 2569; x_wconf 65' lang='grc' dir='ltr'><strong>ἀπωσάμενοι.</strong></span> 
     </span>
     <span class='ocr_line' id='line_1_22' title="bbox 286 2576 1375 2642; baseline 0 -13"><span class='ocrx_word' id='word_1_177' title='bbox 286 2577 339 2629; x_wconf 84' lang='lat' dir='ltr'><strong>Cir.</strong></span> <span class='ocrx_word' id='word_1_178' title='bbox 354 2577 402 2628; x_wconf 92' lang='lat' dir='ltr'><strong>0d.</strong></span> <span class='ocrx_word' id='word_1_179' title='bbox 415 2579 444 2638; x_wconf 86' lang='grc'><strong>3,</strong></span> <span class='ocrx_word' id='word_1_180' title='bbox 456 2580 501 2638; x_wconf 81' lang='grc'><strong>47,</strong></span> <span class='ocrx_word' id='word_1_181' title='bbox 514 2579 542 2629; x_wconf 82' lang='lat'><strong>³:</strong></span> <span class='ocrx_word' id='word_1_182' title='bbox 562 2581 656 2630; x_wconf 80' lang='lat' dir='ltr'><strong>Raec—</strong></span> <span class='ocrx_word' id='word_1_183' title='bbox 667 2579 736 2640; x_wconf 80' lang='lat' dir='ltr'><strong>lupa.</strong></span> <span class='ocrx_word' id='word_1_184' title='bbox 756 2580 811 2628; x_wconf 88' lang='grc' dir='ltr'><strong>Ηο-</strong></span> <span class='ocrx_word' id='word_1_185' title='bbox 850 2577 1046 2630; x_wconf 85' lang='lat' dir='ltr'><strong>-Felicissime</strong></span> <span class='ocrx_word' id='word_1_186' title='bbox 1055 2581 1146 2630; x_wconf 88' lang='lat' dir='ltr'><strong>autem</strong></span> <span class='ocrx_word' id='word_1_187' title='bbox 1156 2576 1289 2642; x_wconf 78' lang='lat' dir='ltr'><strong>gloriosae</strong></span> <span class='ocrx_word' id='word_1_188' title='bbox 1299 2579 1375 2629; x_wconf 85' lang='lat' dir='ltr'><strong>huius</strong></span> 
     </span>
     <span class='ocr_line' id='line_1_23' title="bbox 286 2651 1375 2718; baseline 0.002 -16"><span class='ocrx_word' id='word_1_189' title='bbox 286 2653 369 2703; x_wconf 86' lang='lat' dir='ltr'><strong>ratius</strong></span> <span class='ocrx_word' id='word_1_190' title='bbox 386 2651 493 2702; x_wconf 87' lang='lat' dir='ltr'><strong>videtur</strong></span> <span class='ocrx_word' id='word_1_191' title='bbox 505 2655 670 2717; x_wconf 83' lang='lat' dir='ltr'><strong>expressisse</strong></span> <span class='ocrx_word' id='word_1_192' title='bbox 688 2654 812 2703; x_wconf 85' lang='lat' dir='ltr'><strong>Homeri·</strong></span> <span class='ocrx_word' id='word_1_193' title='bbox 847 2654 924 2718; x_wconf 77' lang='lat' dir='ltr'><strong>fugae</strong></span> <span class='ocrx_word' id='word_1_194' title='bbox 934 2653 1099 2705; x_wconf 81' lang='lat' dir='ltr'><strong>celeritatem</strong></span> <span class='ocrx_word' id='word_1_195' title='bbox 1111 2654 1176 2718; x_wconf 88' lang='lat' dir='ltr'><strong>ipsis</strong></span> <span class='ocrx_word' id='word_1_196' title='bbox 1188 2656 1311 2706; x_wconf 82' lang='lat' dir='ltr'><strong>numeris</strong></span> <span class='ocrx_word' id='word_1_197' title='bbox 1322 2657 1375 2704; x_wconf 81' lang='lat' dir='ltr'><strong>tam</strong></span> 
     </span>
     <span class='ocr_line' id='line_1_24' title="bbox 285 2725 1376 2797; baseline 0.001 -18"><span class='ocrx_word' id='word_1_198' title='bbox 285 2725 450 2791; x_wconf 71' lang='lat' dir='ltr'><strong>curatoria,</strong></span> <span class='ocrx_word' id='word_1_199' title='bbox 464 2727 531 2790; x_wconf 86' lang='grc'><strong>644.)</strong></span> <span class='ocrx_word' id='word_1_200' title='bbox 550 2729 675 2797; x_wconf 75' lang='grc' dir='ltr'><strong><em>χαροποί</em></strong></span> <span class='ocrx_word' id='word_1_201' title='bbox 689 2741 721 2778; x_wconf 79' lang='grc' dir='ltr'><strong>τε</strong></span> <span class='ocrx_word' id='word_1_202' title='bbox 733 2725 811 2777; x_wconf 78' lang='grc' dir='ltr'><strong><em>λέον-</em></strong></span> <span class='ocrx_word' id='word_1_203' title='bbox 846 2728 1006 2780; x_wconf 82' lang='lat' dir='ltr'><strong>volubilibus</strong></span> <span class='ocrx_word' id='word_1_204' title='bbox 1019 2730 1150 2792; x_wconf 88' lang='lat' dir='ltr'><strong>expressit</strong></span> <span class='ocrx_word' id='word_1_205' title='bbox 1158 2731 1247 2793; x_wconf 84' lang='lat' dir='ltr'><strong>poeta.</strong></span> <span class='ocrx_word' id='word_1_206' title='bbox 1262 2755 1291 2768; x_wconf 89' lang='lat'><em>-</em></span> <span class='ocrx_word' id='word_1_207' title='bbox 1300 2742 1376 2793; x_wconf 68' lang='lat' dir='ltr'><strong>pree</strong></span> 
     </span>
     <span class='ocr_line' id='line_1_25' title="bbox 286 2801 1375 2874; baseline 0.001 -21"><span class='ocrx_word' id='word_1_208' title='bbox 286 2817 341 2866; x_wconf 77' lang='grc' dir='ltr'><strong>τες.</strong></span> <span class='ocrx_word' id='word_1_209' title='bbox 376 2802 460 2854; x_wconf 85' lang='lat' dir='ltr'><strong>Gloss.</strong></span> <span class='ocrx_word' id='word_1_210' title='bbox 479 2801 577 2853; x_wconf 85' lang='lat' dir='ltr'><strong>Philox.</strong></span> <span class='ocrx_word' id='word_1_211' title='bbox 600 2817 692 2865; x_wconf 79' lang='lat' dir='ltr'><strong>recca,</strong></span> <span class='ocrx_word' id='word_1_212' title='bbox 719 2817 811 2874; x_wconf 80' lang='lat' dir='ltr'><strong>xapc-</strong></span> <span class='ocrx_word' id='word_1_213' title='bbox 846 2803 1010 2868; x_wconf 83' lang='lat' dir='ltr'><strong>ter-oolete]</strong></span> <span class='ocrx_word' id='word_1_214' title='bbox 1026 2801 1181 2853; x_wconf 78' lang='lat' dir='ltr'><strong>«celerrime</strong></span> <span class='ocrx_word' id='word_1_215' title='bbox 1194 2805 1375 2867; x_wconf 83' lang='lat' dir='ltr'><strong>praeternavi-</strong></span> 
     </span>
     <span class='ocr_line' id='line_1_26' title="bbox 285 2876 1375 2943; baseline 0 -15"><span class='ocrx_word' id='word_1_216' title='bbox 285 2877 348 2942; x_wconf 80' lang='grc' dir='ltr'><strong>πός.</strong></span> <span class='ocrx_word' id='word_1_217' title='bbox 376 2880 475 2929; x_wconf 86' lang='lat' dir='ltr'><strong>Firmat</strong></span> <span class='ocrx_word' id='word_1_218' title='bbox 491 2879 560 2928; x_wconf 87' lang='lat' dir='ltr'><strong>hane</strong></span> <span class='ocrx_word' id='word_1_219' title='bbox 577 2877 637 2929; x_wconf 90' lang='lat' dir='ltr'><strong>lect.</strong></span> <span class='ocrx_word' id='word_1_220' title='bbox 657 2878 723 2930; x_wconf 82' lang='lat' dir='ltr'><strong>cod.</strong></span> <span class='ocrx_word' id='word_1_221' title='bbox 741 2880 810 2929; x_wconf 89' lang='lat' dir='ltr'><strong>anti·</strong></span> <span class='ocrx_word' id='word_1_222' title='bbox 847 2881 906 2940; x_wconf 79' lang='lat' dir='ltr'><strong>gato</strong></span> <span class='ocrx_word' id='word_1_223' title='bbox 916 2879 1018 2928; x_wconf 86' lang='lat' dir='ltr'><strong>Etrusci</strong></span> <span class='ocrx_word' id='word_1_224' title='bbox 1030 2878 1112 2927; x_wconf 86' lang='lat' dir='ltr'><strong>meris</strong></span> <span class='ocrx_word' id='word_1_225' title='bbox 1132 2876 1217 2938; x_wconf 86' lang='lat' dir='ltr'><strong>litora,</strong></span> <span class='ocrx_word' id='word_1_226' title='bbox 1238 2882 1270 2929; x_wconf 89' lang='lat' dir='ltr'><strong>ut</strong></span> <span class='ocrx_word' id='word_1_227' title='bbox 1282 2891 1375 2943; x_wconf 82' lang='lat' dir='ltr'><strong>perve-</strong></span> 
     </span>
     <span class='ocr_line' id='line_1_27' title="bbox 284 2949 1373 3018; baseline 0.001 -15"><span class='ocrx_word' id='word_1_228' title='bbox 284 2955 369 3017; x_wconf 83' lang='lat' dir='ltr'><strong>quiss.</strong></span> <span class='ocrx_word' id='word_1_229' title='bbox 387 2955 416 3005; x_wconf 87' lang='lat' dir='ltr'><strong>B.</strong></span> <span class='ocrx_word' id='word_1_230' title='bbox 434 2953 553 3005; x_wconf 79' lang='lat' dir='ltr'><strong>Aliorum</strong></span> <span class='ocrx_word' id='word_1_231' title='bbox 569 2957 648 3018; x_wconf 69' lang='lat' dir='ltr'><strong>ncces</strong></span> <span class='ocrx_word' id='word_1_232' title='bbox 665 2954 692 3004; x_wconf 90' lang='lat' dir='ltr'><strong>h.</strong></span> <span class='ocrx_word' id='word_1_233' title='bbox 710 2952 727 3004; x_wconf 94' lang='lat' dir='ltr'><strong>l.</strong></span> <span class='ocrx_word' id='word_1_234' title='bbox 741 2955 810 3004; x_wconf 92' lang='lat' dir='ltr'><strong>otio-</strong></span> <span class='ocrx_word' id='word_1_235' title='bbox 847 2953 923 3005; x_wconf 88' lang='lat' dir='ltr'><strong>niatis</strong></span> <span class='ocrx_word' id='word_1_236' title='bbox 940 2953 967 3002; x_wconf 90' lang='lat' dir='ltr'><strong>in</strong></span> <span class='ocrx_word' id='word_1_237' title='bbox 979 2953 1115 3004; x_wconf 87' lang='lat' dir='ltr'><strong>Oceanum</strong></span> <span class='ocrx_word' id='word_1_238' title='bbox 1129 2949 1318 3004; x_wconf 73' lang='lat' dir='ltr'><strong>Auenticum.»</strong></span> <span class='ocrx_word' id='word_1_239' title='bbox 1336 2953 1373 3004; x_wconf 84' lang='lat' dir='ltr'><strong>Dc</strong></span> 
     </span>
     <span class='ocr_line' id='line_1_28' title="bbox 284 3024 1373 3098; baseline -0.004 -18"><span class='ocrx_word' id='word_1_240' title='bbox 284 3041 344 3080; x_wconf 91' lang='lat' dir='ltr'><strong>sum</strong></span> <span class='ocrx_word' id='word_1_241' title='bbox 363 3031 471 3080; x_wconf 87' lang='lat' dir='ltr'><strong>estnec</strong></span> <span class='ocrx_word' id='word_1_242' title='bbox 488 3029 552 3080; x_wconf 87' lang='lat' dir='ltr'><strong>satis</strong></span> <span class='ocrx_word' id='word_1_243' title='bbox 569 3024 734 3098; x_wconf 72' lang='lat' dir='ltr'><strong>scriptovpro</strong></span> <span class='ocrx_word' id='word_1_244' title='bbox 755 3028 810 3091; x_wconf 79' lang='lat' dir='ltr'><strong>[ul-</strong></span> <span class='ocrx_word' id='word_1_245' title='bbox 846 3025 923 3078; x_wconf 88' lang='lat' dir='ltr'><strong>solito</strong></span> <span class='ocrx_word' id='word_1_246' title='bbox 940 3039 1033 3078; x_wconf 87' lang='lat' dir='ltr'><strong>earum</strong></span> <span class='ocrx_word' id='word_1_247' title='bbox 1054 3028 1162 3078; x_wconf 84' lang='lat' dir='ltr'><strong>navium</strong></span> <span class='ocrx_word' id='word_1_248' title='bbox 1186 3039 1282 3088; x_wconf 86' lang='lat' dir='ltr'><strong>cursu,</strong></span> <span class='ocrx_word' id='word_1_249' title='bbox 1305 3039 1373 3090; x_wconf 85' lang='lat' dir='ltr'><strong>quac</strong></span> 
     </span>
     <span class='ocr_line' id='line_1_29' title="bbox 283 3100 1373 3167; baseline -0.001 -14"><span class='ocrx_word' id='word_1_250' title='bbox 283 3117 335 3154; x_wconf 83' lang='lat' dir='ltr'><strong>cos.</strong></span> <span class='ocrx_word' id='word_1_251' title='bbox 363 3105 441 3167; x_wconf 85' lang='lat' dir='ltr'><strong>(Virg.</strong></span> <span class='ocrx_word' id='word_1_252' title='bbox 460 3108 526 3155; x_wconf 80' lang='lat' dir='ltr'><strong>Aen.</strong></span> <span class='ocrx_word' id='word_1_253' title='bbox 539 3105 570 3166; x_wconf 94' lang='grc'><strong>4,</strong></span> <span class='ocrx_word' id='word_1_254' title='bbox 589 3104 656 3167; x_wconf 80' lang='grc'><strong>444.)</strong></span> <span class='ocrx_word' id='word_1_255' title='bbox 675 3101 737 3164; x_wconf 80' lang='lat' dir='ltr'><strong>Alii,</strong></span> <span class='ocrx_word' id='word_1_256' title='bbox 763 3105 809 3167; x_wconf 88' lang='lat' dir='ltr'><strong>qui</strong></span> <span class='ocrx_word' id='word_1_257' title='bbox 846 3100 941 3153; x_wconf 87' lang='lat' dir='ltr'><strong>Gallias</strong></span> <span class='ocrx_word' id='word_1_258' title='bbox 956 3104 984 3152; x_wconf 89' lang='lat' dir='ltr'><strong>et</strong></span> <span class='ocrx_word' id='word_1_259' title='bbox 1000 3102 1138 3165; x_wconf 84' lang='lat' dir='ltr'><strong>Hispanias</strong></span> <span class='ocrx_word' id='word_1_260' title='bbox 1155 3103 1281 3166; x_wconf 85' lang='lat' dir='ltr'><strong>petentes</strong></span> <span class='ocrx_word' id='word_1_261' title='bbox 1294 3113 1373 3167; x_wconf 86' lang='lat' dir='ltr'><strong>pree·</strong></span> 
     </span>
     <span class='ocr_line' id='line_1_30' title="bbox 284 3176 1374 3241; baseline -0.002 -11"><span class='ocrx_word' id='word_1_262' title='bbox 284 3193 337 3230; x_wconf 86' lang='lat' dir='ltr'><strong>non</strong></span> <span class='ocrx_word' id='word_1_263' title='bbox 360 3179 589 3241; x_wconf 64' lang='lat' dir='ltr'><strong>magnericus</strong></span> <span class='ocrx_word' id='word_1_264' title='bbox 612 3177 807 3241; x_wconf 80' lang='lat' dir='ltr'><strong>intelligebant,</strong></span> <span class='ocrx_word' id='word_1_265' title='bbox 846 3176 1374 3228; x_wconf 74' lang='lat' dir='ltr'><strong>tervehebantmtoeslitderolutnemce·</strong></span> 
     </span>
     <span class='ocr_line' id='line_1_31' title="bbox 284 3251 1373 3316; baseline -0.002 -12"><span class='ocrx_word' id='word_1_266' title='bbox 284 3253 479 3304; x_wconf 86' lang='lat' dir='ltr'><strong>substituerunt</strong></span> <span class='ocrx_word' id='word_1_267' title='bbox 488 3266 583 3314; x_wconf 80' lang='lat' dir='ltr'><strong>saeuos,</strong></span> <span class='ocrx_word' id='word_1_268' title='bbox 596 3255 625 3302; x_wconf 91' lang='lat' dir='ltr'><strong>ut</strong></span> <span class='ocrx_word' id='word_1_269' title='bbox 637 3252 720 3303; x_wconf 73' lang='lat' dir='ltr'><strong>Cidd.</strong></span> <span class='ocrx_word' id='word_1_270' title='bbox 733 3253 806 3303; x_wconf 77' lang='lat' dir='ltr'><strong>leid.</strong></span> <span class='ocrx_word' id='word_1_271' title='bbox 845 3253 890 3302; x_wconf 78' lang='lat' dir='ltr'><strong>sie</strong></span> <span class='ocrx_word' id='word_1_272' title='bbox 911 3253 986 3316; x_wconf 70' lang='lat' dir='ltr'><strong>foede</strong></span> <span class='ocrx_word' id='word_1_273' title='bbox 1008 3253 1098 3316; x_wconf 64' lang='grc' dir='ltr'><strong>εοεαε,</strong></span> <span class='ocrx_word' id='word_1_274' title='bbox 1119 3279 1134 3289; x_wconf 96' lang='grc'>-</span> <span class='ocrx_word' id='word_1_275' title='bbox 1153 3279 1168 3291; x_wconf 90' lang='grc'>-</span> <span class='ocrx_word' id='word_1_276' title='bbox 1191 3253 1321 3316; x_wconf 61' lang='lat' dir='ltr'><strong>mun</strong></span> <span class='ocrx_word' id='word_1_277' title='bbox 1342 3251 1373 3302; x_wconf 81' lang='lat' dir='ltr'><strong>eil</strong></span> 
     </span>
     <span class='ocr_line' id='line_1_32' title="bbox 286 3325 1373 3392; baseline -0.002 -14"><span class='ocrx_word' id='word_1_278' title='bbox 286 3355 313 3365; x_wconf 94' lang='lat'>-</span> <span class='ocrx_word' id='word_1_279' title='bbox 332 3327 400 3392; x_wconf 83' lang='lat' dir='ltr'><strong>levir]</strong></span> <span class='ocrx_word' id='word_1_280' title='bbox 419 3325 499 3379; x_wconf 80' lang='lat' dir='ltr'><strong>«lavis</strong></span> <span class='ocrx_word' id='word_1_281' title='bbox 511 3325 608 3392; x_wconf 76' lang='grc' dir='ltr'><strong><em>(λεῖος)</em></strong></span> <span class='ocrx_word' id='word_1_282' title='bbox 623 3326 709 3379; x_wconf 85' lang='lat' dir='ltr'><strong>iactus</strong></span> <span class='ocrx_word' id='word_1_283' title='bbox 725 3328 810 3378; x_wconf 82' lang='lat' dir='ltr'><strong>instar</strong></span> <span class='ocrx_word' id='word_1_284' title='bbox 845 3328 949 3377; x_wconf 78' lang='lat' dir='ltr'><strong>Hercule</strong></span> <span class='ocrx_word' id='word_1_285' title='bbox 964 3333 1066 3390; x_wconf 79' lang='lat' dir='ltr'><strong>portum</strong></span> <span class='ocrx_word' id='word_1_286' title='bbox 1092 3327 1162 3391; x_wconf 78' lang='lat' dir='ltr'><strong>(sive</strong></span> <span class='ocrx_word' id='word_1_287' title='bbox 1180 3329 1329 3391; x_wconf 84' lang='lat' dir='ltr'><strong>Cosanum)</strong></span> <span class='ocrx_word' id='word_1_288' title='bbox 1346 3329 1373 3376; x_wconf 91' lang='lat' dir='ltr'><strong>et</strong></span> 
     </span>
     <span class='ocr_line' id='line_1_33' title="bbox 283 3401 1371 3467; baseline -0.001 -15"><span class='ocrx_word' id='word_1_289' title='bbox 283 3403 377 3467; x_wconf 87' lang='lat' dir='ltr'><strong>piscis,</strong></span> <span class='ocrx_word' id='word_1_290' title='bbox 407 3415 468 3453; x_wconf 89' lang='lat' dir='ltr'><strong>cnm</strong></span> <span class='ocrx_word' id='word_1_291' title='bbox 494 3405 589 3453; x_wconf 77' lang='lat' dir='ltr'><strong>namra</strong></span> <span class='ocrx_word' id='word_1_292' title='bbox 613 3401 722 3454; x_wconf 85' lang='lat' dir='ltr'><strong>villosus</strong></span> <span class='ocrx_word' id='word_1_293' title='bbox 747 3404 807 3454; x_wconf 74' lang='lat' dir='ltr'><strong>sit.»</strong></span> <span class='ocrx_word' id='word_1_294' title='bbox 846 3405 953 3466; x_wconf 89' lang='lat' dir='ltr'><strong>portum</strong></span> <span class='ocrx_word' id='word_1_295' title='bbox 970 3405 1122 3454; x_wconf 85' lang='lat' dir='ltr'><strong>Lunensem</strong></span> <span class='ocrx_word' id='word_1_296' title='bbox 1148 3402 1287 3466; x_wconf 61' lang='lat' dir='ltr'><strong>(ware)</strong></span> <span class='ocrx_word' id='word_1_297' title='bbox 1311 3401 1371 3452; x_wconf 84' lang='lat' dir='ltr'><strong>vide</strong></span> 
     </span>
     <span class='ocr_line' id='line_1_34' title="bbox 284 3473 1240 3549; baseline -0.001 -21"><span class='ocrx_word' id='word_1_298' title='bbox 284 3479 389 3528; x_wconf 86' lang='lat' dir='ltr'><strong>Dictum</strong></span> <span class='ocrx_word' id='word_1_299' title='bbox 406 3479 448 3528; x_wconf 87' lang='lat' dir='ltr'><strong>est</strong></span> <span class='ocrx_word' id='word_1_300' title='bbox 463 3491 513 3541; x_wconf 89' lang='lat' dir='ltr'><strong>per</strong></span> <span class='ocrx_word' id='word_1_301' title='bbox 530 3473 687 3549; x_wconf 77' lang='grc' dir='ltr'><strong><em>πρόληψιν.</em></strong></span> <span class='ocrx_word' id='word_1_302' title='bbox 846 3475 932 3528; x_wconf 80' lang='lat' dir='ltr'><strong>Rutilii</strong></span> <span class='ocrx_word' id='word_1_303' title='bbox 949 3478 1117 3529; x_wconf 85' lang='lat' dir='ltr'><strong>itinerarium</strong></span> <span class='ocrx_word' id='word_1_304' title='bbox 1136 3479 1164 3540; x_wconf 92' lang='grc'><strong>4,</strong></span> <span class='ocrx_word' id='word_1_305' title='bbox 1182 3477 1240 3529; x_wconf 79' lang='grc'><strong>485.</strong></span> 
     </span>
    </p>
   </div>
   <div class='ocr_carea' id='block_1_5' title="bbox 212 3549 1368 3616">
    <p class='ocr_par' dir='ltr' id='par_1_8' title="bbox 212 3549 1368 3616">
     <span class='ocr_line' id='line_1_35' title="bbox 212 3549 1368 3616; baseline -0.003 -14"><span class='ocrx_word' id='word_1_306' title='bbox 212 3591 217 3602; x_wconf 80' lang='grc'>,</span> <span class='ocrx_word' id='word_1_307' title='bbox 316 3551 419 3603; x_wconf 71' lang='lat' dir='ltr'><strong>att-lt.</strong></span> <span class='ocrx_word' id='word_1_308' title='bbox 440 3553 713 3615; x_wconf 65' lang='lat' dir='ltr'><strong>flaconensem]</strong></span> <span class='ocrx_word' id='word_1_309' title='bbox 742 3552 807 3603; x_wconf 73' lang='lat' dir='ltr'><strong>aitis</strong></span> <span class='ocrx_word' id='word_1_310' title='bbox 877 3551 988 3602; x_wconf 80' lang='grc'><strong>44-44.</strong></span> <span class='ocrx_word' id='word_1_311' title='bbox 1020 3552 1210 3616; x_wconf 72' lang='lat' dir='ltr'><strong>ciraemepur]</strong></span> <span class='ocrx_word' id='word_1_312' title='bbox 1238 3553 1269 3602; x_wconf 88' lang='lat' dir='ltr'><strong>ut</strong></span> <span class='ocrx_word' id='word_1_313' title='bbox 1296 3549 1368 3600; x_wconf 82' lang='lat' dir='ltr'><strong>ovid.</strong></span> 
     </span>
    </p>
   </div>
   <div class='ocr_carea' id='block_1_6' title="bbox 281 3626 1370 4365">
    <p class='ocr_par' dir='ltr' id='par_1_9' title="bbox 281 3626 1370 4365">
     <span class='ocr_line' id='line_1_36' title="bbox 283 3626 1367 3692; baseline -0.001 -15"><span class='ocrx_word' id='word_1_314' title='bbox 283 3627 351 3678; x_wconf 89' lang='lat' dir='ltr'><strong>votis</strong></span> <span class='ocrx_word' id='word_1_315' title='bbox 368 3639 430 3677; x_wconf 86' lang='lat' dir='ltr'><strong>curn</strong></span> <span class='ocrx_word' id='word_1_316' title='bbox 448 3628 630 3678; x_wconf 89' lang='lat' dir='ltr'><strong>exsecratione</strong></span> <span class='ocrx_word' id='word_1_317' title='bbox 643 3627 806 3691; x_wconf 71' lang='lat' dir='ltr'><strong>conceptis.»</strong></span> <span class='ocrx_word' id='word_1_318' title='bbox 845 3627 906 3678; x_wconf 84' lang='lat' dir='ltr'><strong>liet.</strong></span> <span class='ocrx_word' id='word_1_319' title='bbox 925 3627 973 3686; x_wconf 87' lang='grc'><strong>444,</strong></span> <span class='ocrx_word' id='word_1_320' title='bbox 999 3627 1060 3678; x_wconf 79' lang='lat'><strong>739:</strong></span> <span class='ocrx_word' id='word_1_321' title='bbox 1093 3628 1255 3692; x_wconf 56' lang='lat' dir='ltr'><strong>&amp;cumptum</strong></span> <span class='ocrx_word' id='word_1_322' title='bbox 1279 3626 1367 3676; x_wconf 72' lang='lat' dir='ltr'><strong>meir.</strong></span> 
     </span>
     <span class='ocr_line' id='line_1_37' title="bbox 283 3700 1370 3766; baseline 0 -14"><span class='ocrx_word' id='word_1_323' title='bbox 283 3703 331 3752; x_wconf 91' lang='lat' dir='ltr'><strong>Vv.</strong></span> <span class='ocrx_word' id='word_1_324' title='bbox 350 3707 482 3751; x_wconf 63' lang='lat' dir='ltr'><strong>amata</strong></span> <span class='ocrx_word' id='word_1_325' title='bbox 497 3703 587 3754; x_wconf 81' lang='lat' dir='ltr'><strong>civitas</strong></span> <span class='ocrx_word' id='word_1_326' title='bbox 605 3716 667 3754; x_wconf 90' lang='lat' dir='ltr'><strong>cum</strong></span> <span class='ocrx_word' id='word_1_327' title='bbox 683 3704 709 3752; x_wconf 88' lang='lat' dir='ltr'><strong>vi</strong></span> <span class='ocrx_word' id='word_1_328' title='bbox 727 3714 807 3765; x_wconf 87' lang='lat' dir='ltr'><strong>repe·</strong></span> <span class='ocrx_word' id='word_1_329' title='bbox 846 3701 963 3752; x_wconf 84' lang='lat' dir='ltr'><strong>Haerent</strong></span> <span class='ocrx_word' id='word_1_330' title='bbox 978 3701 1138 3766; x_wconf 85' lang='lat' dir='ltr'><strong>interpretes</strong></span> <span class='ocrx_word' id='word_1_331' title='bbox 1162 3703 1189 3752; x_wconf 93' lang='lat' dir='ltr'><strong>in</strong></span> <span class='ocrx_word' id='word_1_332' title='bbox 1214 3713 1259 3750; x_wconf 82' lang='lat' dir='ltr'><strong>vr.</strong></span> <span class='ocrx_word' id='word_1_333' title='bbox 1281 3700 1370 3752; x_wconf 84' lang='lat' dir='ltr'><strong>distin-</strong></span> 
     </span>
     <span class='ocr_line' id='line_1_38' title="bbox 283 3776 1367 3840; baseline 0.006 -14"><span class='ocrx_word' id='word_1_334' title='bbox 283 3776 327 3826; x_wconf 87' lang='lat' dir='ltr'><strong>tite</strong></span> <span class='ocrx_word' id='word_1_335' title='bbox 340 3777 403 3826; x_wconf 89' lang='lat' dir='ltr'><strong>sunt</strong></span> <span class='ocrx_word' id='word_1_336' title='bbox 414 3788 447 3824; x_wconf 88' lang='lat' dir='ltr'><strong>cx</strong></span> <span class='ocrx_word' id='word_1_337' title='bbox 457 3789 483 3826; x_wconf 86' lang='lat' dir='ltr'><strong>v.</strong></span> <span class='ocrx_word' id='word_1_338' title='bbox 497 3776 537 3826; x_wconf 88' lang='grc'><strong>48.</strong></span> <span class='ocrx_word' id='word_1_339' title='bbox 553 3803 580 3814; x_wconf 87' lang='grc'>-</span> <span class='ocrx_word' id='word_1_340' title='bbox 592 3777 808 3840; x_wconf 73' lang='lat' dir='ltr'><strong>indocili-prope]</strong></span> <span class='ocrx_word' id='word_1_341' title='bbox 845 3779 941 3838; x_wconf 73' lang='lat' dir='ltr'><strong>ctione,</strong></span> <span class='ocrx_word' id='word_1_342' title='bbox 955 3789 1018 3827; x_wconf 84' lang='lat' dir='ltr'><strong>cum</strong></span> <span class='ocrx_word' id='word_1_343' title='bbox 1027 3776 1070 3827; x_wconf 89' lang='lat' dir='ltr'><strong>alii</strong></span> <span class='ocrx_word' id='word_1_344' title='bbox 1081 3777 1230 3840; x_wconf 78' lang='lat' dir='ltr'><strong>habeanttl</strong></span> <span class='ocrx_word' id='word_1_345' title='bbox 1240 3780 1367 3832; x_wconf 68' lang='lat' dir='ltr'><strong>noenum.</strong></span> 
     </span>
     <span class='ocr_line' id='line_1_39' title="bbox 284 3848 1369 3918; baseline 0.003 -21"><span class='ocrx_word' id='word_1_346' title='bbox 284 3848 381 3914; x_wconf 74' lang='lat' dir='ltr'><strong>«volgo</strong></span> <span class='ocrx_word' id='word_1_347' title='bbox 409 3850 550 3913; x_wconf 88' lang='lat' dir='ltr'><strong>imperito,</strong></span> <span class='ocrx_word' id='word_1_348' title='bbox 580 3853 622 3902; x_wconf 89' lang='lat' dir='ltr'><strong>cui</strong></span> <span class='ocrx_word' id='word_1_349' title='bbox 651 3851 808 3918; x_wconf 87' lang='lat' dir='ltr'><strong>persuaderi</strong></span> <span class='ocrx_word' id='word_1_350' title='bbox 845 3865 915 3917; x_wconf 74' lang='lat' dir='ltr'><strong>quiae</strong></span> <span class='ocrx_word' id='word_1_351' title='bbox 941 3852 993 3902; x_wconf 89' lang='lat' dir='ltr'><strong>hoc</strong></span> <span class='ocrx_word' id='word_1_352' title='bbox 1018 3851 1165 3916; x_wconf 82' lang='lat' dir='ltr'><strong>significat:</strong></span> <span class='ocrx_word' id='word_1_353' title='bbox 1196 3853 1264 3902; x_wconf 77' lang='lat' dir='ltr'><strong>«Ner</strong></span> <span class='ocrx_word' id='word_1_354' title='bbox 1286 3852 1369 3900; x_wconf 68' lang='lat' dir='ltr'><strong>mmet</strong></span> 
     </span>
     <span class='ocr_line' id='line_1_40' title="bbox 282 3919 1366 3997; baseline 0 -21"><span class='ocrx_word' id='word_1_355' title='bbox 282 3927 376 3990; x_wconf 80' lang='lat' dir='ltr'><strong>nequit</strong></span> <span class='ocrx_word' id='word_1_356' title='bbox 393 3922 489 3976; x_wconf 87' lang='lat' dir='ltr'><strong>melius</strong></span> <span class='ocrx_word' id='word_1_357' title='bbox 507 3937 567 3976; x_wconf 85' lang='lat' dir='ltr'><strong>esse</strong></span> <span class='ocrx_word' id='word_1_358' title='bbox 585 3925 737 3990; x_wconf 83' lang='lat' dir='ltr'><strong>relinquere</strong></span> <span class='ocrx_word' id='word_1_359' title='bbox 758 3939 807 3991; x_wconf 87' lang='lat' dir='ltr'><strong>pa·</strong></span> <span class='ocrx_word' id='word_1_360' title='bbox 846 3928 959 3978; x_wconf 74' lang='grc' dir='ltr'><strong><em>Οοωηω</em></strong></span> <span class='ocrx_word' id='word_1_361' title='bbox 980 3928 1173 3992; x_wconf 62' lang='lat' dir='ltr'><strong>mmmmm,</strong></span> <span class='ocrx_word' id='word_1_362' title='bbox 1198 3919 1366 3997; x_wconf 78' lang='grc' dir='ltr'><strong>ἀψόῥροος,</strong></span> 
     </span>
     <span class='ocr_line' id='line_1_41' title="bbox 283 3997 1367 4066; baseline 0.001 -15"><span class='ocrx_word' id='word_1_363' title='bbox 283 4002 361 4052; x_wconf 89' lang='lat' dir='ltr'><strong>triam</strong></span> <span class='ocrx_word' id='word_1_364' title='bbox 373 4011 454 4065; x_wconf 88' lang='lat' dir='ltr'><strong>quem</strong></span> <span class='ocrx_word' id='word_1_365' title='bbox 465 4001 748 4060; x_wconf 62' lang='lat' dir='ltr'><strong>commisissemus</strong></span> <span class='ocrx_word' id='word_1_366' title='bbox 764 4002 808 4051; x_wconf 86' lang='lat' dir='ltr'><strong>hic</strong></span> <span class='ocrx_word' id='word_1_367' title='bbox 846 3997 940 4052; x_wconf 75' lang='grc' dir='ltr'><em>πάντα</em></span> <span class='ocrx_word' id='word_1_368' title='bbox 970 3998 1101 4062; x_wconf 81' lang='grc' dir='ltr'><strong>κυκλῶν,</strong></span> <span class='ocrx_word' id='word_1_369' title='bbox 1138 4001 1183 4066; x_wconf 85' lang='lat' dir='ltr'><strong>qul</strong></span> <span class='ocrx_word' id='word_1_370' title='bbox 1216 4013 1249 4052; x_wconf 84' lang='lat' dir='ltr'><strong>ex</strong></span> <span class='ocrx_word' id='word_1_371' title='bbox 1282 3999 1367 4064; x_wconf 74' lang='lat' dir='ltr'><strong>prisca</strong></span> 
     </span>
     <span class='ocr_line' id='line_1_42' title="bbox 282 4074 1367 4141; baseline -0.001 -16"><span class='ocrx_word' id='word_1_372' title='bbox 282 4087 345 4138; x_wconf 77' lang='lat' dir='ltr'><strong>grex</strong></span> <span class='ocrx_word' id='word_1_373' title='bbox 367 4074 568 4140; x_wconf 86' lang='lat' dir='ltr'><strong>(contemptim)</strong></span> <span class='ocrx_word' id='word_1_374' title='bbox 591 4075 759 4126; x_wconf 76' lang='lat' dir='ltr'><strong>effeminatus</strong></span> <span class='ocrx_word' id='word_1_375' title='bbox 781 4079 809 4127; x_wconf 89' lang='lat' dir='ltr'><strong>et</strong></span> <span class='ocrx_word' id='word_1_376' title='bbox 847 4077 985 4128; x_wconf 86' lang='lat' dir='ltr'><strong>hominum</strong></span> <span class='ocrx_word' id='word_1_377' title='bbox 996 4077 1121 4141; x_wconf 88' lang='lat' dir='ltr'><strong>opinione</strong></span> <span class='ocrx_word' id='word_1_378' title='bbox 1137 4077 1223 4126; x_wconf 90' lang='lat' dir='ltr'><strong>totum</strong></span> <span class='ocrx_word' id='word_1_379' title='bbox 1239 4077 1367 4126; x_wconf 85' lang='lat' dir='ltr'><strong>terrarum</strong></span> 
     </span>
     <span class='ocr_line' id='line_1_43' title="bbox 281 4143 1364 4214; baseline -0.004 -15"><span class='ocrx_word' id='word_1_380' title='bbox 281 4151 394 4214; x_wconf 82' lang='lat' dir='ltr'><strong>propter</strong></span> <span class='ocrx_word' id='word_1_381' title='bbox 420 4151 538 4200; x_wconf 84' lang='lat' dir='ltr'><strong>animum</strong></span> <span class='ocrx_word' id='word_1_382' title='bbox 572 4147 708 4199; x_wconf 80' lang='lat' dir='ltr'><strong>abiectum</strong></span> <span class='ocrx_word' id='word_1_383' title='bbox 736 4151 808 4200; x_wconf 91' lang='lat' dir='ltr'><strong>omni</strong></span> <span class='ocrx_word' id='word_1_384' title='bbox 846 4150 941 4202; x_wconf 85' lang='lat' dir='ltr'><strong>orbem</strong></span> <span class='ocrx_word' id='word_1_385' title='bbox 969 4151 1148 4210; x_wconf 85' lang='lat' dir='ltr'><strong>circumtluit;</strong></span> <span class='ocrx_word' id='word_1_386' title='bbox 1178 4149 1220 4212; x_wconf 84' lang='lat' dir='ltr'><strong>(ut</strong></span> <span class='ocrx_word' id='word_1_387' title='bbox 1243 4143 1364 4210; x_wconf 73' lang='lat' dir='ltr'><strong>sescayi.</strong></span> 
     </span>
     <span class='ocr_line' id='line_1_44' title="bbox 282 4217 1366 4294; baseline -0.004 -22"><span class='ocrx_word' id='word_1_388' title='bbox 282 4237 330 4286; x_wconf 88' lang='lat' dir='ltr'><strong>spe</strong></span> <span class='ocrx_word' id='word_1_389' title='bbox 348 4224 459 4276; x_wconf 85' lang='lat' dir='ltr'><strong>meliora</strong></span> <span class='ocrx_word' id='word_1_390' title='bbox 477 4224 619 4276; x_wconf 85' lang='lat' dir='ltr'><strong>destitutus</strong></span> <span class='ocrx_word' id='word_1_391' title='bbox 636 4222 759 4276; x_wconf 86' lang='lat' dir='ltr'><strong>desidem</strong></span> <span class='ocrx_word' id='word_1_392' title='bbox 771 4227 809 4276; x_wconf 85' lang='lat' dir='ltr'><strong>at·</strong></span> <span class='ocrx_word' id='word_1_393' title='bbox 847 4227 934 4276; x_wconf 83' lang='lat' dir='ltr'><strong>Prom.</strong></span> <span class='ocrx_word' id='word_1_394' title='bbox 948 4223 1009 4276; x_wconf 79' lang='lat'><strong>⁴38:</strong></span> <span class='ocrx_word' id='word_1_395' title='bbox 1029 4221 1089 4275; x_wconf 76' lang='grc' dir='ltr'><strong>Τοῦ</strong></span> <span class='ocrx_word' id='word_1_396' title='bbox 1101 4224 1164 4294; x_wconf 75' lang='grc' dir='ltr'><strong>περὶ</strong></span> <span class='ocrx_word' id='word_1_397' title='bbox 1176 4217 1273 4274; x_wconf 73' lang='grc' dir='ltr'><em>πᾶσάν</em></span> <span class='ocrx_word' id='word_1_398' title='bbox 1289 4221 1316 4271; x_wconf 80' lang='lat' dir='ltr'><strong>d’</strong></span> <span class='ocrx_word' id='word_1_399' title='bbox 1327 4218 1366 4269; x_wconf 80' lang='lat' dir='ltr'><strong>ei-</strong></span> 
     </span>
     <span class='ocr_line' id='line_1_45' title="bbox 282 4287 1365 4365; baseline 0.004 -18"><span class='ocrx_word' id='word_1_400' title='bbox 282 4310 336 4358; x_wconf 87' lang='lat' dir='ltr'><strong>que</strong></span> <span class='ocrx_word' id='word_1_401' title='bbox 348 4299 489 4352; x_wconf 77' lang='lat' dir='ltr'><strong>infaustam</strong></span> <span class='ocrx_word' id='word_1_402' title='bbox 499 4301 582 4352; x_wconf 67' lang='lat' dir='ltr'><strong>dmm</strong></span> <span class='ocrx_word' id='word_1_403' title='bbox 593 4301 680 4364; x_wconf 76' lang='lat' dir='ltr'><strong>agat.»</strong></span> <span class='ocrx_word' id='word_1_404' title='bbox 694 4325 720 4337; x_wconf 88' lang='lat'><em>-</em></span> <span class='ocrx_word' id='word_1_405' title='bbox 733 4300 810 4351; x_wconf 86' lang='lat' dir='ltr'><strong>Sum·</strong></span> <span class='ocrx_word' id='word_1_406' title='bbox 847 4297 1024 4362; x_wconf 69' lang='grc' dir='ltr'><strong><em>λισσομένου</em></strong></span> <span class='ocrx_word' id='word_1_407' title='bbox 1037 4295 1129 4350; x_wconf 64' lang='grc' dir='ltr'><strong>Χθόν</strong></span> <span class='ocrx_word' id='word_1_408' title='bbox 1142 4293 1292 4364; x_wconf 64' lang='grc' dir='ltr'><strong>ἀκοιμήτῳ</strong></span> <span class='ocrx_word' id='word_1_409' title='bbox 1302 4287 1365 4365; x_wconf 65' lang='lat' dir='ltr'><strong>(iti-</strong></span> 
     </span>
    </p>
   </div>
   <div class='ocr_carea' id='block_1_7' title="bbox 0 0 1544 4978">
    <p class='ocr_par' dir='ltr' id='par_1_10' title="bbox 0 0 1544 4978">
     <span class='ocr_line' id='line_1_46' title="bbox 0 0 1544 4978; baseline 0 3"><span class='ocrx_word' id='word_1_410' title='bbox 0 0 1544 4978; x_wconf 95' lang='lat' dir='ltr'><strong> </strong></span> 
     </span>
    </p>
   </div>
  </div>
 </body>
</html>
