3078 4978
579 439 679 490 ttBEli.
716 441 812 494 Cilill.
832 443 875 492 vt.
1209 449 1270 510 685

355 594 433 656 Nam
456 591 560 679 qualis
584 604 638 660 aut
660 594 818 663 Molossus
841 607 896 664 aut
918 597 1021 666 lulrus
1045 601 1167 678 Lacon,
1251 607 1270 667 ii

394 714 504 781 Amica
526 715 574 782 vis
598 716 801 802 pastoribus,

353 835 452 920 rigam
474 855 534 920 per
555 834 634 902 altas
660 857 739 904 aure
762 839 887 906 sublata
908 842 1019 916 nives,

396 957 618 1043 Quaecunque
643 959 818 1044 praecedet
839 960 921 1028 lere:

351 1078 413 1152 Tu,
438 1097 512 1143 cum
534 1078 675 1145 timenda
696 1101 777 1147 voce
800 1082 966 1170 complesti
990 1107 1123 1162 nemus,

394 1200 576 1265 Proiectum
598 1200 744 1268 odoraris
767 1203 885 1270 cibum.
1226 1211 1266 1276 li)

352 1321 454 1395 Cave,
478 1341 573 1388 cave:
601 1341 741 1410 namque
765 1325 795 1390 in
819 1325 920 1392 malos
943 1331 1141 1416 asperrimus

392 1442 506 1507 Parata
529 1441 605 1508 tollo
628 1463 771 1520 cornua,

348 1562 460 1642 Qualis
482 1564 666 1653 Lycambae
689 1577 818 1653 spretus
839 1568 937 1635 infido
960 1592 1060 1656 gener

392 1688 453 1750 rlut
475 1705 551 1752 acer
572 1685 672 1752 hostis
693 1688 826 1775 Bupalo.

238 1856 263 1903 5.
283 1855 350 1904 Laco
367 1855 395 1904 B.
417 1882 444 1890 -
462 1855 487 1905 8.
502 1857 639 1920 praecedat
656 1855 739 1908 Codd.
763 1859 834 1922 apud
852 1860 947 1921 leam,
973 1863 1089 1922 procedet
1111 1877 1126 1912 e
1144 1864 1227 1916 Codd.

205 1921 330 1977 eiusdein
348 1927 441 1978 Bothe.
462 1929 501 1990 (lli
516 1943 580 1990 nos,
599 1929 691 1992 BbSc.)
1203 1920 1211 1936 '

171 2079 233 2128 gam
257 2067 404 2117 coniectae
435 2068 484 2127 Qui
505 2072 596 2119 autem
619 2069 697 2133 logii,
772 2071 811 2120 li.
832 2071 871 2121 ta.
898 2073 956 2122 tollo
976 2074 1081 2138 ommno]
1099 2073 1154 2125 Alia
1174 2077 1261 2142 imago

168 2142 301 2201 praecedit
317 2142 511 2204 insequentem.
542 2143 574 2192 Et
590 2146 700 2207 propter
736 2145 804 2194 tauri
830 2143 864 2194 ad
894 2157 1012 2208 pugnam
1042 2161 1104 2198 cum
1132 2149 1204 2200 rivali
1231 2166 1260 2203 se

171 2214 223 2265 hoc
252 2217 282 2265 et
309 2217 419 2280 propter
446 2216 530 2267 Codd.
558 2215 698 2267 meliorum
736 2219 861 2281 parantis.
878 2245 904 2256 -
923 2221 1007 2284 gener]
1026 2220 1261 2281 nouaiisrirchilo-

171 2289 358 2340 auctoritatem
376 2289 551 2340 reiiciendum
564 2292 696 2352 procedet,
737 2290 816 2351 chus,
835 2293 880 2355 qui
892 2293 1046 2355 Lycamben
1060 2307 1185 2347 socerum
1200 2312 1261 2362 pro-

171 2363 296 2414 «obviem
315 2363 374 2424 ibit,
396 2376 505 2414 mecum
521 2365 696 2428 pugnaturae,
735 2367 840 2429 pterea,
868 2366 940 2430 quod
959 2365 1001 2416 ille
1021 2367 1158 2420 Neobulen
1179 2371 1258 2424 filiam

170 2437 309 2488 utrolunt.
320 2435 418 2488 Saltem
430 2435 618 2501 explicandum
630 2439 696 2490 erat:
735 2441 830 2503 poetae
849 2441 901 2490 iam
919 2441 1080 2505 desponsam
1098 2445 1198 2495 malma
1210 2459 1258 2497 vo-

171 2512 306 2577 aprodibil
331 2510 446 2562 elustro
465 2523 539 2562 suoi
575 2513 613 2564 lie
631 2526 698 2564 con·
735 2511 834 2564 laniate
852 2527 882 2565 se
905 2515 1032 2566 daturum
1054 2521 1177 2580 negarat,
1205 2522 1259 2571 mm

170 2587 318 2638 structione
338 2585 418 2650 Aponi
434 2613 448 2623 -
460 2613 474 2624 -
492 2599 653 2650 amaneus
666 2601 694 2650 p.
734 2585 871 2638 maledicis
878 2587 1000 2640 uersibus
1012 2590 1157 2642 insectatus
1168 2595 1216 2653 est,
1230 2597 1260 2644 ut

167 2659 225 2723 sero
242 2659 313 2710 conl.
332 2659 415 2724 Epod.
434 2661 464 2722 i,
483 2661 522 2712 37.
734 2660 807 2712 illum
829 2663 984 2726 aegritudini
1007 2665 1087 2714 animi
1107 2667 1258 2719 remedium

202 2735 226 2785 9.
255 2735 295 2784 to.
327 2735 376 2796 Ta]
404 2736 463 2786 «Tu
488 2737 595 2798 contra,
623 2738 696 2788 cauis
734 2737 878 2799 suspendio
895 2750 1026 2800 quaerere
1044 2739 1161 2801 coegerit
1178 2743 1258 2804 atque

169 2809 277 2871 ignave,
307 2821 369 2858 cum
386 2809 433 2859 diu
449 2808 616 2873 multumque
638 2813 696 2861 ina·
733 2809 768 2858 ad
799 2810 871 2860 idem
899 2812 992 2861 mortis
1020 2824 1104 2873 genus
1132 2827 1258 2878 sponsam

169 2885 238 2934 niter
255 2882 355 2934 latrasti
379 2881 575 2934 formidabilem
592 2885 618 2934 iu
635 2897 695 2934 mo-
733 2895 841 2946 quoque
867 2896 944 2934 suam
962 2883 1120 2934 induxerit.»
1151 2887 1182 2936 V.
1202 2889 1254 2937 Ex-

169 2957 244 3020 dum,
265 2961 355 3007 tamen
373 2956 433 3006 cibo
451 2957 498 3007 tihi
515 2955 621 3008 obiecto
639 2961 695 3008 sta-
733 2969 851 3006 cursum.

169 3033 216 3082 tim
238 3029 349 3095 cupidas
371 3043 450 3081 nares
467 3031 596 3082 admoves
614 3033 694 3095 atque
767 3029 853 3081 lt-tii.
878 3031 989 3096 Bupalo]
1019 3030 1083 3082 Plin.
1102 3033 1133 3082 Η.
1155 3035 1185 3082 N.
1209 3033 1256 3096 36,

168 3105 373 3167 obmutescis„
413 3104 521 3169 dempta
558 3107 691 3169 imagine:
732 3106 762 3154 a:
793 3105 906 3166 Bupalus
930 3108 952 3154 et
976 3106 1076 3156 Arimis
1107 3105 1181 3170 (olim
1204 3109 1257 3157 An-

168 3178 272 3243 «liagua
295 3193 428 3245 perquam
449 3183 589 3244 promptus
612 3193 642 3231 es
659 3181 694 3231 ad
732 3179 853 3243 mmm)
871 3179 1003 3229 clarissimi
1015 3180 1042 3228 in
1056 3193 1087 3230 ee
1099 3179 1255 3244 (sculpendi)

167 3253 234 3305 elios
252 3251 418 3304 coutumeliis
442 3253 617 3317 lacerandos,
644 3255 693 3306 sed
730 3253 834 3303 seientia
859 3254 945 3317 fuere,
981 3253 1143 3316 Hipponactis
1167 3259 1257 3318 polteo

168 3341 281 3379 munere
299 3325 388 3378 oblato
406 3325 474 3378 illico
496 3331 595 3378 taces.»
632 3328 694 3379 Bel·
731 3333 827 3389 oetam,
847 3341 919 3390 onem
938 3333 1034 3377 cerium
1050 3333 1085 3378 cst
1101 3329 1150 3378 LX.
1170 3330 1257 3391 Olym-

167 3402 224 3454 lum
241 3404 283 3452 est
307 3400 371 3452 illud
389 3403 495 3453 Catonis
516 3403 637 3453 Censorii
659 3403 693 3453 de
727 3403 804 3464 piade
818 3403 902 3464 inore.
921 3427 961 3438 --
976 3402 1128 3464 Hipponacti
1141 3403 1257 3454 aalaidis

167 3479 201 3529 li,
215 3475 304 3528 Caelio
321 3477 393 3542 apud
410 3475 474 3528 Geli.
492 3478 520 3538 t,
540 3479 584 3528 ts:
604 3479 693 3528 Frento
729 3477 835 3540 foeditas
871 3475 953 3525 ooltns
987 3481 1056 3536 erat,
1095 3477 1255 3538 quamebrem

163 3552 241 3614 panis
258 3551 362 3602 conduci
374 3556 467 3614 potest,
484 3552 524 3601 ael
540 3550 578 3600 uti
595 3555 691 3613 taceat,
735 3551 870 3613 imaginem
905 3549 957 3599 eins
998 3550 1103 3600 lascivio
1144 3551 1257 3601 iocor-nm

165 3627 206 3676 cel
220 3628 258 3676 nii
282 3627 410 3688 manetur.
431 3655 458 3662 —
476 3625 623 3689 Proiectum]
648 3625 693 3676 hic
730 3625 749 3672 ii
778 3636 932 3686 proposuere
968 3624 1103 3673 ridentium
1144 3625 1253 3676 circulis.

167 3703 252 3767 prima
273 3701 477 3766 significatione,
502 3702 555 3750 «ito
577 3701 691 3763 iactum,
731 3699 802 3760 Quod
839 3697 975 3760 Hipponoo
1008 3698 1153 3761 indipnatos
1180 3713 1256 3750 nma-

166 3781 197 3828 nt
218 3778 279 3828 ante
301 3776 386 3840 pedes
409 3776 456 3828 tibi
474 3775 576 3826 cadat.»
611 3776 693 3839 Magis
729 3773 864 3822 titudinem
893 3774 1036 3822 camninmn
1063 3774 1196 3823 dmtrntrit
1229 3775 1256 3822 in

169 3849 274 3901 solitum
283 3851 493 3911 cseetooncrum,
507 3851 536 3899 ut
546 3849 614 3913 Virg.
626 3852 690 3901 len.
729 3852 841 3909 mntnrn,
858 3852 887 3896 nt
902 3847 1022 3898 credatur
1032 3846 1157 3908 mianton
1168 3849 1202 3896 art
1217 3847 1256 3896 la-

169 3925 196 3987 6,
207 3925 268 3976 tei:
289 3923 370 3974 ollam
378 3925 487 3986 Corripit
495 3924 623 3975 mertem.
635 3924 690 3973 Lir.
730 3935 820 3986 porum
835 3935 877 3971 eos
892 3921 1049 3984 cornpnlirsc,
1077 3923 1143 3983 qnod
1162 3922 1255 3983 interm

168 3999 196 4060 l,
214 4001 257 4049 ts:
276 3999 377 4061 ciboque
392 3999 527 4049 obiiciendo
543 4027 557 4035 -
573 3999 692 4049 uictornn
729 4001 772 4046 cst.
803 3995 940 4059 Hipponax
965 3993 996 4044 ἐν
1018 3992 1057 4062 τῷ
1079 3990 1154 4044 κατὰ
1178 3994 1255 4046 Boo-

167 4101 196 4110 --
207 4075 234 4124 in
245 4075 389 4124 seoitntnn
395 4074 477 4135 pellici
486 4087 565 4135 posse.
577 4073 689 4123 Phaedr.
730 4066 823 4120 πάλου
840 4065 942 4141 πρώτῳ
955 4065 1051 4135 ἰάμβῳ
1063 4066 1135 4133 apud
1146 4069 1254 4120 Schnei-

169 4147 507 4208 l,2³‚3:coni--Obiccto
524 4147 585 4196 cibo.
606 4145 693 4196 Etob-
730 4144 797 4195 dew.
825 4144 944 4194 Eustatlr.
972 4158 998 4208 p.
1025 4142 1065 4192 te.
1092 4145 1119 4192 et
1143 4141 1199 4193 Del.
1224 4158 1251 4207 p.

168 4221 258 4270 tectum
269 4221 427 4272 malebatll.
442 4220 693 4282 P.,‘sedhocuuu·
730 4218 787 4269 tos.
805 4218 891 4281 Bergk
907 4231 934 4282 p.
948 4219 1011 4267 itti:
1028 4209 1143 4277 Ἔβῶσε
1158 4215 1253 4280 Μαίας
1361 4225 1368 4230 ·

169 4307 250 4356 quam
261 4296 287 4346 iu
299 4296 384 4347 rarius
397 4293 459 4346 illud
472 4297 603 4346 mutatum
615 4294 689 4345 loret.
730 4289 831 4354 naida,
853 4287 1003 4357 Κυλλήνης
1020 4287 1135 4356 umnec
1153 4290 1163 4354 (
1166 4289 1253 4351 βασι-
