2986 4974
677 362 803 411 llOllthl
822 361 990 411 ChllMlNUhl

465 513 668 604 Mutataeque
693 514 787 582 simul
810 527 912 603 togae.

550 639 666 704 Cressa
691 658 731 703 ne
754 647 862 704 careat
885 637 1019 724 pulchra
1045 636 1115 702 dies
1139 647 1232 707 nota,

465 763 533 826 Nou
556 772 723 847 promptae
747 760 862 825 modus
889 759 1080 847 amphorae,

552 883 621 945 Neu
645 901 767 946 merom
791 882 822 944 in
845 880 967 945 Salium
988 881 1029 945 sit
1050 880 1182 967 requies
1205 879 1338 966 pedum.

467 1043 535 1106 Neu
559 1039 647 1106 multi
671 1038 812 1105 Damalis
836 1039 913 1103 meri

364 1231 401 1279 444.
432 1231 534 1280 Thressa
557 1228 668 1278 lacobus
691 1241 706 1278 a
729 1228 823 1277 Cruce.
852 1255 877 1261 -
903 1229 965 1278 Post
987 1240 1012 1275 v.
1036 1228 1075 1276 444.
1103 1227 1193 1276 deficit
1219 1227 1345 1277 Codexri

330 1303 465 1367 usquead
484 1305 512 1364 2,
533 1305 559 1364 4,
580 1305 620 1352 47,

299 1475 326 1521 444
342 1471 389 1521 0d.
403 1472 432 1531 4,
453 1471 478 1532 4,
491 1471 519 1520 2:
538 1471 650 1532 lemnae,
670 1471 717 1520 Od.
732 1471 760 1532 4,
780 1471 819 1531 43,
893 1472 931 1519 44.
953 1471 992 1519 ta.
1016 1471 1068 1519 4444
1087 1467 1198 1519 modum
1215 1471 1306 1519 seruet
1322 1481 1378 1532 par-

298 1547 342 1596 aa:
368 1550 511 1607 4444444444.
532 1545 732 1596 Barbariamum
754 1545 822 1596 mire
859 1545 968 1607 olorque
986 1545 1020 1594 sit
1036 1556 1147 1607 promus
1165 1543 1268 1594 condus
1286 1543 1379 1606 velpa
1474 1589 1475 1596 .

297 1624 375 1670 vocat
386 1621 521 1671 Charisius
538 1620 567 1682 4,
587 1623 609 1670 4.
625 1612 655 1684 p.
675 1620 731 1670 438.
751 1622 778 1669 P.
860 1617 962 1668 oillator
986 1619 1012 1667 iu
1038 1618 1173 1681 amphoris
1199 1631 1232 1667 ex
1254 1618 1378 1681 apotheca

860 1692 1062 1755 depromendis,
1082 1705 1135 1741 neu
1147 1704 1287 1742 cessemus
1303 1690 1379 1741 Salio-

859 1780 932 1828 nrm,
959 1769 1049 1818 4444444
1069 1767 1254 1826 sacerdotum,
1282 1767 1309 1816 in
1327 1778 1380 1815 mo

860 1843 924 1891 dum
959 1840 1093 1901 saltarum
1081 1853 1196 1903 »quae
1230 1839 1379 1890 cxsmtantis

859 1916 883 1965 la
886 1916 974 1966 4444444
1001 1915 1193 1965 demonstratio
1214 1915 1284 1963 iuter
1306 1911 1379 1964 soda-

809 1980 896 2040 liu
879 2004 924 2040 um
942 1990 1080 2040 dumtaxat
1096 1989 1311 2052 compotationes
1325 2000 1381 2037 con·

861 2077 936 2114 44444
964 2067 1029 2113 erat.
1074 2063 1127 2112 Cir.
1156 2061 1203 2111 Od.
1231 2061 1261 2118 4,
1289 2065 1318 2123 4,
1343 2061 1378 2109 48.

862 2140 988 2188 Ceterum
1011 2137 1109 2186 Salium
1132 2137 1176 2185 hio
1196 2139 1224 2186 et
1240 2135 1288 2185 Od.
1310 2135 1337 2194 4,
1356 2135 1379 2188 l.

330 1731 354 1780 9.
384 1732 465 1794 tepea]
495 1732 604 1793 Cognati
636 1733 705 1780 iuter
735 1745 764 1781 se
796 1735 824 1780 44

299 1807 377 1854 amici
395 1804 453 1855 filiis
470 1805 626 1868 aequalibus
643 1819 697 1856 uno
715 1804 824 1856 eodem·

299 1892 352 1940 que
364 1879 416 1938 die,
437 1892 490 1942 que
502 1881 586 1940 magis
602 1878 738 1929 sollemnis
751 1882 824 1930 esset

300 1952 459 2001 caerimonia
468 1954 582 2015 ,togam
599 1966 694 2017 puram
712 1954 809 2003 siren

299 2025 375 2075 rilem
394 2021 435 2088 (τὸ
455 2020 627 2097 ἀπόρφυρον
647 2027 697 2076 καὶ
715 2025 824 2078 τέλειον

299 2095 414 2163 ἱμάτιον
432 2100 497 2150 Plut.
516 2104 575 2151 4444.
595 2103 623 2151 ll
631 2102 646 2165 .)
665 2101 778 2162 dabant,
798 2104 825 2152 et

300 2175 409 2236 quidem
426 2175 632 2227 Liberalibusa.
646 2177 672 2226 d.
686 2177 749 2226 xvi.
768 2175 822 2226 Kal.
861 2213 902 2262 23
922 2224 970 2275 pro
993 2211 1136 2270 Saliorum,
1160 2213 1190 2260 ut
1213 2211 1278 2274 Epp'
1300 2211 1328 2268 ᾖ,
1355 2210 1380 2262 4,

301 2248 380 2312 Apffl'
400 2251 454 2300 ω’·
474 2250 509 2300 ad
525 2252 577 2301 ἠ’
598 2253 626 2312 θ’
647 2253 673 2310 ”
695 2253 734 2300 Η·
861 2285 918 2336 444.
943 2285 1061 2335 Boeotum
1083 2297 1132 2348 pro
1152 2285 1311 2334 Boeotorum.
1340 2279 1381 2331 4444

333 2362 373 2410 to.
399 2362 530 2410 Cressau
541 2363 608 2425 nota]
628 2361 690 2411 Plin.
707 2363 736 2411 Η.
751 2363 780 2411 N.
794 2363 822 2423 7,
861 2373 910 2424 pro
928 2361 1023 2410 adiact.
1044 2359 1152 2420 habent,
1177 2361 1208 2408 ut
1225 2359 1259 2408 sit
1270 2359 1286 2406 i.
1303 2371 1328 2420 q.
1342 2357 1383 2404 Se-

301 2433 345 2483 to:
362 2435 433 2483 Vana
442 2436 584 2484 mortalitas
595 2437 826 2484 etadeircamscri-
861 2435 959 2494 4444444,
979 2434 1027 2489 sed
1041 2435 1098 2482 sine
1110 2431 1161 2482 alio
1173 2430 1297 2496 exemplo
1309 2442 1382 2494 prae-

301 2509 407 2558 bendam
423 2522 448 2558 se
463 2510 544 2570 ipsam
560 2511 689 2572 4494444444
700 2515 827 2571 competat
862 2511 903 2558 444
920 2507 1071 2558 obsoletum
1094 2506 1158 2557 illud
1175 2507 1246 2570 apud
1264 2507 1381 2556 Festum·-

300 2595 370 2631 more
388 2583 507 2632 thraciae
523 2585 616 2645 pontis,
636 2597 701 2644 qanta
717 2585 826 2633 44444444
862 2583 948 2633 Saliae
963 2583 1082 2646 44494444.

301 2656 383 2705 colore
400 2655 469 2719 (albo
487 2659 514 2706 44
533 2658 615 2721 nigro)
634 2659 761 2708 distinctos
776 2673 826 2720 pra

301 2732 470 2792 erpcrtnwate
487 2732 605 2794 cetusque
625 2733 674 2781 dici
691 2734 717 2782 44
733 2747 826 2783 amara
896 2731 935 2780 43,
962 2731 1034 2780 matti
1051 2758 1065 2769 -
1082 2731 1153 2794 44444]
1176 2730 1383 2782 444444444444444.»

301 2805 384 2854 condit
395 2819 426 2853 ac
437 2819 552 2867 supremo
564 2807 603 2856 die
614 2811 744 2868 separatos
755 2809 828 2856 44444·
864 2805 917 2854 Cic.
932 2804 965 2854 ad
978 2807 1049 2855 Fam.
1064 2806 1088 2864 9,
1101 2805 1147 2854 46τ
1160 2806 1245 2866 hospes
1256 2820 1307 2854 4444
1318 2803 1383 2853 444444

301 2883 383 2928 marat
399 2884 474 2940 atque
493 2881 531 2930 ita
550 2883 580 2930 da
599 2895 696 2943 qaoque
709 2895 827 2943 pronea-
863 2879 926 2937 ctbt,
945 2881 987 2928 4444
1002 2879 1075 2928 malti
1091 2879 1147 2928 ioci.
1184 2879 1330 2929 Callistium
1340 2873 1384 2926 ἀν-

302 2955 356 3004 4444.
386 2954 485 3004 Eadem
499 2956 717 3007 consuetudovel
731 2957 828 3021 inpro-
864 2949 949 3024 δράσι
965 2950 1155 3018 διαπινομένη
1174 2956 1339 3002 memoratur
1353 2950 1383 3000 ab

302 3027 425 3078 serbiam
450 3028 528 3090 abiit,
555 3029 598 3080 vel
624 3043 684 3080 eam
710 3029 828 3079 nonnulli
865 3028 968 3090 Hedylo
986 3029 1057 3092 apud
1074 3029 1169 3078 Athen.
1190 3030 1234 3088 44,
1253 3029 1294 3077 rt.
1319 3029 1384 3078 Lice

303 3103 383 3152 etiam
405 3104 475 3167 apud
499 3107 616 3154 Graecos
640 3107 827 3166 Romanosque
865 3105 912 3155 hat
929 3104 1001 3154 enirn
1012 3103 1122 3153 Athenis
1138 3105 1166 3151 44
1175 3104 1274 3155 homae
1286 3101 1384 3152 teminn

304 3177 482 3228 imitabantur.
528 3177 621 3228 Catuli.
650 3181 715 3238 tor,
743 3179 774 3227 6:
809 3179 829 3226 0
865 3177 1019 3229 liberiorem
1028 3178 1110 3226 vitam
1122 3177 1250 3240 amplexis
1262 3177 1383 3226 interesse

303 3251 383 3300 lucem
393 3253 538 3301 candidiore
549 3255 623 3301 44444
642 3253 748 3302 Persius
760 3253 784 3312 2,
799 3253 826 3300 t:
867 3252 993 3303 conviviis
1010 3252 1165 3301 amantium.
1200 3249 1293 3300 Tibull.
1313 3252 1341 3308 4,
1358 3250 1383 3297 4,

303 3325 383 3383 Hunc,
398 3327 524 3384 44444444,
538 3327 603 3376 diem
614 3339 720 3376 4444444
729 3328 831 3376 mettere
867 3327 911 3376 65:
937 3327 1036 3386 Partper
1055 3325 1166 3387 (amator
1183 3324 1217 3386 tc)
1236 3327 1270 3373 444
1287 3323 1385 3373 cecata

304 3397 397 3458 lapillo.
425 3398 489 3448 Plin.
517 3400 582 3462 Epp.
602 3400 632 3459 c,
654 3401 697 3448 tt:
729 3401 831 3449 Odiem
866 3402 955 3463 sertim
972 3401 1185 3450 desecatamiaos.
1205 3399 1279 3448 Ovid.
1294 3397 1383 3449 44444.

305 3470 398 3520 laetam
418 3474 556 3521 4444444444
576 3473 637 3522 milti
656 3475 831 3523 candidissime
868 3477 896 3534 5,
917 3474 956 3524 44.
977 3474 1092 3523 Damalis
1110 3472 1181 3522 haud
1199 3473 1350 3535 infrequens
1361 3468 1386 3517 li

306 3545 415 3594 44444444
444 3547 567 3598 Martialis
590 3547 619 3605 8,
645 3547 690 3608 444,
716 3550 740 3598 t.
770 3552 832 3613 post
868 3549 1007 3598 bertarum
1025 3547 1306 3609 nomeninlnsoriptt.
1328 3545 1385 3595 utro

306 3619 421 3669 reditum
443 3621 536 3670 amici:
566 3622 630 3670 444444
650 3623 730 3671 tarem
751 3623 833 3672 lactea
869 3635 934 3673 casu
952 3625 989 3684 (ut
1008 3621 1115 3684 Lalage,
1135 3623 1164 3671 ut
1178 3621 1268 3682 Chloe)
1282 3619 1386 3669 44444444·

306 3707 404 3755 pomma
421 3701 494 3744 notet.
530 3697 654 3745 Ceterum
669 3698 719 3746 iam
732 3698 833 3760 Sopho
869 3699 947 3748 chinii
974 3696 1145 3746 Columbaria
1171 3695 1326 3744 libertarum
1350 3691 1386 3741 ti-

307 3766 361 3816 ‹les
396 3769 421 3816 44
458 3770 614 3819 Athamanta
649 3772 749 3832 lragm
791 3773 830 3820 itt
869 3773 979 3834 viaep
1001 3770 1041 3820 33.
1061 3774 1114 3820 est:
1140 3771 1261 3819 44444444.
1298 3769 1385 3818 turm

308 3842 384 3891 llind
409 3839 513 3908 traete
542 3837 652 3912 ἡμέραν
681 3842 733 3909 τὴι
760 3840 832 3911 ἀγα·
870 3847 1088 3895 suumrmr-
1107 3846 1155 3904 Qui
1174 3857 1236 3894 cum
1252 3841 1335 3893 Codd.
1345 3838 1387 3889 ali·
1475 3873 1476 3890 2

308 3911 365 3979 θὴν
382 3865 546 3968 dixeratl-
571 3920 690 3968 Crescat
711 3934 737 3982 q.
758 3920 831 3980 alba,
870 3918 1098 3983 qarotlegunthlec
1112 3920 1193 3980 matti,
1208 3921 1387 3968 4444444444-

308 3991 438 4052 candida,
468 3995 529 4055 quia
559 3996 631 4043 creta
660 4009 692 4044 er
716 3995 831 4054 cimela,
870 3995 1016 4045 alissimum
1032 3996 1233 4046 summoventes
1249 3989 1384 4056 explicant
1475 4047 1476 4058 γ

308 4077 388 4128 parva
412 4066 495 4117 insula
520 4081 605 4132 prope
632 4071 739 4120 Cretam
768 4072 883 4132 44444
871 4067 1019 4129 «Damalis,
1050 4083 1120 4133 quae
1149 4067 1213 4118 alias
1242 4080 1295 4116 non
1321 4059 1386 4114 multi
1475 4059 1476 4128 g

309 4153 322 4188 a
347 4142 433 4190 nautis
452 4142 625 4192 Cretensibus
649 4145 759 4194 4444444444
785 4143 833 4193 444-
871 4145 937 4194 meri
961 4147 1014 4203 est,
1043 4157 1113 4194 nunc
1139 4145 1249 4208 prepter
1270 4139 1385 4192 laetitiam
1475 4143 1476 4154 ²

309 4214 464 4264 labebatur.
871 4219 983 4268 Bassum
1001 4219 1102 4278 vincat,
1114 4236 1125 4262 »
1150 4220 1204 4266 toto
1221 4215 1280 4266 loco
1298 4215 1386 4264 misere
