2998 4980
519 393 577 442 LlB.
595 392 615 440 l.
651 393 680 440 C.
698 391 762 441 Xlll.

458 621 835 684 cmm

378 793 479 858 Mater
501 811 599 857 saeva
623 789 817 878 Cupidinum

293 913 533 1000 Thebanaeque
556 911 646 1030 iubet
666 931 719 977 me
742 908 888 977 Semeles
910 930 992 996 puer

379 1036 418 1100 Et
438 1033 559 1101 lasciva
580 1033 722 1100 Licentia

293 1157 404 1224 Finitis
427 1157 569 1223 animum
590 1154 729 1222 reddere
752 1153 926 1220 amoribus.

163 1310 227 1360 xlx.
264 1311 350 1359 inser.
374 1305 443 1370 volg.
478 1309 517 1357 De
538 1305 653 1366 Glycera.
675 1333 703 1342 -
721 1305 759 1354 Ad
776 1318 886 1368 maenam
908 1317 981 1354 aaran
1002 1305 1032 1353 de
1051 1303 1158 1365 utaaera

131 1384 175 1433 BS.
196 1412 224 1420 —
243 1383 284 1434 Aa
298 1397 408 1446 paemen
423 1395 497 1432 maen
513 1383 543 1430 da
559 1381 673 1430 Gtiaerae
689 1393 776 1429 amare
793 1381 821 1428 T.
843 1405 869 1414 -
889 1379 913 1428 Ξ.
932 1379 1015 1428 iabmt
1037 1379 1155 1440 quinque

133 1458 257 1521 Cruqnii,
278 1460 314 1518 B,
335 1455 418 1524 γκλμ.
438 1455 515 1520 (iubet
531 1455 614 1505 ceteri
630 1455 713 1504 nostri
731 1455 758 1504 et
774 1451 840 1517 βω.)
851 1480 878 1489 -
889 1452 1073 1513 Sarmiaebsc‚
1092 1454 1156 1502 item

131 1533 233 1596 yieste
252 1533 361 1582 Kirchn.
380 1533 410 1582 N.
430 1531 461 1590 Q.
480 1531 511 1580 H.
530 1541 557 1594 p.
577 1528 629 1588 36.,
648 1529 700 1578 att.
715 1527 818 1591 (Semela
829 1527 886 1592 Td.)
901 1555 928 1563 -
942 1527 966 1578 3.
979 1526 1158 1576 themtama-

131 1605 301 1658 lehatBentl.

131 1727 193 1777 xix.
223 1729 324 1777 linitos
342 1739 403 1776 cum
416 1725 629 1776 crederetamo-
666 1725 779 1786 φωνίαν
800 1727 862 1788 post
884 1723 1010 1773 Thebanae
1034 1723 1191 1786 praeteren-

106 1813 152 1858 res‚
167 1813 262 1852 amare
275 1800 407 1866 Glycerae
420 1799 509 1850 denuo
520 1803 629 1864 captum
667 1799 731 1849 dum
757 1799 914 1860 videbatur,
941 1800 992 1848 etsi
1013 1797 1096 1847 Cadd.
1124 1811 1190 1848 con-

107 1886 131 1922 se
146 1873 298 1937 profitetur.
327 1876 512 1938 compositum
522 1873 630 1924 videtur
667 1887 763 1924 sensus
780 1874 852 1923 iavet
870 1872 971 1922 formae
990 1873 1107 1922 Sanciae.
1138 1874 1190 1923 Ea-

107 1947 151 1997 hoc
167 1961 283 2005 carmen
302 1963 325 1999 a.
344 1949 392 1999 729
408 1948 451 1999 vel
472 1949 529 1999 730.
667 1949 730 1999 dem
748 1949 930 1999 controversia
949 1951 990 1998 est
1007 1947 1078 2012 apud
1096 1946 1188 1997 Tibull.

135 2023 186 2072 4-3.
221 2025 312 2088 saeua]
331 2026 507 2088 «imperiosa,
527 2025 570 2074 cui
584 2037 630 2073 ne·
666 2024 691 2085 3,
714 2023 739 2083 i,
763 2021 807 2074 ih:
833 2025 917 2074 Proles
941 2025 1046 2073 Saneles
1069 2023 1188 2073 Bacchas.

108 2107 145 2145 mo
171 2099 304 2150 resistere
335 2101 459 2163 potesta
494 2111 629 2148 summam
667 2098 719 2149 Cir.
739 2097 859 2148 Oudend.
878 2098 912 2148 ad
928 2098 1005 2162 Apul.
1024 2099 1086 2150 hiet.
1105 2110 1131 2161 p.
1148 2097 1188 2147 94.

109 2171 171 2220 enim
187 2171 347 2224 violentiam
365 2175 391 2222 in
408 2174 629 2223 miserosaman-
666 2177 696 2222 Α.
728 2173 858 2236 (Semelen
877 2175 904 2222 et
920 2173 1056 2224 Bacchum
1074 2174 1143 2222 inter
1160 2185 1189 2222 se

108 2243 142 2294 ies
153 2251 271 2298 exercet.
303 2249 378 2298 Hunc
395 2245 559 2298 versiculum
577 2248 628 2297 hac
667 2245 849 2309 colloquentes
872 2261 898 2296 v.
920 2249 989 2298 Man.
1013 2247 1187 2296 actitarat.

110 2317 188 2380 ipsum
209 2336 325 2374 carmen
347 2323 545 2386 significaturus
563 2334 630 2371 con·
666 2321 706 2370 56.
725 2321 765 2383 Α.)
795 2322 916 2370 Bacchus
934 2324 1025 2371 autem
1042 2333 1123 2384 saepe
1135 2321 1190 2369 Ve-

110 2391 170 2442 sulta
187 2397 300 2461 repetiit
317 2397 364 2446 od.
384 2396 408 2457 4,
423 2398 446 2456 4,
460 2397 484 2445 h.
505 2422 532 2431 -
552 2396 629 2458 Capi-
667 2397 738 2445 neris
757 2398 784 2446 et
799 2398 904 2446 Amoris
921 2409 1014 2446 comes
1031 2409 1063 2445 ac
1081 2393 1187 2446 sodalis.

110 2466 195 2534 dicam]
217 2473 396 2522 Recentlares
419 2473 528 2535 poetae,
553 2483 629 2520 amo-
666 2473 761 2520 Anacr.
785 2472 890 2533 Fragm.
909 2473 933 2520 4.
951 2471 1045 2534 Bergk.
1065 2470 1099 2519 ad
1121 2471 1190 2519 Bac-

108 2551 161 2591 rum
174 2548 337 2597 varietatem
353 2547 539 2610 respicientes
558 2527 629 2595 rlml-
666 2544 764 2594 chum:
792 2536 882 2608 ὦναξ,
906 2534 929 2612 ᾦ
951 2541 1084 2610 δαμάλης
1092 2537 1188 2614 Ἔρως

110 2613 144 2662 lot
170 2618 318 2684 Cupidines
345 2621 457 2670 Veneris
491 2621 629 2670 comitatui
665 2647 681 2656 -
698 2647 713 2658 -
730 2622 880 2690 πορφυρέη
900 2623 924 2669 τ’
945 2613 1095 2690 Ἀφροδίτη
1113 2635 1188 2684 συμ-

110 2687 257 2754 adiungunt.
295 2695 349 2745 Cir.
377 2697 440 2744 Stat.
468 2693 529 2744 Silv.
553 2696 577 2755 4,
601 2696 625 2754 2,
666 2695 824 2756 παίζουσιν.
844 2696 953 2744 Batinus
971 2697 997 2744 in
1015 2694 1187 2746 liutholPal.

109 2759 147 2809 at:
164 2766 209 2816 llic
222 2783 292 2830 puer
309 2783 322 2818 e
338 2769 412 2818 turba
428 2770 568 2830 volucrum,
588 2770 629 2818 mii
665 2769 795 2832 latua
825 2770 961 2819 Bacchum
970 2763 1103 2840 Ἔρωτος
1119 2767 1190 2834 βοη-

106 2833 300 2907 alaeamtaats
312 2843 497 2904 Gramrianae
507 2844 629 2892 laatmm-
665 2839 722 2892 θὸν
738 2847 826 2894 vocat.
848 2871 876 2880 —-
894 2845 1014 2908 Licentia]
1040 2845 1086 2894 Est
1096 2837 1189 2914 Ὕβρις

110 2921 177 2967 mmm
199 2917 328 2979 [matraio
348 2920 449 2981 aaaitta.
489 2917 625 2968 Claudian.
665 2919 724 2969 dea.
749 2919 804 2968 Cic.
828 2919 862 2968 de
885 2919 963 2982 Legg.
982 2921 1006 2978 4,
1026 2919 1066 2968 tt.
1090 2933 1189 2988 τροπι-

111 2981 139 3033 de
156 2988 232 3054 Nupt.
253 2993 321 3042 Han.
340 2994 385 3043 li:
404 2993 473 3043 aaa
485 2993 628 3054 pharetrati
664 2992 735 3056 κώς.·
755 2995 779 3056 (a
796 2992 895 3055 Clodio)
913 2994 940 3042 ia
957 3007 1069 3043 mearum
1085 2995 1190 3044 lamam

109 3057 224 3115 ludentia
241 3067 472 3130 marainesratrea
486 3068 627 3130 OrapareS,
663 3069 759 3119 redibas
775 3070 967 3132 exaedificatam
977 3068 1190 3128 tcmptamlicaa·
1282 3095 1294 3116 a

109 3133 190 3186 amaa
205 3141 307 3202 hahita,
325 3155 386 3204 aare
400 3143 482 3190 mallia
497 3141 625 3192 Amorum.
663 3145 721 3193 tiae.
757 3144 815 3191 Non
836 3143 925 3190 omisit
946 3155 1006 3191 eam
1027 3143 1053 3190 in
1076 3141 1189 3192 Veneris

109 3204 153 3256 llos
166 3211 298 3276 Nymphae
316 3216 436 3277 pariam,
459 3217 531 3266 iliam
549 3217 629 3266 Venas
665 3218 791 3267 comitatu
809 3214 970 3266 Claudianus
987 3213 1003 3264 l.
1022 3214 1039 3265 l.
1059 3216 1103 3266 78:
1122 3217 1191 3265 aelia

110 3289 274 3338 amarorum
283 3289 378 3338 Edidit.
395 3289 625 3354 Philostrlmagg.
663 3293 800 3343 constricta
824 3293 935 3340 Licentia
953 3291 1026 3340 trodo.
1071 3288 1189 3354 (Bentleii

111 3353 131 3412 l,
148 3356 174 3407 a:
198 3361 272 3412 εἰδὲ
289 3359 402 3428 πλῆθος
415 3357 562 3436 Ἐρώτων,
584 3361 627 3431 μὴ
665 3367 781 3431 suspicio
798 3365 911 3415 tihearta
928 3366 1026 3414 nemini
1047 3378 1076 3416 se
1100 3365 1189 3415 adhuc

110 3426 269 3508 liuderdam·
298 3436 430 3502 Νυμφῶν
440 3436 495 3510 γὰρ
511 3436 547 3506 δὴ
565 3446 629 3491 παῖ’
665 3441 802 3507 probavit:
822 3441 850 3490 el
866 3441 971 3490 meritc.
983 3438 1067 3489 Plauti
1080 3441 1151 3490 enim
1163 3442 1190 3489 et

110 3499 240 3566 δεςοῦτοι
252 3513 407 3578 γίγνονται.
434 3515 525 3566 Venus
537 3530 551 3566 a
564 3517 630 3566 duo-
665 3515 738 3566 Gellii
749 3513 808 3576 loci,
828 3528 896 3577 quos
914 3515 1003 3575 affert,
1026 3515 1090 3564 satis
1112 3527 1190 3564 mon-

113 3574 156 3629 bus
167 3585 342 3650 Cupidinibus
358 3601 409 3652 per
420 3594 513 3640 aerem
523 3589 628 3641 sublata
665 3593 750 3642 strant
783 3590 854 3653 apud
883 3589 1021 3639 Horatium
1048 3589 1190 3651 antiquiori

113 3655 149 3702 est
157 3657 183 3707 in
190 3659 387 3725 elegantissimo
399 3676 462 3712 vase
473 3665 545 3728 picto
557 3667 628 3730 apud
665 3667 727 3715 huic
744 3662 876 3714 vocaltula
893 3662 982 3714 lacum
999 3677 1051 3712 non
1070 3663 1150 3726 esse.)

112 3724 233 3795 llllliugen
257 3738 327 3786 Mon.
350 3739 370 3786 Ι.
394 3739 422 3787 T.
444 3739 484 3788 43.
508 3766 536 3775 -
554 3741 628 3806 tabet]
698 3739 722 3790 l.
742 3739 839 3802 Finitis]
857 3740 925 3789 Satis
942 3740 1046 3798 iocose,
1067 3751 1130 3788 curn
1147 3739 1189 3787 tu-

113 3799 138 3850 111
152 3810 216 3860 meis
234 3811 319 3862 Codd.
340 3815 381 3862 est
398 3812 491 3876 singul.
510 3827 561 3865 nec
572 3815 630 3880 plu·
665 3815 741 3863 venis
765 3815 911 3862 etiamtunc
929 3814 1014 3872 esset,
1038 3811 1136 3870 semel,
1161 3815 1190 3861 ut

114 3875 188 3932 ralem
205 3898 237 3935 ex
255 3889 310 3937 suis
328 3890 462 3938 memorat
477 3890 627 3942 Pottierius.
667 3889 715 3948 ait,
752 3879 802 3938 'sibi
829 3888 1009 3952 proposuerat
1035 3887 1189 3936 renuntiare

116 3948 156 4000 «ut
165 3963 234 4009 amat
244 3962 369 4011 Horatius
381 3961 408 4010 in
420 3963 551 4012 eiusmodi
567 3978 630 4014 con·
665 3963 763 4024 amari,
788 3963 815 4011 in
835 3975 916 4024 quem
939 3963 1029 4012 statim
1051 3959 1187 4010 relabitur.

115 4027 248 4084 structione
277 4034 440 4098 singularem
475 4051 626 4088 numerum.
666 4034 776 4086 Alcman
798 4037 838 4086 Fr.
861 4038 902 4085 20.
924 4037 1022 4097 Bergk:
1042 4027 1133 4104 Ἔρος
1153 4047 1191 4098 με

116 4093 172 4150 Vide
195 4109 228 4158 ad
254 4110 283 4159 C.
307 4111 331 4172 4,
354 4109 396 4172 ii,
419 4110 461 4160 8.»
485 4112 577 4161 Bnnra.
598 4139 625 4150 -
665 4101 751 4162 dadae
785 4106 928 4181 Kinnadog
963 4101 1043 4160 ἕκατι
1080 4105 1191 4171 favete

117 4167 208 4228 Seram
222 4186 250 4232 et
265 4187 378 4248 propter
393 4186 492 4236 Horatii
509 4187 627 4236 usumin
665 4183 807 4247 κατείβων
828 4183 948 4257 καρδίαν
970 4187 1062 4236 ἰαίνει.
1089 4213 1115 4222 -
1135 4185 1191 4233 cai-

117 4253 266 4308 terminans
289 4257 383 4322 lyricis
406 4262 433 4310 et
452 4263 563 4324 propter
580 4256 627 4311 ari-
664 4275 733 4312 mrim
754 4263 865 4325 reddere]
890 4261 992 4311 «denuo
1019 4260 1119 4309 dedere
1145 4271 1189 4308 mc
