3012 4978
670 461 801 512 uonnru
819 461 988 532 onnurnuu

417 616 516 684 Nullis
539 615 692 704 polluitur
713 627 801 683 easta
823 615 939 683 domus
962 619 1100 704 stupra,

420 739 488 803 Mos
509 746 542 803 et
563 737 614 803 lex
637 737 837 804 maculosum
859 737 1005 804 edomuit
1025 738 1130 816 nefas,

419 857 603 924 Laudentur
625 858 719 924 simili
742 858 833 946 prole
854 879 1054 948 puerperae,

506 978 641 1066 Culpam
663 1000 768 1068 poena
791 980 907 1068 premit
929 1000 1048 1048 comes.

421 1140 501 1218 Quis
524 1136 676 1204 Parthum
700 1148 831 1226 paveat,
854 1139 929 1226 quis
951 1137 1093 1226 gelidum
1116 1137 1271 1226 Scythen,
1331 1135 1369 1198 25

420 1260 500 1340 Quis
523 1259 695 1326 Germania
716 1280 801 1347 quos
822 1259 954 1326 horrida
976 1260 1113 1348 parturit

421 1383 531 1458 Fetus,
555 1380 706 1448 incolumi
729 1381 894 1447 Caesare?
914 1381 990 1468 quis
1011 1381 1098 1448 serae

504 1501 628 1568 Bellum
650 1511 741 1568 curet
763 1500 940 1568 Hiberiae?

421 1637 536 1728 Condit
559 1661 700 1748 quisque
722 1659 810 1728 diem
833 1659 969 1728 collibus
992 1661 1132 1738 insuia,

360 1813 400 1863 25.
416 1813 512 1875 partlm
528 1812 556 1862 T.
577 1840 604 1848 —
624 1813 664 1862 27.
683 1813 799 1864 incolomi
816 1813 844 1862 T.
864 1839 893 1848 -
911 1813 951 1864 28.
970 1812 1098 1864 niteatur
1114 1814 1142 1864 Τ.

327 1943 417 1994 at-et.
435 1945 490 1996 iios
500 1949 524 1994 et
537 1943 587 2009 ier]
600 1943 647 1994 0d.
661 1944 689 2005 3,
707 1942 752 2006 ii,
772 1945 816 1995 35:
855 1948 959 2004 eterne,
983 1945 1064 2005 atque
1083 1943 1146 2008 Cap.
1165 1945 1190 1992 a.
1209 1944 1278 1993 silvis
1298 1943 1371 1994 lorri-

297 2019 361 2082 Quid
377 2019 441 2082 iopes
456 2019 509 2070 aine
524 2017 635 2070 medens
654 2019 739 2070 Vanae
754 2033 819 2082 pro-
856 2019 925 2079 deot,
934 2017 1069 2078 paludibus
1075 2017 1176 2080 [oedem
1185 2030 1246 2069 eam
1255 2021 1373 2078 voeat;et

293 2091 399 2158 fidant?
422 2122 450 2130 -·
468 2095 562 2156 stupris
584 2093 618 2143 ad
641 2090 769 2144 adulteria
793 2095 820 2143 et
857 2093 967 2157 propter
988 2103 1118 2156 proceros
1142 2091 1373 2156 formidolososque
1485 2101 1486 2158 t

295 2169 410 2232 virgines
427 2169 544 2229 vitiatas,
562 2168 717 2218 moralem
729 2171 820 2219 autem
857 2167 915 2216 eius
932 2165 1046 2226 incolae,
1064 2167 1094 2216 ut
1110 2165 1194 2230 Epod.
1209 2168 1254 2226 te,
1273 2169 1301 2218 7.
1325 2168 1374 2230 {ero

294 2245 366 2308 nesus
383 2244 417 2294 ad
434 2243 500 2307 legis
511 2244 660 2294 Scantiniae
674 2245 706 2308 (v.
723 2244 819 2294 Baiteri
856 2240 974 2291 euandro
994 2241 1134 2290 Germania
1148 2241 1224 2302 pube.
1245 2269 1273 2278 —
1288 2247 1375 2306 porta·

295 2319 352 2369 lud.
377 2321 454 2382 Legg.
480 2320 535 2369 Cic.
559 2333 586 2383 p.
610 2318 677 2380 259.)
704 2319 819 2369 iudicem
856 2317 898 2381 rit]
914 2317 1152 2379 rarioreusupro:
1168 2317 1374 2380 «parereedere

294 2391 402 2442 videtur
426 2393 571 2456 pertinere.
606 2393 686 2442 Tacit.
707 2393 772 2444 Hist.
790 2393 818 2450 i,
857 2389 950 2441 solet.»
970 2388 1084 2440 Cir.0d.
1099 2390 1127 2450 l,
1143 2389 1171 2450 7,
1190 2390 1231 2440 46.
1248 2417 1276 2426 -
1301 2389 1374 2454 Fetus}

296 2467 324 2515 7:
344 2467 456 2514 cedride
472 2471 495 2514 et
510 2466 610 2516 libidine
625 2467 753 2529 toedieae
766 2479 822 2516 mo-
857 2465 984 2530 grandes‚
1012 2466 1103 2514 aucas
1126 2465 1206 2528 atque
1230 2463 1375 2524 deformes,
1486 2486 1487 2538 p

296 2539 402 2589 wionis.
424 2566 451 2574 —
469 2538 590 2603 edomuit]
612 2541 686 2590 «suis
707 2539 818 2602 legibus,
858 2539 1044 2603 contemptim,
1057 2535 1138 2588 veluti
1149 2541 1280 2590 monstra.
1296 2539 1375 2592 llanil.
1486 2541 1487 2580 l

297 2613 435 2674 institutis,
454 2612 578 2678 exemplo
596 2614 822 2678 prorsusdonauit
858 2613 886 2676 l,
904 2614 966 2665 tto:
995 2613 1078 2663 Flavo
1095 2626 1144 2676 per
1168 2614 1281 2676 irruentes
1304 2615 1377 2678 serpit
1486 2609 1487 2614 ’

296 2690 376 2752 atque
399 2689 530 2738 emovit.»
564 2687 605 2738 nd
625 2701 650 2737 v.
669 2701 749 2738 usum
772 2687 819 2738 cir.
858 2689 997 2740 deuterio
1010 2693 1110 2750 partie.
1135 2685 1203 2738 l'ior,
1222 2688 1252 2749 3,
1273 2689 1317 2749 to,
1335 2690 1374 2739 a:

297 2761 372 2813 Ovid.
397 2764 427 2812 Α.
452 2765 482 2812 Α.
507 2762 536 2824 3,
564 2761 624 2812 tit:
650 2775 717 2812 nuno
741 2775 822 2812 auree
858 2767 1051 2814 Germanorum
1068 2763 1192 2812 immania
1207 2775 1326 2824 corporo.
1351 2790 1374 2800 -

296 2839 376 2887 ltorrro
392 2837 500 2887 ildoiniti
511 2849 619 2900 moeros
631 2838 740 2898 posatdet
756 2837 822 2887 orbis
856 2838 935 2902 seue]
950 2838 1031 2887 Feros
1042 2839 1122 2887 vocat
1133 2835 1299 2898 Cantabros,
1312 2835 1377 2900 quod

297 2926 361 2975 opes.
383 2941 410 2948 -
429 2911 504 2961 sintii
516 2911 597 2977 prole]
616 2913 672 2964 lam
690 2911 821 2963 Hesiodus
859 2912 960 2963 tamdiu
983 2915 1038 2961 tam
1055 2923 1136 2975 saepe
1155 2907 1317 2961 rebellarant
1335 2911 1377 2961 ad·

297 2986 542 3037 octoadem
563 2987 661 3038 ceteris
682 2987 821 3037 hominum
860 2999 953 3037 versus
983 2987 1116 3036 Romanos
1147 2999 1179 3036 ao
1204 2985 1248 3035 vix
1278 2985 1378 3036 undem

297 3061 429 3112 iustorum
438 3061 566 3125 praemiis
576 3061 628 3111 hoo
637 3073 745 3125 quoque
758 3075 823 3112 enu-
859 3061 963 3112 domari
980 3061 1124 3124 potuerant
1139 3071 1164 3108 a.
1176 3072 1203 3109 u.
1217 3073 1240 3110 o.
1255 3059 1314 3112 iel.
1332 3063 1380 3112 Ds-

298 3137 397 3186 meret:
417 3135 570 3186 Τικτουσιν
580 3133 611 3186 δὲ
624 3141 757 3202 γυναῖκες
768 3133 823 3186 eoo
857 3149 916 3186 rom
926 3137 1005 3186 vocat
1019 3133 1155 3184 Hiberiam
1167 3133 1215 3184 Od.
1229 3133 1258 3194 l,
1280 3133 1324 3196 tt,
1342 3135 1377 3185 50.

298 3208 371 3260 κότα
379 3211 465 3261 τέκνα
475 3208 616 3277 γονεῦσιν.
632 3210 725 3262 Catuli.
733 3211 820 3275 Epith.
891 3210 996 3262 29-32.
1019 3208 1115 3273 Gorrdit]
1137 3221 1190 3258 uon
1211 3210 1268 3258 tam
1291 3209 1377 3259 «condi

298 3287 340 3346 et,
353 3286 402 3336 209
414 3297 504 3348 sequ:
525 3285 674 3347 impietae,
685 3286 751 3347 voto,
760 3299 824 3347 pcr-
860 3286 977 3344 cernit»,
991 3295 1086 3346 quam:
1101 3282 1190 3332 «diem
1202 3284 1290 3333 totum
1300 3295 1379 3348 usque

297 3361 395 3411 oniae·
405 3361 470 3410 -Sit
485 3373 530 3410 saro
544 3361 632 3410 dandis
646 3361 716 3423 petri
726 3359 823 3412 Maelio
860 3359 894 3409 ad
910 3369 1053 3422 vesperam
1070 3355 1211 3422 tranquillo
1228 3357 1319 3408 animo
1335 3361 1380 3408 tra·

298 3441 322 3486 et
341 3435 416 3499 [acite
436 3435 520 3484 trariis
535 3435 677 3486 Noeritetur
693 3433 725 3484 ab
741 3435 823 3484 mnni-
860 3433 934 3484 ducit
954 3433 980 3481 in
1001 3431 1086 3480 vineis
1108 3431 1164 3482 suis
1185 3443 1276 3494 neque
1298 3432 1379 3482 incor-

299 3509 356 3571 lm,
382 3510 416 3559 lit
427 3510 578 3572 padicitiem
594 3521 654 3560 ecoe
669 3510 762 3559 Mettis
782 3509 823 3558 in-
860 3509 965 3559 sionum
988 3503 1124 3556 hostilium
1146 3507 1221 3556 metu
1244 3505 1280 3555 ab
1305 3519 1379 3570 opera

299 3583 362 3633 dicet
378 3597 429 3633 ore.
450 3611 478 3620 -
497 3583 615 3649 θιαρωη]
635 3583 768 3648 «Crrlpam
788 3583 823 3633 ita
859 3581 961 3632 rustico
986 3580 1164 3630 deterretur·
1193 3580 1265 3641 virg.
1285 3579 1337 3630 Eoi.
1353 3579 1377 3640 t,

299 3655 424 3707 celeriter
434 3657 583 3720 insequitur
593 3671 694 3723 poena,
713 3657 823 3723 utpede
860 3657 907 3705 er:
926 3667 999 3716 serpe
1015 3665 1061 3718 epe
1078 3653 1165 3717 ionem
1181 3652 1314 3703 Ceemdo
1326 3665 1379 3716 pse

300 3729 399 3793 pedem
415 3735 545 3794 premat.»
859 3742 918 3779 mn
934 3729 1036 3778 marrini
1048 3740 1092 3782 ‚ere
1107 3725 1212 3776 condere
1226 3727 1300 3776 soles.
1321 3725 1377 3778 Plio.

331 3803 437 3853 att-28.
464 3805 577 3870 Scythen]
601 3805 648 3856 od.
668 3806 697 3866 3,
723 3807 751 3868 8,
775 3805 821 3856 23:
860 3805 927 3868 app.
946 3803 974 3866 9,
993 3802 1040 3852 36;
1066 3801 1379 3865 etqttentqaoenioepin'·

299 3878 356 3927 lem
377 3879 483 3940 sopitae
505 3879 566 3929 inco
588 3881 742 3930 meditentur
761 3893 825 3931 eree
860 3875 1170 3929 meedieaeitoeonditur.
1184 3873 1376 3940 Callimlipigr.

301 3951 391 4002 Cedere
406 3954 509 4015 europis.
534 3955 623 4005 Carm.
636 3967 691 4004 sec.
704 3955 751 4004 te:
769 3956 824 4004 lem
860 3955 889 4004 2:
915 3947 1039 4012 ὁσσάκις
1061 3940 1338 4020 ἀμφότεροςἫὶιον
1351 3947 1377 3999 ir

301 4027 406 4088 smttee
425 4039 546 4090 respomu
566 4031 662 4090 petum.
689 4055 716 4064 -
739 4028 825 4078 lorri-
861 4025 952 4098 λέσχῃ
968 4020 1176 4089 κατεδύσαμεν.
1198 4053 1226 4061 -
1244 4024 1376 4076 rediistis

301 4101 347 4166 rte]
373 4103 400 4152 et
424 4103 535 4166 propter
556 4099 672 4162 melum,
699 4102 823 4153 Romanis
861 4102 923 4166 auis]
942 4101 1069 4152 Consulto
1086 4099 1161 4150 addit
1176 4099 1241 4159 sris,
1259 4101 1291 4150 ut
1306 4099 1376 4162 signi·

301 4188 366 4226 sane
392 4175 526 4227 insolitum
551 4189 583 4226 ac
607 4174 766 4238 molestum,
795 4180 826 4226 ut
861 4177 923 4228 ficet
949 4174 1089 4235 laetitiam,
1118 4185 1171 4239 qua
1197 4172 1314 4237 agricola
1335 4185 1374 4223 sua

301 4251 407 4302 Tacitus
424 4251 512 4301 Germ.
531 4251 555 4300 i.
582 4250 714 4313 insonnem
736 4251 824 4312 emir,
861 4251 1033 4317 possessione
1057 4249 1164 4310 fruitur,
1192 4251 1223 4299 ut
1243 4245 1332 4298 Vellei.
1350 4247 1373 4301 i.

302 4335 418 4385 caperem
434 4325 517 4386 eoem,
539 4325 633 4376 tristem
650 4325 719 4376 caue
735 4325 826 4388 adspe-
861 4325 902 4375 89.
922 4323 956 4376 de
974 4324 1082 4386 Augusti
1100 4324 1201 4374 aemio:
1219 4321 1375 4382 misaddai
