3002 4974
305 463 366 528 302
595 521 598 527 ,
691 465 819 517 nonem
837 465 1006 518 cremnon

562 623 655 688 Parte
676 621 816 688 beatum.

479 806 615 874 Abstulit
637 807 758 874 clarum
781 807 843 874 cita
865 828 952 873 mors
974 806 1145 884 Achillem,

475 931 585 1016 Longa
607 927 776 994 Tithonum
799 927 914 994 minuit
935 941 1103 1004 senectus,

476 1051 514 1116 Et
534 1049 611 1115 mihi
634 1050 759 1125 forsan,
783 1049 839 1116 tibi
864 1049 952 1140 quod
975 1051 1117 1137 negarit,

565 1171 710 1259 Porriget
731 1170 821 1237 hora.

476 1362 519 1424 ‘le
541 1377 658 1446 greges
681 1367 810 1424 centum
832 1357 1028 1446 Siculaeque
1050 1360 1171 1425 circum

339 1719 380 1767 τε).
399 1716 440 1766 34).
459 1715 565 1778 cionem]
584 1715 763 1779 «sempiterna
775 1715 833 1778 qui·
870 1718 959 1765 tumen
977 1716 1140 1780 Grosphum,
1160 1719 1183 1768 si
1200 1720 1264 1770 tuuti
1281 1717 1379 1770 loclebrt
1477 1707 1478 1768 l

307 1793 370 1842 dem
388 1790 468 1854 glorio
487 1788 674 1850 excellentem,
701 1789 830 1839 seditem
870 1790 1024 1850 Horatium,
1054 1793 1183 1854 quantum
1212 1805 1276 1844 sane
1303 1805 1380 1844 mere-
1477 1789 1478 1792 ’

305 1862 510 1932 μινυνθάδιον,
537 1856 716 1934 ὠκύμορον.»
743 1889 770 1898 -
792 1864 833 1912 Ti-
870 1864 964 1924 betur,
992 1865 1129 1915 offendere
1151 1880 1204 1916 nou
1226 1871 1335 1932 poterat.
1358 1894 1379 1902 -

307 1943 422 1998 llonmn,
448 1937 633 1988 Laomedontis
651 1936 748 1998 filium,
767 1950 833 1987 con·
871 1937 936 1987 Cod.
956 1939 1067 2001 Franeq.
1102 1940 1134 1989 lt't
1157 1941 1218 1990 miti
1233 1943 1287 2004 fors
1302 1948 1323 1992 τι
1338 1941 1380 1990 tili.

308 2015 423 2077 sumpsit
434 2013 553 2070 senium,
572 2012 633 2074 quin
645 2014 756 2072 Aurora,
770 2025 832 2062 cum
870 2013 942 2062 unde
966 2013 1060 2064 Bosius
1085 2015 1235 2078 suspicatus
1260 2019 1301 2066 est
1322 2016 1381 2079 lonii

307 2089 402 2139 olore
421 2085 646 2138 immortalitatem
658 2087 682 2136 ci
693 2088 834 2150 impetres·
870 2087 928 2148 tibi,
952 2090 981 2137 ut
1002 2088 1055 2136 Sot.
1079 2089 1107 2148 4,
1132 2087 1162 2149 6,
1185 2089 1227 2139 le.
1262 2092 1381 2154 Ingratum
1478 2103 1479 2112 ¹

307 2165 361 2222 set,
388 2155 565 2232 ἀγηρασιας,
590 2163 715 2210 aeternae
737 2163 833 2212 iuven·
871 2163 961 2211 tamen
974 2174 1070 2211 sonum
1086 2163 1106 2210 tt
1123 2163 1142 2211 ti
1154 2163 1247 2227 procul
1260 2163 1337 2216 dubio
1351 2163 1382 2211 ri·
1478 2163 1479 2170 ’

308 2238 379 2298 lutis,
393 2236 578 2300 elllogitendoe
590 2235 670 2286 oblite
684 2239 750 2296 eret,
764 2236 832 2286 adeo
871 2238 938 2286 tevit
959 2239 1052 2300 poeta,
1080 2239 1106 2286 et
1129 2239 1174 2301 qui
1196 2240 1301 2303 scripsit
1316 2238 1383 2290 Codi-

308 2315 348 2372 ut,
371 2311 600 2375 quemadmodum
618 2313 709 2360 narrat
725 2312 833 2362 Servius
872 2323 932 2362 cem
955 2309 1028 2361 illum
1053 2313 1207 2376 ceteroquin
1231 2313 1302 2364 haud
1319 2325 1384 2378 sper·

308 2387 342 2435 ed
358 2387 404 2434 Ge.
419 2389 447 2446 4,
467 2385 535 2448 444,
553 2384 661 2436 tundent
673 2385 700 2434 in
713 2385 833 2436 cicadam
872 2385 990 2436 nendum
1008 2387 1098 2436 nescio
1116 2398 1169 2448 quo
1190 2389 1288 2439 mentis
1306 2399 1384 2437 errore

309 2461 524 2520 converteretur,
551 2458 624 2520 quod
649 2461 740 2509 tumeo
765 2472 835 2509 nou·
871 2461 898 2510 ln
922 2458 1015 2510 lnlsam
1039 2461 1260 2523 compositionem
1284 2463 1315 2512 st
1335 2460 1386 2510 mm

308 2533 374 2583 dum
396 2535 486 2582 narrat
508 2533 602 2595 llymn
625 2533 702 2582 Hom.
722 2534 747 2583 in
765 2535 832 2584 Von.
871 2541 938 2584 --et
955 2533 998 2583 tibi
1016 2535 1114 2584 incidit.
1134 2537 1321 2586 Recentiorum
1336 2547 1387 2586 seu
1479 2529 1480 2542 ,

307 2609 376 2668 220,
401 2620 489 2670 neque
514 2606 547 2656 de
572 2605 622 2655 huc
638 2605 834 2676 prrapopcd-
872 2621 932 2659 sum
955 2611 1064 2660 secutus
1090 2611 1143 2668 est,
1172 2611 1218 2672 qui
1243 2611 1384 2675 proposuit:

308 2695 353 2731 σει
371 2682 495 2744 cogitavit
510 2681 641 2730 Horatius.
661 2682 833 2732 Mimnermus
871 2685 904 2733 Et
920 2681 964 2732 tibi
987 2683 1087 2746 forsas,
1113 2685 1174 2732 miti
1192 2687 1243 2734 cet.
1263 2685 1385 2749 interpre-

307 2755 519 2818 semtipsis:
547 2752 665 2821 Τιθωνῷ
688 2755 743 2820 μὲν
764 2751 834 2806 ἔδω-
873 2759 957 2807 tatus:
988 2759 1131 2808 «Fortasse
1157 2761 1182 2808 te
1209 2758 1322 2823 longior,
1350 2769 1387 2808 mc

307 2845 358 2880 κεν
374 2823 450 2888 ἔχειν
471 2825 565 2879 κακὸν
585 2823 713 2891 ἄφθιτον
730 2825 747 2879 ὁ
765 2827 835 2894 Ζεὺς
872 2832 980 2882 brevior
996 2833 1049 2881 vitu
1068 2835 1184 2882 maneta
1205 2859 1233 2870 -
1246 2835 1318 2898 loro]
1331 2834 1389 2883 usin·

308 2903 418 2976 Γῆρας,
456 2901 473 2954 ὃ
504 2906 554 2954 καὶ
582 2901 713 2957 θανάτου
743 2899 854 2977 ῥίγιον,
873 2906 949 2969 gulae
975 2907 1142 2968 occasiones,
1171 2910 1253 2971 prout
1278 2911 1388 2973 temporo

308 2977 460 3054 ἀργαλέου.
494 2981 621 3030 Ceterum
644 2980 702 3043 lege
725 2984 834 3033 omnino
852 2974 854 3079 q
872 2981 1035 3046 procedente
1064 2993 1126 3030 sese
1154 2995 1204 3045 por
1231 2985 1306 3034 vices
1331 2981 1388 3033 olle·

311 3059 431 3120 Propert.
445 3056 474 3114 Ξ,
488 3055 533 3117 48,
551 3055 575 3104 7.
592 3057 834 3120 -Tillroniimogo
873 3058 958 3105 runt.»
993 3057 1043 3104 Pro
1062 3057 1297 3126 npooorrorcmlq,
1316 3056 1389 3107 nteit

308 3135 350 3182 est
366 3132 392 3180 in
415 3131 478 3180 Anu.
498 3129 553 3178 dell'
576 3130 635 3178 lust.
654 3131 723 3180 orel.
760 3133 788 3181 T.
807 3133 832 3182 8.
871 3129 914 3180 vel
926 3131 995 3180 lloru
1013 3130 1064 3179 des
1075 3130 1117 3180 vel
1130 3130 1208 3182 latius
1223 3134 1319 3194 etium,
1338 3133 1391 3182 For·

307 3218 367 3270 pag.
388 3205 444 3254 440.
465 3229 493 3240 -
512 3203 551 3253 nb
566 3204 834 3266 hocquoquehero'e
873 3207 944 3266 tuno,
965 3204 1090 3267 equidem
1108 3205 1209 3256 hebere
1227 3207 1318 3258 nolim.
1352 3207 1390 3256 Est

307 3281 458 3344 praemium
486 3279 555 3328 vitus
590 3277 773 3341 longissimae,
808 3282 836 3329 et
873 3281 902 3328 ut
912 3277 982 3341 apud
995 3279 1127 3329 Senecam
1138 3281 1246 3342 Thyest.
1259 3282 1321 3333 598:
1344 3281 1390 3331 lmo

309 3367 390 3418 quem
408 3365 518 3417 semper
528 3355 651 3415 vegetam
664 3353 719 3402 lore
732 3355 833 3404 Aurora
869 3357 998 3415 pertrectat
1013 3353 1270 3404 commmunione.
1302 3357 1390 3407 conus

309 3427 405 3477 lrustru
414 3429 579 3490 speraverat,
592 3427 736 3477 senectutis
747 3428 834 3491 ipsum
873 3428 907 3477 de
930 3427 1006 3477 lloris
1024 3426 1127 3477 deabus
1148 3429 1197 3478 Dio
1215 3428 1391 3492 Chrysosl.in

309 3501 380 3551 lente
402 3501 511 3551 taudem
531 3503 713 3552 consumentis
730 3503 835 3554 incom·
874 3500 1034 3553 cunr-idemo
1067 3503 1108 3552 34.
1144 3515 1169 3567 p.
1204 3503 1262 3554 354.
1308 3507 1389 3568 Empt

310 3574 396 3625 modis
427 3574 556 3626 luendum
586 3575 666 3626 luisse
695 3577 834 3641 siguificat,
874 3576 1073 3627 διακονεῖσθαι
1090 3581 1151 3640 τοῖς
1167 3570 1333 3648 ἀνθρώποις
1348 3573 1391 3638 τὰς

311 3651 340 3699 ut
357 3650 518 3700 sententium
538 3648 611 3700 illum
631 3651 693 3700 nihil
715 3655 767 3702 cet.
787 3652 837 3703 de-
869 3645 974 3722 Ὥρας,
1001 3645 1050 3701 οἷα
1069 3647 1105 3717 δὴ
1135 3649 1280 3716 νεωτάτας
1310 3647 1391 3712 οὔσας

310 3722 401 3774 oleret.
874 3726 931 3776 τῶν
948 3723 1032 3788 θεῶν,
1051 3718 1083 3777 εὖ
1105 3726 1159 3792 μὲν
1182 3721 1390 3796 ἁμτεχομινσς,

343 3797 384 3847 34,
397 3797 438 3846 32.
452 3799 485 3847 Et
494 3798 563 3862 mill]
573 3799 701 3859 Tertium,
714 3800 743 3848 ut
755 3798 838 3848 itedi-
875 3797 966 3864 καλὰς
991 3799 1021 3852 δὲ
1040 3798 1121 3862 ἰδεῖν,
1144 3794 1208 3852 οὔτι
1225 3817 1283 3855 που
1301 3795 1390 3875 χρυσῷ

311 3885 380 3933 cum,
391 3871 544 3936 exemplum
555 3875 680 3938 proponit
689 3876 836 3925 sententiae
876 3878 1106 3942 κεκοσμημένας,
1118 3870 1192 3927 ἀλλὰ
1201 3881 1344 3931 παντοίων
1351 3872 1392 3926 ‹ir-

310 3947 379 3999 illius
389 3960 415 3996 v.
426 3948 478 4008 tt,
491 3949 604 4012 petitum
616 3962 631 3998 u
643 3949 799 4013 semetipso
812 3953 839 4000 et
877 3948 937 4001 θῶν
954 3949 1119 4015 στεφάνοις.

311 4022 482 4086 eGrospho,
505 4015 634 4073 ἀπὸτοῦ
653 4021 787 4074 δυνατοῦ.
809 4052 836 4062 -
875 4015 885 4026 “

312 4097 394 4150 «Fieri
418 4099 519 4161 potest,
535 4099 576 4151 ,ut
601 4096 703 4147 bonum
730 4098 838 4162 aliquod
909 4100 949 4151 ³3.
968 4099 1008 4151 34.
1031 4101 1126 4167 propes]
1142 4102 1193 4151 «Te
1209 4101 1392 4154 circumbrlnnt

311 4171 407 4222 trustra
431 4174 491 4220 ate
515 4174 635 4235 optumm
660 4173 725 4222 mihi
747 4175 838 4236 iuspe-
876 4185 971 4240 greges
989 4177 1108 4235 ovium»,
1128 4176 1153 4226 id
1172 4177 1245 4239 quod
1261 4187 1392 4230 assumm-

313 4248 381 4296 ronti
403 4245 548 4308 obtingat.»
582 4249 611 4296 ln
635 4249 688 4296 tote
713 4247 838 4299 carminis
877 4251 941 4300 dum
951 4263 983 4300 er
992 4263 1068 4314 seqq.
1087 4249 1173 4303 Nolim
1184 4253 1257 4303 euim
1269 4252 1391 4318 explicare

313 4318 430 4370 clnusulu
447 4319 513 4370 lenis
531 4321 600 4372 inest
611 4321 748 4390 εἰρωνεία,
768 4334 837 4384 quse
878 4335 987 4387 :greges
1010 4323 1157 4376 Siculorum
1180 4338 1349 4378 vaccarum·
1368 4347 1389 4358 ‘
