3078 4978
626 481 628 487 ¹
720 415 847 466 nonam
868 415 995 466 necnon

627 572 993 632 EXGURSUS
1034 575 1059 628 Ι.

792 688 902 736 Anvl.

374 809 508 870 Perquam
525 806 699 857 memorabile
725 809 767 858 est
789 807 815 857 in
837 808 912 872 poesi
930 806 1161 858 Gallo-Brittanica
1181 808 1285 858 mediae
1303 809 1393 858 acutis

308 889 448 941 Abaelardi
475 889 611 941 lleloisam
636 891 850 942 transformatam
876 903 936 942 esse
963 890 1075 942 alteram
1105 893 1131 942 in
1158 892 1305 943 Canidiam.
1341 893 1391 942 Cir.

308 974 558 1034 Barzan-Breis,
581 987 634 1036 par
659 975 694 1023 dt.
716 974 756 1024 llr.
775 975 879 1024 Hmurt
897 975 926 1024 dr
943 975 969 1024 le
988 975 1170 1037 Villemcrqud,
1193 975 1241 1025 Ed.
1261 976 1304 1026 lll.
1323 977 1393 1025 Paris

310 1057 382 1108 rste.
402 1057 427 1107 in
444 1057 551 1106 Journal
570 1059 612 1106 des
633 1059 742 1106 savants
759 1056 831 1108 ⁴847.
850 1070 877 1120 p.
896 1058 960 1108 268:
987 1060 1016 1109 le
1032 1059 1084 1109 sais
1099 1073 1148 1110 une
1164 1061 1273 1110 chonsou
1290 1061 1334 1120 qui
1348 1060 1393 1122 [cit

306 1141 394 1204 sondro
417 1141 452 1190 les
475 1142 563 1202 meuc,
592 1141 723 1191 tressaillir
744 1141 771 1189 lo
793 1141 889 1204 prande
905 1155 959 1191 mer
975 1148 999 1192 ct
1015 1143 1132 1193 trcurdler
1149 1145 1176 1192 lc
1192 1149 1266 1193 terre.
1301 1145 1329 1192 te
1345 1145 1393 1192 suis

308 1229 360 1273 tout
384 1237 412 1273 ce
436 1225 511 1285 qu'on
532 1229 594 1287 peut
618 1225 702 1274 savoir
726 1236 756 1274 en
772 1237 800 1273 ce
814 1225 917 1284 nwndc,
944 1230 998 1275 toro
1013 1240 1041 1276 ee
1057 1227 1100 1288 qui
1117 1241 1182 1276 scre.
1218 1227 1257 1277 lc
1270 1226 1393 1288 prornic're

308 1309 404 1371 cropru
425 1321 472 1370 que
490 1308 519 1370 je
541 1311 573 1373 tis
597 1321 657 1358 avec
678 1321 737 1357 mon
759 1307 823 1356 ciere
840 1307 981 1371 (Adaiicrd)
1003 1311 1042 1373 fut
1058 1311 1121 1373 sada
1137 1324 1198 1362 avec
1215 1311 1282 1361 loeti
1297 1312 1393 1374 paucae

309 1393 368 1441 d'un
385 1391 492 1441 embeau
508 1396 531 1440 et
548 1393 570 1442 le
586 1405 661 1442 corut·
676 1393 736 1442 d'uu
751 1394 867 1453 ercpcud
883 1399 934 1448 etc.

776 1533 920 1544 ...----.

625 1639 988 1700 EXCUBSUS
1028 1640 1071 1695 ΙΙ.

777 1755 916 1804 Acuti.

374 1877 464 1927 ollaec
481 1889 544 1927 vera
563 1889 623 1927 esse
640 1874 746 1926 videtur
763 1873 913 1938 explicatio,
940 1874 969 1923 ut
990 1875 1137 1924 statuamus
1155 1874 1241 1937 ipsam
1260 1873 1392 1923 Canidiam

309 1961 334 2010 in
352 1961 410 2010 vieo
432 1960 536 2011 Subura
553 1958 672 2010 hahitare
690 1971 804 2022 eamque
822 1958 959 2023 precaria
977 1957 1044 2018 diis,
1075 1959 1104 2006 ut
1122 1969 1205 2007 senex
1233 1955 1315 2019 (quod
1331 1957 1392 2006 ridi·

308 2043 399 2094 culum
417 2043 541 2094 omnibus
553 2043 691 2104 videatur,
710 2042 760 2093 sed
778 2043 859 2107 ipsius
876 2044 966 2092 tamen
978 2040 1104 2091 ellectum
1121 2039 1286 2102 astartibus)
1304 2052 1392 2090 amore

309 2129 425 2190 flagrans
451 2130 486 2178 ed
509 2141 535 2178 ae
552 2127 640 2178 media
658 2129 735 2178 nocte
752 2128 779 2176 tn
796 2126 924 2177 Suburam
938 2127 1040 2187 nmini,
1068 2125 1181 2188 eiusque
1199 2125 1332 2176 adventus
1348 2135 1393 2188 per

307 2211 442 2262 silentium
467 2213 551 2263 noctis
568 2225 666 2262 canum
682 2210 779 2262 latratu
804 2210 977 2274 significetur.
1006 2208 1067 2272 (Cir.
1095 2209 1167 2273 virg.
1195 2207 1248 2258 Ecl.
1277 2209 1307 2267 8,
1330 2208 1391 2258 lot:

307 2295 394 2355 llutos
418 2296 446 2346 in
470 2297 554 2346 limine
578 2295 677 2361 latrat.)
711 2297 806 2359 Sperat
827 2296 935 2356 autem,
963 2307 1025 2344 eum
1047 2293 1081 2343 ad
1105 2307 1135 2343 se
1157 2291 1305 2342 adductum
1322 2293 1352 2340 lri
1370 2292 1393 2339 ii

308 2379 517 2440 venenatarum,
537 2391 604 2444 quas
622 2392 728 2432 summa
745 2382 801 2429 arte
820 2379 845 2428 ei
862 2379 1012 2441 paraverit,
1031 2377 1192 2437 herbarum,
1211 2389 1300 2439 eoque
1316 2389 1393 2426 sensu

308 2461 382 2510 addit
406 2461 490 2511 verba
515 2463 762 2512 Nordo-·mcnus.
798 2461 922 2512 Similiter
947 2462 1013 2512 inira
1039 2475 1063 2512 v.
1091 2461 1132 2510 dil.
1159 2465 1238 2510 unctu
1254 2459 1319 2510 dicit
1336 2459 1393 2509 Vari

307 2543 401 2594 cubilia
416 2544 536 2594 oblivione
553 2547 663 2596 omnium
678 2545 819 2608 pellicum.»
838 2547 931 2596 Renes.
946 2571 975 2582 -
989 2545 1091 2594 Verum
1103 2545 1165 2594 huic
1186 2544 1393 2608 interpretationi

308 2641 341 2677 er
366 2641 428 2678 meo
454 2628 563 2692 quidem
589 2643 671 2679 sensu
696 2643 748 2680 non
773 2631 837 2680 satis
855 2631 1017 2681 conveniunt
1031 2643 1074 2679 vv.
1094 2629 1160 2690 quod
1176 2641 1261 2678 orrum
1277 2629 1392 2688 ridant,

308 2712 434 2776 qnoniam
459 2712 495 2761 ita
520 2724 574 2762 non
599 2715 683 2777 uragis
701 2714 805 2764 derisus
823 2716 896 2765 esset
912 2714 998 2763 Varus
1016 2725 1097 2776 qnam
1115 2724 1179 2775 saga
1204 2712 1280 2775 ipsa,
1308 2725 1393 2775 neque

308 2795 335 2845 in
351 2796 432 2845 riardo
450 2810 475 2845 v.
495 2797 535 2846 58.
563 2798 601 2848 sic
627 2796 781 2862 simpliciter
805 2799 891 2862 posito
918 2796 1066 2861 quidquam
1082 2796 1208 2846 venenati
1225 2795 1283 2846 sive
1301 2796 1393 2859 manci

309 2880 398 2930 inesse
416 2881 512 2944 potest.
1235 2875 1238 2884 ¹

610 3130 1079 3190 excutiamur.

772 3245 912 3296 Αυν.87.

373 3367 507 3429 Quotquot
530 3365 582 3415 vidi
610 3367 769 3428 interpretes
795 3367 908 3430 excepto
933 3367 1069 3418 Viseontio
1094 3369 1122 3418 et
1147 3369 1211 3429 l'ea,
1239 3369 1284 3432 qni
1301 3380 1393 3418 nmero

306 3453 400 3514 putant
416 3462 477 3500 esse
501 3450 653 3499 vocativum
680 3449 714 3512 (id
738 3450 811 3514 quod
834 3450 897 3501 mihi
923 3463 1003 3501 secus
1019 3449 1141 3511 ridetur,
1169 3453 1219 3502 etsi
1244 3451 1392 3517 comparari

306 3534 420 3597 possunt
435 3531 546 3595 similia,
564 3533 656 3594 accim,
672 3534 842 3596 propudium,
858 3533 1009 3600 probrum),
1029 3538 1057 3586 et
1073 3533 1207 3598 Gargallo,
1227 3537 1392 3600 quiquidem

304 3617 345 3678 [aa
360 3618 481 3681 nefasque
497 3619 675 3669 nominativos
693 3630 752 3668 esse
771 3620 844 3668 ratus
862 3621 917 3678 est,
942 3619 990 3669 sed
1009 3617 1102 3670 falsam
1120 3621 1280 3670 sententiam
1298 3622 1391 3686 poetae

307 3699 436 3751 obstruit:
463 3701 500 3751 Ne*
517 3703 672 3763 innocense,
699 3699 730 3750 nri
747 3701 834 3763 colpe,
861 3703 1035 3767 omnemne,
1062 3704 1114 3753 Pud
1131 3705 1161 3754 da
1176 3704 1269 3754 t'uorno
1287 3705 1314 3754 ia
1330 3709 1392 3754 rorte

302 3783 432 3847 'ecupiw
461 3795 485 3832 v.
504 3799 599 3836 ueneno
616 3785 718 3837 habent
735 3798 784 3849 pro
802 3784 938 3844 subiecto,
967 3799 1016 3850 pro
1034 3787 1140 3838 obiecto
1156 3801 1279 3852 ηιαρηιωι
1293 3790 1335 3851 [ωε
1349 3801 1392 3838 re·

304 3870 409 3931 sasque,
429 3866 501 3930 quod
519 3871 611 3919 contra
624 3871 673 3920 est.
709 3870 775 3919 ilino
792 3871 865 3919 ortae
883 3869 972 3920 variae
990 3869 1197 3934 explicationes:
1217 3871 1240 3935 l)
1259 3871 1313 3922 «Er
1324 3873 1390 3922 ritae

306 3953 439 4002 humanae
457 3950 613 4002 condicione
631 3965 645 4000 a
663 3951 705 4001 dia
722 3951 806 4002 semel
825 3954 966 4004 constituta
983 3954 1113 4004 venalicia
1131 3967 1183 4004 non
1202 3953 1290 4005 valent
1315 3969 1391 4006 ever·

305 4037 362 4086 tere
388 4034 461 4098 leges
486 4037 624 4096 aeternas,
653 4034 750 4098 quibus
776 4036 816 4087 las
843 4038 971 4101 nefasque
997 4037 1190 4102 distingueret
1235 4037 1389 4100 (ulalionem

307 4120 376 4168 vitae
402 4119 552 4180 humanae,
579 4117 703 4168 videlieet
719 4122 749 4167 ut
766 4118 805 4170 las
822 4121 989 4185 praemium,
1017 4123 1092 4174 nelos
1110 4135 1224 4186 poenam
1242 4125 1388 4187 exspectet.

306 4215 409 4252 venena
436 4203 538 4266 magica
563 4205 667 4252 mutare
696 4216 748 4253 non
774 4203 863 4254 valent
888 4218 976 4269 neque
994 4205 1117 4266 allicere,
1145 4209 1174 4256 ut
1191 4205 1265 4258 naias
1282 4203 1388 4256 inultum

306 4290 440 4336 manent.»
460 4285 575 4348 licencia.)
611 4286 633 4346 il
654 4286 806 4338 «veneficia
831 4303 883 4339 non
906 4289 993 4340 valent
1019 4293 1173 4353 pervertere
1193 4289 1232 4340 las
1250 4291 1386 4354 notasque.
