2998 4980
528 456 592 505 ΗΒ.
612 456 631 504 l.
668 457 696 504 C,
717 455 826 504 xxviii.

338 593 481 677 ¹Tartara
503 609 702 677 Panthoiden
724 611 840 676 iterum
863 611 949 676 Orco

177 734 377 808 hemissum,
402 731 559 820 quamvis,
584 729 689 818 clipeo
712 731 849 797 Troiana
870 729 971 796 refixo
1026 749 1038 768 ·

345 857 504 941 Tempora
525 863 674 930 testatus,
698 851 775 917 nihil
796 851 879 918 ultra

176 1019 298 1082 Nervus
321 1023 418 1100 atque
442 1023 550 1078 cutem
571 1010 665 1076 morti
688 1019 895 1078 concesserat
916 1019 1021 1086 atrae,

346 1132 456 1199 iudice
478 1141 509 1198 te
533 1152 598 1197 non
621 1130 773 1197 sordidus
795 1142 908 1198 auctor

199 1323 239 1376 ll.
259 1322 290 1387 tr]
307 1335 348 1372 nte
362 1321 459 1372 Nescio
476 1321 536 1384 quis
553 1319 626 1384 apud
644 1319 874 1384 Cuuinghumium⁴

133 1498 175 1544 tur
192 1505 223 1541 on
241 1490 443 1550 terraemotus,
462 1485 593 1537 ablatus.»
613 1484 663 1550 (hl-
699 1489 811 1537 Pausan.
830 1487 861 1548 i,
887 1487 927 1536 ll.
951 1488 1025 1550 Diog.
1044 1490 1130 1538 Laert.
1149 1489 1177 1548 8,
1197 1491 1221 1538 5.

132 1573 219 1618 teram
237 1565 484 1629 interpretationem
499 1563 608 1613 secutus
621 1563 661 1611 est
699 1561 785 1612 Schol.
808 1562 843 1611 ad
865 1562 944 1624 Soph.
968 1561 1062 1612 Electr.
1087 1563 1127 1612 62.
1147 1563 1221 1613 Ovid.

133 1642 254 1700 Lliblrer,
274 1652 327 1688 non
344 1638 407 1689 salis
425 1636 567 1686 attendens
580 1627 661 1686 ἀντι·
698 1635 825 1697 Metili,
851 1635 908 1686 463.
936 1663 964 1672 -
983 1639 1074 1686 mrem
1091 1638 1155 1688 Orco
1171 1641 1224 1688 Da-

132 1717 230 1778 θεσιν,
256 1713 322 1778 (etsi)
341 1713 451 1762 conviva
476 1710 589 1760 deorum
607 1712 658 1759 cet.
697 1711 808 1776 missum]
828 1711 901 1761 «Etsi
919 1709 1148 1777 παλιγγενεσίαν,
1171 1727 1223 1776 με·

132 1794 227 1842 Nostra
254 1801 287 1838 ex
310 1787 411 1837 ratione
435 1788 489 1836 est:
518 1785 659 1844 Tithonus,
697 1783 903 1849 τεμψύχωσιν,
927 1799 1010 1850 quam
1028 1786 1157 1849 docebat,
1180 1787 1224 1838 illo

132 1867 181 1917 etsi
204 1866 231 1914 in
254 1861 358 1913 caelum
383 1861 417 1911 ab
434 1863 535 1910 Aurora
558 1861 659 1922 raptus,
698 1859 780 1910 modo
797 1863 907 1911 testatus
926 1863 997 1922 erat,
1023 1863 1113 1912 tamen
1135 1862 1224 1913 denuo

132 1943 223 1990 tamen
236 1937 352 2000 denique
365 1935 474 1996 occidit,
492 1936 553 1997 quia
566 1933 662 1982 coniux
699 1935 766 1984 mori
784 1937 808 1984 ei
826 1949 938 1986 necesse
957 1936 1004 1986 luit
1021 1951 1145 2000 nuncque
1161 1950 1223 1987 eum

133 2011 361 2064 immortalitatem
384 2009 408 2060 ei
435 2022 450 2058 u
475 2009 537 2060 love
562 2006 662 2072 pacisci
698 2009 795 2058 relinet
806 2011 898 2071 Orcus,
912 2011 991 2061 hodie
1004 2025 1136 2075 nusquam
1149 2024 1224 2061 com-

133 2087 216 2138 oblita
235 2085 311 2148 erat.)
698 2084 804 2146 paret.»
833 2086 872 2134 De
897 2087 1095 2136 constructione
1114 2086 1147 2136 cl.
1169 2087 1221 2136 Sat.

163 2163 188 2212 9.
217 2161 308 2224 Minos]
327 2157 422 2220 Odyss.
448 2171 478 2218 τ,
504 2157 565 2206 ⁴79:
592 2149 661 2216 Διὸς
698 2159 723 2216 2,
748 2159 779 2218 5,
803 2157 844 2208 lli.
867 2157 950 2208 Pluut.
977 2161 1051 2223 Capi.
1072 2161 1100 2221 3,
1123 2163 1151 2222 45,
1177 2160 1221 2211 3l:

132 2232 263 2304 μεγάλου
281 2228 435 2304 ὀαριστής,
460 2232 505 2294 qui
528 2229 661 2280 admissus
700 2233 805 2293 οναηάσ
824 2259 838 2270 -
858 2261 871 2270 -
891 2239 915 2282 te
932 2236 1008 2283 morti
1028 2235 1128 2284 misero.
1150 2235 1221 2298 Virg.

132 2311 245 2362 secretis
257 2310 325 2360 lovis
337 2306 474 2370 colloquiis
486 2305 520 2354 ab
534 2318 566 2353 eo
578 2304 660 2367 leges,
698 2307 763 2355 hen.
788 2308 819 2367 l,
842 2307 904 2357 398:
927 2309 1018 2358 multos
1038 2311 1159 2358 Danaum
1180 2311 1224 2360 de-

134 2399 201 2450 quas
220 2383 344 2435 Crelibus
356 2382 446 2443 daret,
465 2380 616 2444 acceperat.
632 2405 660 2414 —
697 2381 818 2430 mittimus
835 2381 907 2430 Orco.

133 2459 280 2522 tobmtqua]
307 2460 336 2507 ut
360 2457 430 2520 Virg.
455 2458 520 2505 Aen.
541 2456 569 2515 4,
597 2454 659 2503 555:
732 2456 771 2504 li.
792 2455 831 2504 43.
849 2456 911 2506 nihil
927 2457 1223 2523 ultracet.]«corporis

135 2536 180 2585 Sin
198 2539 244 2584 te-
257 2535 349 2583 Poolus
364 2531 443 2580 babet.
699 2528 837 2580 dumtaxat
867 2532 1005 2582 exuvias.»
1045 2531 1224 2604 Περίφρασις

167 2611 208 2658 tc.
229 2608 268 2657 44.
290 2607 406 2670 Tartara]
425 2601 660 2654 hoclocononde
699 2605 748 2654 isla
774 2617 826 2654 uon
853 2607 909 2654 tam
934 2605 1033 2656 ironica
1056 2605 1098 2658 vel
1122 2607 1223 2658 comice

135 2684 323 2734 damnatorum
335 2679 415 2742 sede,
429 2679 478 2730 sed
490 2679 524 2729 de
535 2680 662 2728 universo
699 2681 752 2739 cst,
772 2681 801 2729 ul
813 2679 910 2743 opinati
922 2681 984 2730 sunt
994 2683 1152 2746 interpretes
1165 2683 1224 2746 qui-

135 2761 216 2819 Orco,
236 2759 263 2806 el
280 2757 318 2806 sic
336 2757 388 2804 iam
401 2755 502 2805 Graeci.
530 2754 661 2816 Theognis
698 2754 777 2814 dam,
796 2767 877 2817 quam
895 2756 1025 2818 signifieat
1036 2759 1222 2820 Pythagoram,

136 2832 213 2881 ⁴036:
233 2823 303 2880 ὅταν
321 2823 410 2880 αὐτὸν
428 2824 546 2894 (θνητὸν
560 2821 661 2896 ἄνδρα)
698 2827 835 2892 Euphorbi
851 2842 914 2878 cum
926 2829 1040 2893 clipeum
1053 2833 1222 2892 monstraret,

133 2900 188 2977 ἔχῃ
207 2902 356 2977 Τάρταρος
371 2899 491 2974 ἡερόεις.
508 2931 535 2939 -
547 2905 664 2953 Panthoi—
699 2903 863 2964 affirmasse,
877 2917 915 2964 se,
929 2905 1009 2954 animi
1022 2905 1225 2955 immortalitatis

135 2981 194 3046 dur]
225 2979 298 3032 llind.
329 2993 367 3040 π,
396 2979 462 3029 808:
494 2975 662 3042 Πανθοίδης
699 2979 817 3037 certum,
839 2992 936 3042 corpus
955 2981 1032 3029 morti
1050 2979 1224 3030 libentissime

136 3049 306 3126 Εὔφορβος,
333 3049 367 3117 ὃς
390 3047 504 3120 ἡλικίην
521 3053 662 3104 ἐκέκαστο
700 3054 881 3114 concessisse,
909 3065 972 3103 cnm
995 3054 1051 3117 ipse
1075 3068 1107 3104 ex
1131 3054 1180 3104 ulia
1198 3057 1225 3105 in

127 3123 228 3196 Ἔγχεΐ
242 3130 268 3180 θ’
286 3124 432 3200 ἱπποσύνῃ
451 3143 481 3178 τε
499 3124 621 3178 πόδεσσί
632 3141 663 3177 re
700 3126 779 3177 aliam
797 3126 910 3176 sormam
927 3129 1086 3177 transiturus
1099 3131 1179 3179 esset.
1195 3156 1222 3165 -

135 3203 369 3275 καρπαλίμοισιν.
391 3202 545 3255 Alienelao
557 3203 662 3252 occisus
699 3203 795 3251 Nereos
811 3205 886 3263 atque
902 3202 990 3266 mecm]
1009 3202 1144 3252 immerito
1156 3203 1224 3254 haec

136 3281 191 3339 est,
216 3281 357 3344 propterea
382 3280 457 3341 Argis
482 3277 583 3341 clipeus
605 3278 662 3328 eius
700 3277 824 3326 aneseio
848 3289 901 3338 quo
924 3279 1060 3339 tamquam
1078 3277 1156 3327 nimis
1173 3279 1224 3327 hu-

136 3353 238 3404 dicatus
265 3355 357 3404 lunoni
384 3352 434 3417 (vel
458 3353 606 3414 Minervae,
634 3354 664 3401 ut
701 3349 771 3401 milia
800 3351 881 3414 atque
910 3350 1014 3401 abiectu
1041 3354 1103 3401 sunt
1131 3365 1225 3416 repre-

136 3429 172 3478 ait
188 3427 318 3478 Maximus
335 3429 430 3490 Tyrius
448 3426 489 3488 46,
508 3428 533 3476 2.
552 3425 664 3476 ubiele·
700 3427 793 3476 hensa.
831 3421 870 3475 Τὸ
894 3423 986 3497 δέρμα
1009 3421 1097 3477 τοῦτο
1118 3427 1168 3477 καὶ
1189 3422 1225 3478 τά

135 3505 228 3566 gauter
244 3503 384 3554 historiam
402 3501 509 3565 narrat).
544 3503 615 3562 Iam,
634 3505 665 3551 ut
701 3494 775 3551 ὀστᾶ
792 3497 905 3564 καὶτὰς
915 3500 1041 3572 σάρκας,
1058 3498 1111 3566 τῆς
1122 3499 1225 3567 ψυχῆς

136 3581 242 3628 vetares
268 3576 471 3637 fabulabaulur,
498 3577 663 3640 Pythagoras
700 3573 843 3636 χλαινὶδια
864 3577 914 3626 καὶ
933 3570 1023 3644 ῥάκια
1043 3571 1155 3642 ἀσθενῆ
1175 3578 1226 3628 καὶ

136 3651 289 3702 affirmabat
305 3665 334 3702 se
355 3651 460 3701 Troiani
477 3650 540 3701 belli
558 3655 663 3716 tempo-
700 3648 837 3722 τρύχινα,
876 3645 1064 3722 &supplerem
1096 3645 1225 3717 ἄσμενον

136 3727 211 3777 ribus
234 3727 315 3777 luisse
337 3726 524 3790 Euphorbum,
551 3728 608 3777 tum
630 3742 664 3778 ex
700 3725 796 3777 suadet
812 3727 942 3778 Maximus
959 3729 1020 3792 Tyr.
1040 3727 1084 3788 43,
1103 3728 1127 3776 li.

136 3801 192 3852 aliis
209 3801 236 3850 in
254 3799 303 3850 alin
320 3801 450 3864 migrasse
462 3814 588 3865 corpora,
607 3805 665 3852 tan-
734 3801 773 3852 ll.
809 3803 891 3852 iudice
908 3803 938 3866 lc]
957 3803 1006 3862 Qui
1017 3802 1226 3864 Archytamhoc

136 3877 199 3926 dem
217 3875 396 3938 Pythagoram
415 3876 522 3926 lactum.
559 3877 607 3927 Cui
624 3879 664 3927 rei
701 3877 796 3926 naulae
814 3877 904 3927 dicere
922 3879 1055 3938 statuunt,
1083 3875 1225 3940 explicant:

136 3953 165 4000 ut
182 3949 264 4000 iidem
282 3949 397 4011 laceret,
419 3948 534 4013 clipeum
552 3951 579 4001 in
597 3953 664 4005 tem-
701 3951 804 4002 «iudice
827 3953 927 4016 pariter
944 3955 972 4003 et
993 3955 1020 4002 te
1042 3955 1069 4002 et
1090 3951 1224 4010 omnibns,

136 4023 179 4087 plo
197 4025 266 4074 inter
283 4023 333 4074 alla
349 4017 528 4089 ἀναθήματα
543 4021 660 4088 amium,
700 4027 797 4090 quide
815 4027 964 4090 Pythagora
984 4041 1103 4092 unquam
1121 4025 1226 4076 inaudi-

137 4111 229 4160 suum,
242 4113 304 4150 cum
317 4101 476 4165 Euphorbus
488 4105 569 4162 esset,
582 4101 662 4153 luisse
699 4103 822 4152 verunt.»
853 4103 1039 4152 coniecturam
1056 4102 1138 4151 iudice
1153 4112 1225 4149 nme

138 4173 325 4234 contendebat,
344 4175 450 4239 hocque
465 4177 552 4240 ipsum
565 4189 663 4226 nomen
700 4176 771 4226 lanio
789 4179 927 4240 receptam
945 4177 1079 4227 neminem
1098 4177 1150 4224 iam
1162 4185 1225 4237 pro·

139 4249 294 4313 inscriptum
311 4248 397 4314 clipeo
415 4262 477 4299 mox
493 4252 588 4315 refluo,
614 4251 663 4302 de·
700 4252 826 4302 balurum
843 4265 904 4302 asse
923 4251 1036 4301 conlido.
1060 4279 1086 4289 -
1106 4263 1156 4299 noo
1172 4261 1226 4297 sor·-

140 4323 235 4384 lraeto,
259 4337 293 4374 eo
318 4325 456 4389 repertum
478 4338 538 4377 esse
564 4325 661 4376 lerunt.
699 4326 779 4389 άίάαε]
798 4327 840 4376 sic
857 4325 944 4376 Livius
962 4325 1007 4388 30,
1026 4325 1066 4377 lt.
1086 4321 1224 4388 Polybium
