3078 4978
618 473 621 478 ,
701 406 830 457 noman
848 405 974 456 aeonon

465 565 587 631 Currus
610 573 642 628 et
664 563 797 628 intactas
820 559 945 628 boves?

422 688 456 752 in
479 683 665 771 Triumphe,
689 705 750 752 neo
772 681 959 771 iugurthino
982 701 1093 769 parem

463 805 551 873 Beilo
575 806 745 894 reportasti
769 789 901 880 danem,

423 922 535 1015 Ne'que
558 927 756 1004 Africanum,
781 926 833 992 cui
857 947 957 1013 super
971 925 1201 1012 Karthaginem
1341 927 1381 990 ‘25

465 1049 570 1115 Virtus
593 1047 779 1136 sepulerum
801 1045 954 1114 condidit.

420 1172 518 1238 Terra
540 1170 687 1258 marique
708 1170 812 1236 vietus
834 1168 935 1235 hostis
958 1169 1076 1256 punioo

360 1398 400 1447 22.
420 1396 508 1446 boves!
526 1395 587 1446 LCt.
608 1421 636 1430 -
654 1396 696 1445 25.
714 1395 834 1458 Africano
851 1394 904 1454 Sd,
923 1407 963 1458 pr.
982 1392 1014 1456 b,
1033 1395 1098 1444 item
1115 1395 1196 1446 ncta.
1228 1395 1267 1458 (Ut
1285 1409 1346 1453 nos,

328 1486 361 1532 ο,
380 1484 448 1521 corr.
467 1469 501 1532 h,
521 1469 606 1521 Codd.
624 1467 749 1530 Bentleii,
769 1467 884 1519 Oberiini
902 1469 921 1518 B
940 1471 967 1518 et
984 1481 1031 1520 sex
1047 1469 1173 1530 Pontem,
1193 1468 1346 1544 Bentleius.)

330 1575 357 1582 -
376 1545 425 1611 car]
444 1559 493 1608 quo
509 1542 627 1596 malebat
642 1542 786 1594 Bentleius.
811 1569 839 1580 -
858 1543 899 1592 Ἡ.
919 1544 1012 1594 hoico
1028 1544 1051 1593 J.

296 1733 331 1807 ἧς
348 1741 379 1792 ot
393 1739 523 1804 βασιλεῖς
540 1735 591 1802 τὰς
609 1737 715 1790 ἐκτῶν
733 1737 820 1789 noit-
856 1739 967 1789 rietinae
993 1740 1187 1803 sempiternum
1211 1740 1304 1790 essent
1325 1742 1381 1790 Sci-

294 1833 358 1883 μων
375 1810 494 1882 πομπὰς
510 1811 719 1880 πομπεύουσιν.
740 1843 767 1851 -
781 1817 821 1864 in·
856 1813 942 1879 pionis
952 1813 1062 1863 minoris
1073 1813 1379 1864 monumentum-Veii.

294 1893 388 1956 tortos]
416 1892 551 1942 «nondum
571 1890 622 1942 sub
642 1892 732 1954 iugum
753 1891 818 1941 mis·
856 1890 912 1939 Pat.
933 1891 959 1947 t,
979 1889 1025 1937 ⁴2:
1045 1887 1227 1937 eum-iotam
1243 1889 1326 1952 mapis
1341 1889 1382 1936 in-

294 1980 364 2019 eas.»
399 1967 469 2030 Virg.
493 1968 538 2016 Ge.
566 1964 597 2026 i,
624 1963 686 2022 tta:
722 1965 819 2014 intorto
854 1964 925 2013 ονόἰο
940 1963 1053 2024 imperii,
1072 1973 1150 2022 aaron
1165 1961 1242 2012 ultim
1257 1963 1380 2013 duston·

293 2043 394 2092 totidem
410 2041 504 2091 οοννίοο
520 2041 645 2090 iunones.
663 2040 762 2102 Iniupes
778 2040 820 2089 ho-
853 2039 924 2100 pom's
939 2038 1033 2087 maias
1043 2037 1151 2086 ἰονίεονο
1165 2038 1277 2086 honoro
1288 2038 1383 2086 omnini

292 2117 355 2166 satas
370 2117 449 2166 vocat
465 2113 582 2166 Macrob.
607 2115 660 2163 Sat.
679 2113 708 2174 3,
726 2115 750 2164 5,
783 2114 818 2163 «Α
854 2113 967 2175 paunus
982 2112 1081 2161 sustulit
1101 2111 1209 2175 {mitons
1224 2123 1285 2162 sane
1300 2113 1382 2161 virts-

293 2188 519 2254 triumphantibus
535 2187 586 2238 bos
608 2187 668 2239 aiba
690 2190 717 2238 et
741 2187 819 2238 indo·
855 2188 887 2238 tis
910 2191 1110 2246 monimentum,
1139 2188 1207 2248 qood
1228 2188 1317 2250 suaerat
1341 2188 1383 2236 ani

294 2266 356 2316 mita
369 2266 394 2315 iu
407 2263 535 2331 Capitolio
546 2263 678 2315 immolari
689 2262 818 2315 solebat.»
856 2262 908 2310 eires
924 2261 1074 2310 sternentia.
1093 2259 1131 2310 id.
1144 2261 1175 2320 8,
1193 2259 1235 2310 io.
1255 2260 1289 2310 de
1308 2263 1384 2312 Pom-

294 2342 379 2391 Corn.
399 2339 477 2397 Cano.
856 2335 1382 2398 peiozquotportesterromnortiraant,

326 2414 436 2463 23-26.
462 2412 624 2477 Iufflutht'no]
646 2415 723 2464 «Non
746 2413 818 2463 tanta
855 2411 956 2460 totidem
980 2409 1057 2474 (iecit)
1079 2415 1242 2460 montanario
1263 2411 1384 2462 atemere

298 2485 380 2550 glana
416 2486 589 2549 triumphavit
616 2488 733 2545 Marius3
766 2500 818 2536 non
856 2499 924 2536 atae.
946 2509 974 2522 -
994 2485 1043 2545 Qui
1068 2483 1158 2548 tegunt
1179 2484 1314 2548 Africano,
1342 2487 1384 2536 in·

293 2573 342 2624 per
359 2559 406 2609 init
423 2561 530 2609 Caesari
548 2561 638 2610 nostro
653 2562 749 2613 Marius
767 2575 818 2612 neo
857 2563 947 2625 eptam
960 2559 1119 2610 sententiam
1130 2560 1287 2610 oontiunare
1299 2561 1383 2610 eoacti

294 2635 382 2697 Scipio
398 2633 536 2685 Africanus
554 2635 666 2684 minor.»
687 2662 715 2670 -
727 2647 819 2698 repor—
856 2635 931 2685 sunt:
950 2635 991 2684 oui
1008 2633 1069 2683 heho
1085 2633 1205 2698 Afrioauo
1221 2646 1298 2697 asper
1315 2636 1384 2685 Kar-

292 2709 353 2758 tasti
369 2709 469 2772 duran]
489 2709 639 2759 «victorem
662 2709 774 2760 hiarium
792 2711 819 2760 et
855 2709 982 2773 inopinam
998 2710 1050 2758 oet.

292 2785 371 2833 antea
386 2782 539 2834 Africanum
555 2783 701 2842 minorem;
721 2783 819 2847 quibus
888 2784 930 2834 27.
956 2783 997 2834 28.
1028 2783 1120 2847 Terra]
1150 2783 1250 2847 Copiae
1279 2781 1382 2833 Antonii

293 2858 394 2908 Caesar
404 2871 475 2908 nuno
484 2855 643 2908 antecellit·
656 2859 719 2910 Mire
733 2872 819 2922 nuper
856 2859 1012 2918 terrestres,
1039 2869 1102 2907 oum
1127 2870 1177 2921 per
1196 2859 1304 2920 septem
1326 2857 1384 2908 dies

292 2932 402 2996 quidam
425 2933 560 2995 exposuit:
589 2933 743 2996 «reportasti
767 2932 819 2982 du·
856 2944 919 2982 eum
932 2933 1145 2995 exspectassent,
1164 2925 1323 2994 ὦςαῦτὶνα
1334 2944 1384 2980 πο-

292 3019 353 3056 oem
370 3006 504 3070 captivum
522 3021 554 3057 ao
571 3007 707 3070 triumpho
719 3007 819 3057 dnoen-
855 3005 908 3056 aa
935 3002 1191 3070 ἐκφανησόμενον,
1210 3031 1251 3043 --
1273 3003 1382 3068 τέλος·

294 3079 373 3140 dum,
393 3093 426 3130 ex
443 3081 564 3145 Aegipto
583 3079 765 3144 Cleopatram,
785 3095 818 3132 ex
854 3075 907 3132 τοῦ
926 3075 1089 3170 στρατηγοῦ
1111 3077 1248 3131 Κανιδίου
1270 3077 1383 3150 νύκτωρ

292 3155 488 3217 Karthagine-
499 3157 601 3218 quemi
613 3168 725 3217 quaeso:
742 3155 819 3206 «Nul-
856 3148 1037 3225 ἀποδραντος
1048 3183 1064 3194 -
1074 3149 1253 3220 -γενόμενοι
1268 3151 1383 3204 πάντων

292 3228 382 3288 iunio,
407 3227 491 3291 inquit
508 3229 580 3292 ipse,
608 3231 736 3294 «praeter
751 3232 818 3280 Kar·
854 3225 959 3301 ἔρημοι
970 3255 1008 3268 --
1018 3226 1058 3296 τῷ
1067 3227 1221 3300 κρατοῦντι
1233 3225 1383 3300 προσεχό-

292 3303 427 3365 thaginem
444 3303 557 3366 ipsam.»
571 3329 599 3338 -
614 3305 686 3354 Leot.
698 3303 818 3368 Africano
854 3319 957 3376 ρηοαν.
987 3303 1053 3355 alut.
1077 3305 1137 3356 Ant.
1156 3304 1196 3354 68.
1226 3331 1254 3340 -
1279 3303 1381 3368 posteo]

292 3376 379 3440 (tello)
398 3377 476 3428 nimis
494 3377 577 3428 refert
592 3378 748 3441 pedestrem
759 3391 818 3428 ora-
856 3392 1008 3445 apurpureo
1020 3391 1041 3429 s.
1053 3379 1180 3428 ooooineo
1191 3377 1381 3442 paludamento

292 3452 391 3502 tionem
400 3454 428 3501 et
438 3454 578 3515 praeterea
590 3444 700 3522 ἄκορον
715 3454 757 3502 est
767 3465 817 3516 pro
855 3453 1025 3517 imperatoris
1046 3453 1168 3516 deposito
1188 3451 1294 3515 gregale
1314 3451 1383 3516 (pui-

291 3527 393 3576 Punico.
414 3525 482 3585 Quid
498 3524 600 3576 multat
616 3528 755 3578 Pravaest
770 3541 817 3578 no·
854 3527 917 3590 ium)
936 3541 1030 3592 sagum
1047 3528 1176 3592 sumpsit,
1204 3527 1277 3590 quod
1300 3539 1383 3591 squa-

291 3598 470 3649 commodatio
479 3599 514 3648 ed
522 3613 547 3650 v.
558 3601 815 3666 leporinae-eus]
854 3601 917 3652 ioris
935 3603 963 3652 et
983 3601 1069 3653 luctae
1086 3603 1192 3665 signum
1210 3603 1308 3654 esset·
1337 3600 1383 3651 ΑΙ-

291 3672 413 3724 Fabeliae
434 3674 545 3725 heronis
563 3677 590 3724 et
610 3675 714 3727 comm.
733 3677 815 3740 Cruq.
853 3680 912 3728 tera
923 3677 1008 3728 torma
1022 3677 1154 3739 ρινιᾶοονν,
1173 3689 1243 3741 quae
1259 3675 1383 3739 monen-

291 3747 326 3797 de
337 3749 512 3797 monumento
521 3749 645 3801 Africano
653 3751 746 3800 maiori
758 3764 818 3801 ora·
854 3753 906 3802 tior
933 3753 975 3802 esi
1005 3753 1032 3802 in
1060 3763 1141 3816 prosu
1169 3751 1289 3802 emtione
1321 3749 1380 3813 (cir.

291 3819 342 3870 ouli
359 3821 434 3870 iussn
446 3821 471 3869 in
488 3825 567 3884 portu
578 3824 692 3874 Ostiensi
709 3825 816 3876 condito
853 3824 975 3878 hinetzell
987 3825 1022 3876 ad
1035 3825 1157 3877 Curtium
1167 3826 1193 3886 3,
1206 3827 1242 3885 7.,
1260 3823 1307 3875 nbi
1325 3825 1382 3888 ipse

291 3897 318 3944 et
342 3893 530 3957 Karthaginem
555 3897 716 3960 respiciente
737 3911 817 3962 prae·
850 3901 977 3963 punieris,
990 3901 1086 3964 Zumpt
1092 3900 1221 3963 punicis),
1240 3901 1323 3949 ntitm
1333 3897 1380 3948 od.

291 3973 333 4020 ter
355 3967 587 4022 Waiokenaerium
611 3973 630 4021 1.
649 3983 676 4034 p.
695 3971 752 4022 360.
772 3987 818 4024 re-
854 3974 885 4036 t,
903 3974 951 4035 tt,
970 3972 995 4025 i.
1026 3972 1146 4035 (Martini.
1168 3974 1197 4036 6,
1220 3973 1267 4022 tt:
1297 3973 1338 4022 Vis
1360 3977 1384 4022 ta

291 4045 441 4096 nentiorum
458 4057 538 4094 nemo
554 4045 608 4094 iam
622 4043 703 4095 tidem
715 4046 815 4098 tribuit.
852 4061 1026 4112 purpurano,
1038 4049 1139 4110 Muros,
1153 4053 1259 4112 sapam
1268 4045 1382 4109 maest)

294 4147 320 4155 -
329 4119 601 4184 supermanantem]
613 4120 815 4182 «supereoium,
855 4121 946 4174 Florus
955 4120 979 4183 t,
992 4122 1032 4184 u,
1042 4123 1068 4173 3.
1082 4121 1117 4173 de
1126 4123 1255 4173 Antonio:
1274 4121 1383 4172 Am

291 4193 337 4244 nbi
358 4195 469 4245 steterat
490 4193 559 4244 tila.»
578 4217 606 4230 -
630 4193 719 4258 Virtus]
743 4195 818 4245 «Vir-
834 4229 837 4293 Ι
854 4198 881 4247 in
897 4211 978 4247 manu
996 4196 1129 4258 haeum·
1155 4197 1190 4246 ati
1211 4197 1279 4246 lotae
1294 4195 1383 4245 arhen·

293 4269 334 4318 tus
352 4267 402 4318 dea
420 4267 515 4329 voluit,
546 4271 575 4318 nt
591 4267 755 4332 Karthaginis
773 4283 818 4334 pa-
855 4285 909 4330 res‚·
932 4283 1066 4334 prepterea
1086 4272 1160 4322 oestts
1182 4269 1322 4335 mites
1339 4269 1382 4318 oh-
