3012 4978
531 420 591 469 nin.
611 419 652 468 lv.
689 418 718 468 c.
738 421 804 472 vm.
1147 419 1209 482 585

116 575 262 642 totteitunp
280 578 325 626 der
342 575 429 627 Worta
438 577 613 628 wabmtmeo
630 577 699 628 tono
710 578 748 628 ab
759 579 798 628 die
816 579 850 628 im
865 579 1046 642 Vortrapaooa
1056 579 1112 629 mm
1123 579 1211 643 aanor

113 662 157 710 der
173 660 311 712 Godanken
326 659 460 724 pcbotonen
477 660 588 710 tionem
603 663 655 711 uod
670 665 787 726 prosam
795 663 905 713 Pacem:
923 677 950 712 so
969 663 1000 712 iet
1016 661 1145 713 Metoete'e
1155 664 1211 714 rein

113 745 274 808 duamticlte,
304 745 367 794 blora
393 745 419 793 io
435 745 480 793 der
499 744 592 808 Sclttift
615 745 660 807 tiis
675 746 722 795 das
741 746 812 810 Aupe
830 747 1037 797 watrneltmtoro
1056 747 1211 810 Aocrdounp

114 828 193 878 dieser
211 829 329 880 Gedicbtc
345 829 384 878 als
399 823 601 900 τετράστροφα
616 830 703 880 walter
718 830 797 880 ncta
807 831 846 880 ots
857 832 897 882 ein
913 831 1141 896 abominarer
1151 832 1212 880 liin-

112 913 170 976 soll,
189 914 235 963 der
250 913 340 963 laetam
356 913 453 962 andem
470 913 559 962 Gmod
574 913 618 963 bot
632 913 669 962 ata
681 914 720 963 dic
736 914 927 979 Beobaclttunp,
945 918 1003 966 dass
1017 917 1057 966 die
1072 915 1211 980 frantanes

114 997 228 1048 Gadiclttc
239 998 312 1059 jedes
328 1010 375 1046 aus
390 997 460 1046 cina
474 995 571 1047 tondat
590 997 662 1047 Versa
679 997 783 1059 berleta
808 999 847 1048 dia
863 1000 914 1049 siet
931 999 1010 1049 durat
1026 999 1065 1050 die
1081 1000 1142 1050 Zabi
1155 1000 1211 1049 uter

113 1082 167 1131 rein
183 1080 275 1130 tteilen
297 1081 371 1142 ldat,
390 1081 444 1130 also
460 1080 529 1131 licto
546 1083 668 1143 Gessit,
685 1082 788 1132 welches
804 1096 852 1132 une
868 1083 1025 1148 torecbtipta,
1043 1084 1211 1134 auctuario

114 1165 211 1214 elnam
229 1163 346 1214 Gedicbw
362 1165 404 1214 dos
417 1165 538 1215 Horatius
554 1170 632 1216 etwas
646 1166 864 1229 mopsuecbooiden
876 1167 935 1217 oder
952 1172 1114 1228 mtruaotzco,
1132 1181 1176 1217 san
1187 1181 1212 1218 os

114 1250 140 1297 in
150 1250 225 1310 jener
235 1248 374 1312 mititiam
385 1248 586 1300 Aeaeaerticbleeit
602 1249 684 1300 seinai
699 1252 937 1314 necromanciae
953 1253 1031 1316 ptciclt
1049 1265 1083 1300 zu
1096 1252 1210 1314 machon,

114 1345 186 1382 mann
202 1331 354 1382 urkuodticb
371 1333 511 1397 darocam
527 1333 573 1394 ist,
592 1335 650 1383 dass
667 1335 711 1384 der
727 1334 830 1384 Dicbter
845 1335 918 1385 aba
934 1347 960 1386 os
973 1336 1047 1385 doen
1057 1335 1124 1386 niam
1133 1335 1212 1400 pleiclr

114 1417 226 1479 panacbt
243 1415 315 1466 nat.»
340 1417 414 1467 lianc
431 1417 591 1468 sententiam
608 1417 945 1484 praeterEichsmdium*l‚
963 1419 1097 1480 labriam,
1116 1417 1213 1469 Dillen·

116 1499 277 1562 bnraemm,
296 1501 474 1560 annueram,
494 1500 701 1564 Gerbarum**)‚
725 1500 894 1552 Gerlachium
916 1501 1110 1564 nostrornm),
1130 1501 1209 1562 alios.

116 1596 201 1646 nuper
218 1581 360 1648 amplexus
386 1587 427 1634 est
452 1583 533 1634 etiam
550 1585 699 1646 statamus,
727 1585 772 1649 qui
797 1586 968 1650 disputationi
985 1597 1050 1636 suae
1067 1583 1102 1636 de
1119 1587 1211 1636 nostro

115 1664 173 1716 loco
190 1679 274 1731 supra
293 1665 387 1718 allatae
404 1667 472 1719 haec
489 1668 619 1719 subiecit:
647 1670 696 1718 «nt
711 1667 753 1719 lex
770 1668 1003 1728 illableiuelsiana‚
1022 1682 1075 1733 qua
1087 1669 1211 1720 Horatius

116 1743 203 1801 amnia
220 1751 342 1802 carmina
359 1750 442 1814 lyrica
459 1752 485 1801 in
500 1757 681 1813 occursionem
691 1765 821 1804 versuum
833 1753 957 1818 strophas
969 1753 1069 1816 divisit,
1088 1751 1212 1803 hocloco

118 1834 149 1894 (v.
163 1834 212 1897 lt.)
226 1833 360 1899 postulat,
383 1837 413 1884 nt
431 1836 498 1885 duos
515 1849 610 1886 versus
630 1839 675 1887 aut
693 1836 824 1888 excidisse
842 1839 888 1886 aut
904 1835 988 1886 aliena
1008 1849 1089 1886 manu
1106 1836 1212 1887 additos

118 1929 176 1967 esse
192 1920 352 1970 statuamus.
374 1919 506 1982 Equidem
519 1920 559 1970 isti
577 1917 693 1984 legiaco
707 1921 810 1970 tantum
822 1920 969 1971 tribuerim.
987 1921 1091 1972 Etenim
1104 1923 1213 1985 praeter

118 1999 166 2056 boc
182 2015 296 2054 carmen
313 2003 422 2065 quinam
437 2004 546 2054 omnino
565 2004 591 2055 in
610 2005 735 2067 quattuor
752 2003 865 2055 odarum
882 2002 956 2055 libris
973 2005 1144 2068 reperiuntur
1155 2016 1213 2054 car-

118 2085 200 2146 mina,
217 2088 243 2137 in
262 2087 363 2151 quibus
381 2087 453 2138 idem
470 2101 564 2139 versus
582 2101 692 2153 semper
703 2089 844 2152 reperitur.
864 2087 912 2138 Od.
927 2089 954 2148 l,
975 2089 1002 2147 i;
1021 2087 1050 2148 3,
1069 2087 1100 2138 30
1116 2099 1213 2138 versus

119 2167 311 2234 Asclepiadeus
327 2172 426 2230 minor;
446 2171 493 2222 Od.
515 2173 544 2232 l,
567 2173 611 2232 lt;
630 2174 658 2233 t,
678 2171 724 2230 t8;
744 2171 774 2230 l,
795 2173 825 2222 lo
842 2169 1032 2234 Asclepiadeus
1048 2171 1142 2222 maior.
1176 2171 1211 2220 Ex

120 2255 172 2302 tam
191 2255 288 2318 paucis
311 2254 440 2320 exemplis
461 2256 563 2305 certam
585 2254 618 2305 de
637 2254 800 2306 carminibus
826 2255 999 2305 monostichis
1022 2253 1109 2318 legem
1127 2254 1213 2304 conli-

121 2347 180 2386 cere
199 2351 253 2389 non
272 2339 350 2400 licet,
379 2353 440 2389 cum
458 2339 618 2404 praesertim
634 2340 660 2390 in
678 2339 789 2402 Epodon
806 2337 874 2388 libro
892 2351 1036 2388 numerum
1051 2337 1124 2388 illum
1145 2351 1214 2401 qua-

120 2420 263 2474 ternarium
284 2421 318 2472 ab
336 2424 394 2487 ipso
410 2425 490 2488 poeta
506 2421 657 2486 neglectum
674 2423 823 2473 videamus,
850 2421 961 2472 Accedit
977 2422 1051 2486 quod
1067 2421 1159 2473 divisio
1171 2421 1212 2472 illa

120 2503 325 2572 tetrastrophica
343 2520 431 2571 neque
454 2507 479 2556 in
494 2507 577 2572 ipsius
595 2507 673 2558 metri
690 2509 784 2558 natura
802 2507 893 2558 nititur
909 2509 936 2556 et
953 2507 1146 2557 sententiarum
1164 2519 1214 2557 ne-

120 2599 181 2639 xum
197 2591 358 2655 saepissime
376 2590 550 2655 interpellat.»
575 2591 628 2642 Sed
646 2593 699 2643 iam
716 2593 821 2657 tempus
834 2592 875 2642 est
892 2590 926 2640 ab
945 2590 1010 2654 legis
1021 2591 1211 2648 lleinekianae‚

122 2669 154 2720 de
166 2675 241 2726 cuius
253 2675 368 2727 veritate
380 2676 516 2726 nemiuem
528 2675 578 2725 nisi
589 2676 675 2740 ipsam
687 2675 869 2740 stupiditatem
879 2674 1002 2725 dubitare
1015 2675 1092 2738 (enta
1103 2675 1142 2725 die
1150 2674 1212 2725 bore

121 2755 251 2808 dammas
268 2758 404 2820 zweifelt»)
430 2759 615 2810 Lachmannds
637 2760 785 2810 contentius
806 2771 889 2822 quum
912 2756 1040 2808 urbanius
1061 2758 1212 2818 affirmavit,

123 2837 347 2892 obtrectatoribus
367 2841 497 2893 redeundi
526 2842 560 2892 ad
580 2843 702 2893 eiusdem
721 2843 852 2904 fautores,
880 2843 949 2891 inter
974 2853 1042 2904 quos
1061 2843 1113 2891 iam
1131 2853 1213 2905 supra

123 2934 148 2984 p.
165 2923 221 2975 lit.
241 2926 420 2977 Kirchnerum
437 2925 616 2987 laudavimus,
643 2924 730 2976 nullus
748 2928 838 2976 tamen
855 2925 941 2975 maior
958 2926 1055 2976 exstitit
1075 2937 1157 2987 quam
1174 2925 1214 2973 vir

124 3017 255 3070 summus,
283 3008 450 3060 Godoiredus
467 3009 647 3070 Hermannus,
670 3010 746 3059 cuias
764 3009 970 3060 audacissimam
987 3009 1070 3058 nostri
1088 3008 1213 3057 carminis

125 3092 317 3144 restitutionem
333 3092 456 3158 (Bericbte
470 3093 532 3143 tiber
548 3095 587 3143 die
606 3093 736 3142 Verbandt.
756 3095 801 3142 der
817 3093 944 3144 Gcscllseb.
963 3093 1008 3144 dor·
1027 3091 1170 3144 ll'isaoosclt.
1184 3103 1208 3140 ι.

125 3172 204 3236 Loipz.
225 3177 255 3228 N.
277 3177 342 3228 Vlll.
361 3192 388 3242 p.
407 3177 474 3242 am.)
494 3175 624 3228 corollarii
641 3176 700 3227 loco
717 3178 760 3227 bic
777 3177 954 3228 subiecimus:

253 3356 380 3420 Gaudes
402 3354 613 3433 carminibns;
638 3355 778 3420 carmina
801 3373 967 3439 possumus

252 3481 378 3542 Donate
400 3485 431 3542 et
453 3479 590 3560 pretium
612 3475 719 3542 dicere
742 3476 884 3541 muneri:

338 3601 400 3662 Per
421 3619 500 3684 quae
524 3598 652 3684 spiritus
675 3607 706 3662 et
729 3597 792 3663 vita
815 3593 898 3663 redit
920 3595 1012 3662 bonis

254 3725 328 3785 Post
352 3728 486 3785 mortam
510 3718 653 3786 ducibus.
701 3724 769 3784 Non
793 3727 912 3784 statuae
936 3719 1054 3803 magis,

256 3845 325 3906 Non
347 3843 444 3907 incisa
467 3846 548 3907 notis
573 3862 730 3908 marmora
752 3840 886 3928 puhlicis
1177 3845 1213 3906 15

189 4039 194 4042 -
210 4038 235 4046 -—
242 4039 498 4050 ψ-ιι-...ι--ι-υικ

191 4165 206 4214 't
228 4163 309 4220 eropi.
330 4167 403 4210 Acad.
425 4165 472 4210 len.
494 4166 556 4212 tata.

191 4229 219 4282 ¹⁸)
240 4229 320 4286 Progr.
337 4231 501 4278 Sondersbas.
519 4231 581 4277 talu.

192 4295 231 4348 ”’)
247 4295 330 4344 ilevtm
352 4299 383 4344 de
398 4297 533 4354 philologia
549 4297 574 4344 ll,
592 4311 614 4354 p.
632 4299 673 4344 3³6
689 4309 742 4354 sqqr
