3014 4978
687 447 826 497 'HORATll
844 445 1013 496 enuntiabat

478 605 646 691 Utcunque
669 601 821 667 defecere
842 619 968 674 mores,

521 724 712 792 indecorant
733 723 818 788 bene
841 731 915 788 nata
937 719 1061 806 culpae.

438 883 522 964 Quid
545 881 681 953 debeas,
705 902 725 947 o
748 884 862 955 Roma,
887 876 1087 954 Neronibus,

438 1005 539 1072 Testis
562 1006 741 1071 Metaurum
764 1001 884 1068 llumen
907 1011 938 1066 ct
961 997 1141 1066 Hasdrubal

479 1126 632 1218 Devictus
655 1133 687 1190 et
708 1121 843 1210 pulcher
865 1121 980 1208 fugatis

522 1244 578 1312 lllc
602 1245 673 1312 dies
695 1245 785 1310 Latio
807 1240 964 1319 tenebris,
1352 1242 1391 1305 46

376 1477 664 1554 36.14ιάορονσιι444ξχ,
683 1493 724 1544 pr.
744 1495 769 1539 ν,
788 1493 843 1530 var.
862 1477 923 1528 lect.
942 1493 975 1539 ω,
993 1479 1109 1528 Pollierii
1127 1479 1156 1538 Ξ,
1174 1479 1204 1538 b,
1223 1478 1253 1539 6,
1271 1478 1299 1537 9,
1318 1477 1360 1538 13,

344 1558 399 1620 rt,
422 1559 488 1619 Fea,
511 1557 539 1606 J:
563 1555 741 1606 inmdoccrcnt
762 1568 790 1615 o,
812 1554 969 1604 Dedecorunt
989 1551 1144 1614 obseret,
1166 1550 1263 1614 Bentl,
1282 1553 1314 1604 ll.
1334 1579 1361 1588 -

344 1633 384 1685 38.
402 1633 527 1684 Asdrubal
543 1647 572 1692 c,
590 1630 718 1681 Hannibal
735 1641 869 1694 supersor.
886 1627 1030 1678 Hcsdmboi
1046 1627 1072 1677 d.

313 1849 452 1910 dicamne]
471 1860 504 1896 cx
525 1847 621 1896 Horatii
643 1843 834 1895 cousuetudine
871 1841 966 1903 factm,
980 1840 1151 1893 Hasdrubalis
1163 1843 1396 1906 exercitumprae-

312 1923 369 1986 (0(1.
396 1923 425 1983 2,
455 1923 504 1983 ll,
533 1923 573 1971 41.
604 1921 636 1981 3,
655 1919 686 1981 4,
705 1920 756 1984 49.)
785 1932 835 1983 pro
872 1915 990 1967 validum
1007 1915 1108 1968 collatis
1126 1929 1187 1967 cum
1205 1919 1240 1969 H.
1260 1918 1332 1968 Livio
1348 1919 1395 1968 Sa-

312 1996 572 2061 «quandocunque».
596 1995 711 2044 «Verum
724 1991 836 2044 simulac
871 1991 983 2042 linaturc
1008 1992 1089 2055 signis
1114 1992 1149 2042 ad
1174 1993 1325 2044 Metaurum
1345 1993 1395 2043 liu-

311 2074 383 2122 recta
410 2083 516 2121 morum
548 2067 685 2133 disciplina
716 2065 836 2131 patribus
872 2079 936 2117 men
953 2065 1112 2129 adgressus,
1131 2068 1248 2117 maxima
1267 2065 1397 2132 cladepe·

311 2147 397 2209 deest,
409 2157 491 2210 prava
503 2144 661 2195 educatione
673 2141 835 2193 etiambona
872 2141 942 2192 nitus
960 2141 1090 2190 contrivit.
1113 2142 1168 2192 biv.
1187 2142 1234 2202 27,
1253 2140 1286 2192 43
1304 2155 1378 2206 seqq.

310 2220 457 2272 liberorum
473 2217 575 2270 indoles
592 2219 727 2282 eorrumpi
743 2214 835 2268 solet.»
906 2215 946 2265 39.
965 2214 1006 2266 to.
1022 2215 1139 2280 puicbcr]
1157 2218 1188 2266 ut
1202 2216 1251 2266 cd.
1265 2217 1296 2280 4,
1309 2219 1340 2278 4,
1352 2216 1393 2280 46,

284 2336 288 2343 .
314 2323 341 2334 -
354 2294 470 2360 desecare]
489 2295 531 2344 Sic
543 2293 663 2344 absolute
676 2292 747 2357 apud
758 2289 833 2341 nutri.
872 2289 948 2340 oSoi
968 2290 1081 2342 Prtlcber.
1111 2289 1251 2342 «Similiter
1273 2290 1394 2356 Aoeebyt.

312 2371 418 2434 Lupum
437 2370 465 2430 1,
483 2369 514 2418 i:
536 2381 647 2429 quamam
664 2367 767 2428 quaevis
782 2379 836 2416 uua
872 2366 945 2414 Pers.
957 2363 1016 2414 3⁰0:
1032 2357 1131 2429 Ἐμοῑς
1143 2363 1199 2428 μὲν
1211 2359 1296 2430 εἶπας
1307 2363 1397 2432 δώμα-

311 2457 352 2492 res
373 2457 421 2506 per·
445 2456 470 2492 sc
494 2445 555 2492 satis
575 2448 610 2494 cst
625 2443 713 2506 qruoia
729 2443 763 2490 ad
779 2442 838 2505 dofl-
872 2452 920 2488 σιν
937 2435 1015 2501 φάος
1033 2439 1109 2506 μέγα
1124 2438 1181 2490 Καὶ
1198 2437 1305 2492 λευκὸν
1322 2432 1398 2512 ἦμαρ

310 2519 441 2579 mudum,
460 2516 555 2578 idest,
576 2519 605 2566 ut
622 2514 834 2581 expicatlucob,
872 2508 977 2576 νυκτὸς
1004 2513 1037 2564 ἐκ
1063 2511 1279 2581 μελαγχίμου.»
1317 2517 1396 2568 linus.

313 2595 364 2642 «ut
379 2591 451 2641 vires
470 2589 621 2640 deliciunt.»
873 2587 947 2639 ridde
965 2587 1088 2653 Sophocl.
1107 2590 1191 2652 Antig.
1210 2591 1268 2640 tto.
1281 2591 1396 2642 Boeolrb.

345 2666 386 2716 36.
404 2665 561 2729 iudaeorum]
575 2662 679 2728 Vulgari
689 2665 838 2714 dedecorant
876 2688 901 2700 —
917 2663 1173 2726 naemu-tautae]
1192 2667 1399 2729 upemetuarum

311 2755 326 2791 a
350 2743 430 2804 poeta
455 2738 605 2804 praelatum
635 2753 695 2791 esse
721 2738 836 2789 verbum
874 2736 1053 2787 calamitatum
1078 2737 1144 2788 tristi
1167 2739 1274 2788 metu.»
1310 2741 1399 2804 imago

310 2817 397 2866 rarius
415 2815 561 2879 (usurpavit
572 2815 669 2865 Accius
686 2814 757 2879 apud
768 2815 834 2864 Non.
874 2812 954 2861 etiam
970 2811 1112 2862 rhetorica.
1137 2811 1192 2863 cic.
1206 2826 1257 2877 pro
1271 2815 1333 2866 Sex.
1348 2816 1400 2865 lto-

311 2903 371 2955 pag.
391 2891 448 2940 4²5.
470 2889 562 2952 Mero.)
588 2890 653 2940 satis
670 2889 837 2940 demonstrat
873 2887 929 2936 scio
940 2888 998 2935 Αιιι.
1012 2885 1060 2936 32ε
1079 2891 1210 2948 iornqucm
1226 2888 1248 2937 si
1265 2889 1349 2950 olibae
1364 2889 1399 2940 rai

312 2963 836 3028 etiamCod.c.‚ir1quoexutraque
872 2960 987 3023 publicae
1011 2961 1162 3023 emptam
1178 2975 1231 3012 uoce
1255 2969 1334 3026 emet,
1363 2965 1399 3014 ita

310 3037 424 3090 lectione
442 3040 582 3090 coniuncta
600 3042 689 3089 ortum
706 3039 838 3088 estmon-
873 3036 980 3086 ruebant
1003 3036 1031 3085 in
1055 3035 1167 3085 tenebris.
1197 3065 1224 3072 -
1264 3039 1310 3088 illa
1337 3039 1398 3103 dira]

311 3118 397 3166 strum
414 3115 599 3164 indedecoruut.
626 3113 657 3162 V.
671 3114 735 3163 item
747 3111 837 3161 Accia-
876 3105 1048 3160 ἰσοστάσιον
1064 3107 1110 3182 (τῇ
1124 3107 1313 3175 tullidam·
1330 3107 1399 3165 ‹iro-

312 3202 377 3239 uum
393 3189 517 3239 indecoris
534 3188 675 3252 quinquies
700 3185 838 3249 usurpavit
874 3186 935 3254 χίςι)
948 3199 1011 3236 eum
1023 3186 1243 3250 vocatnppianm
1252 3187 1397 3239 Annibbii.

310 3262 442 3327 Virgilius.
458 3291 486 3300 -
506 3262 647 3327 bmanata]
667 3254 836 3325 «edecimati,
906 3260 947 3311 tt.
973 3261 1022 3323 Qui
1034 3260 1146 3323 primm]
1169 3261 1234 3312 Vide
1251 3263 1400 3315 Excursum

312 3351 456 3401 generosas
474 3339 608 3388 naturas.»
873 3336 905 3386 11.
926 3334 1031 3398 —risitl
1050 3333 1150 3385 «laetus
1166 3337 1247 3400 atque
1263 3336 1399 3389 hilaritatis

345 3413 386 3463 38.
407 3413 493 3474 Testis]
513 3410 606 3463 Catuli.
620 3409 668 3473 64,
681 3410 742 3461 357:
764 3410 839 3461 Testis
873 3408 968 3474 plenus
985 3410 1034 3461 luit
1051 3411 1154 3460 remoto
1171 3411 1283 3462 tandem
1299 3415 1399 3463 terrore

312 3487 359 3536 erit
374 3488 476 3552 moytia
490 3486 704 3538 virtutibusundc
715 3485 839 3536 Securus·
874 3482 988 3535 hostili.»
1013 3483 1145 3535 Heliodor.
1164 3487 1203 3547 t.,
1221 3487 1296 3538 init:
1322 3481 1401 3554 Ἡμέ-

312 3561 361 3609 dri.
377 3587 405 3598 -
422 3563 568 3612 Mensorum
583 3561 689 3626 flumen]
708 3560 835 3620 utone,
874 3573 927 3630 ρας
950 3551 1017 3630 ἄρτι
1043 3555 1229 3626 διαγελῶσης.
1263 3587 1289 3600 -
1323 3561 1399 3626 abac]

312 3633 341 3694 9,
360 3633 408 3682 at:
435 3635 667 3699 Modum-timuere.
690 3637 720 3685 Α.
739 3636 767 3685 Ρ.
787 3635 835 3684 18;
875 3634 1043 3698 aptissimum
1068 3635 1109 3685 est
1132 3633 1267 3687 ἐπίθετον
1291 3639 1400 3702 propter

310 3708 404 3770 flumen
414 3709 532 3760 libantur.
556 3711 691 3761 Metaurus
703 3723 737 3759 ex
748 3709 838 3760 Piceni
873 3709 989 3772 primam
1016 3721 1075 3758 voc.
1107 3709 1203 3760 adorea
1229 3711 1400 3774 significatio-

312 3780 411 3833 finibus
428 3785 519 3833 oritur.
541 3811 568 3820 -
585 3784 740 3848 Hasdrubal]
759 3789 789 3834 Α.
809 3798 836 3835 u.
875 3795 946 3832 nem.
962 3808 991 3819 -
1003 3783 1112 3845 morea]
1130 3783 1253 3844 donatio,
1271 3798 1326 3836 av.
1339 3786 1400 3836 udor

313 3867 337 3905 c.
356 3855 413 3906 647.
433 3855 462 3906 C.
477 3855 682 3907 ClaudiusNero
700 3871 756 3908 cos.
776 3871 837 3910 cum
875 3855 997 3922 (Dinltcl,
1023 3855 1115 3922 Socii).
1150 3859 1207 3908 lam
1233 3871 1298 3910 cum
1320 3859 1355 3912 de
1371 3873 1398 3909 re

313 3927 526 3991 Hasdmbulem‚
546 3929 698 3981 Hannibalis
717 3931 835 3994 tratrem,
874 3929 981 3996 publica
1002 3929 1073 3989 bene
1090 3933 1179 3982 meriti
1196 3935 1314 3998 antiquis
1332 3937 1399 3985 tem·

313 4017 376 4055 curn
401 4015 469 4055 nova
495 4001 558 4054 belli
583 4002 653 4054 mole
671 4003 761 4055 italiae
779 4006 838 4056 tau·
873 4004 985 4069 poribus
1018 4005 1087 4056 iarre
1121 4005 1302 4070 donaremur,
1340 4007 1399 4058 binc

312 4077 389 4130 cibus
397 4079 537 4130 imminere
546 4076 725 4142 intellexisset,
739 4079 838 4132 relictis
874 4081 1040 4142 factumest,
1061 4082 1090 4130 ut
1104 4093 1130 4130 v.
1149 4081 1245 4132 σάσνεσ
1262 4095 1313 4147 pm
1326 4095 1399 4147 prae·

314 4152 382 4204 eiam
400 4167 462 4204 cum
480 4151 585 4202 deiecto
603 4151 699 4215 milita,
723 4167 792 4218 quae
810 4156 837 4206 in
874 4157 928 4205 mio
946 4156 1026 4218 atque
1044 4154 1113 4205 adeo
1129 4167 1178 4219 pro
1195 4153 1289 4217 laude,
1309 4155 1396 4222 gioria

313 4227 428 4277 Lucania
450 4226 581 4278 adversus
599 4225 773 4280 Hannibalem
795 4231 837 4280 te-
875 4229 977 4280 houore
993 4229 1117 4294 usurpari
1128 4231 1255 4295 coeptum
1266 4231 1309 4282 sit.
1329 4227 1397 4280 etos

314 4300 408 4364 nebat,
436 4301 547 4364 castris,
576 4303 603 4354 in
620 4302 756 4356 Umbriam
773 4317 837 4368 pro-
874 4315 941 4354 sar.:
961 4305 1069 4366 αάονοσ,
1088 4297 1161 4368 δόξα
1177 4297 1196 4370 ἦ
1212 4299 1397 4356 ἀπὸτοῦπο-
