<?xml version="1.0" encoding="UTF-8"?>
<!DOCTYPE html PUBLIC "-//W3C//DTD XHTML 1.0 Transitional//EN"
    "http://www.w3.org/TR/xhtml1/DTD/xhtml1-transitional.dtd">
<html xmlns="http://www.w3.org/1999/xhtml" xml:lang="en" lang="en">
 <head>
  <title>
</title>
<meta http-equiv="Content-Type" content="text/html;charset=utf-8" />
  <meta name='ocr-system' content='tesseract 3.04.00' />
  <meta name='ocr-capabilities' content='ocr_page ocr_carea ocr_par ocr_line ocrx_word'/>
</head>
<body>
  <div class='ocr_page' id='page_1' title='image "./qhoratiusflaccu02baitgoog/qhoratiusflaccu02baitgoog_0715.png"; bbox 0 0 3078 4978; ppageno 0'>
   <div class='ocr_carea' id='block_1_1' title="bbox 696 391 970 444">
    <p class='ocr_par' dir='ltr' id='par_1_1' title="bbox 696 391 970 444">
     <span class='ocr_line' id='line_1_1' title="bbox 696 391 970 444; baseline 0.004 -1"><span class='ocrx_word' id='word_1_1' title='bbox 696 391 824 444; x_wconf 74' lang='lat' dir='ltr'>nostru</span> <span class='ocrx_word' id='word_1_2' title='bbox 843 393 970 444; x_wconf 81' lang='lat' dir='ltr'><strong>EPODON</strong></span> 
     </span>
    </p>
   </div>
   <div class='ocr_carea' id='block_1_2' title="bbox 463 548 1383 1488">
    <p class='ocr_par' dir='ltr' id='par_1_2' title="bbox 463 548 1383 1488">
     <span class='ocr_line' id='line_1_2' title="bbox 507 548 1043 628; baseline 0.002 -14"><span class='ocrx_word' id='word_1_3' title='bbox 507 549 702 614; x_wconf 75' lang='lat' dir='ltr'>Convertere</span> <span class='ocrx_word' id='word_1_4' title='bbox 725 548 898 615; x_wconf 83' lang='lat' dir='ltr'>humanam</span> <span class='ocrx_word' id='word_1_5' title='bbox 919 549 1043 628; x_wconf 90' lang='lat' dir='ltr'>vicem;</span> 
     </span>
     <span class='ocr_line' id='line_1_3' title="bbox 463 670 1050 758; baseline 0 -23"><span class='ocrx_word' id='word_1_6' title='bbox 463 671 549 736; x_wconf 89' lang='lat' dir='ltr'>Diris</span> <span class='ocrx_word' id='word_1_7' title='bbox 572 691 665 758; x_wconf 83' lang='lat' dir='ltr'>agam</span> <span class='ocrx_word' id='word_1_8' title='bbox 687 691 763 750; x_wconf 79' lang='lat' dir='ltr'>vos3</span> <span class='ocrx_word' id='word_1_9' title='bbox 787 670 857 736; x_wconf 88' lang='lat' dir='ltr'>dira</span> <span class='ocrx_word' id='word_1_10' title='bbox 880 670 1050 738; x_wconf 88' lang='lat' dir='ltr'>detestatio</span> 
     </span>
     <span class='ocr_line' id='line_1_4' title="bbox 507 791 926 880; baseline -0.005 -21"><span class='ocrx_word' id='word_1_11' title='bbox 507 791 598 859; x_wconf 90' lang='lat' dir='ltr'>Nulla</span> <span class='ocrx_word' id='word_1_12' title='bbox 621 793 768 880; x_wconf 83' lang='lat' dir='ltr'>expiatur</span> <span class='ocrx_word' id='word_1_13' title='bbox 789 794 926 860; x_wconf 90' lang='lat' dir='ltr'>victima.</span> 
     </span>
     <span class='ocr_line' id='line_1_5' title="bbox 468 899 1156 1002; baseline 0.004 -24"><span class='ocrx_word' id='word_1_14' title='bbox 468 912 567 992; x_wconf 85' lang='lat' dir='ltr'>Quin,</span> <span class='ocrx_word' id='word_1_15' title='bbox 591 912 646 979; x_wconf 92' lang='lat' dir='ltr'>ubi</span> <span class='ocrx_word' id='word_1_16' title='bbox 669 915 776 1001; x_wconf 89' lang='lat' dir='ltr'>perire</span> <span class='ocrx_word' id='word_1_17' title='bbox 800 899 907 980; x_wconf 82' lang='lat' dir='ltr'>iussus</span> <span class='ocrx_word' id='word_1_18' title='bbox 931 915 1156 1002; x_wconf 83' lang='lat' dir='ltr'>exspiravere,</span> 
     </span>
     <span class='ocr_line' id='line_1_6' title="bbox 506 1036 1010 1102; baseline 0 -2"><span class='ocrx_word' id='word_1_19' title='bbox 506 1036 688 1102; x_wconf 87' lang='lat' dir='ltr'>Nocturnus</span> <span class='ocrx_word' id='word_1_20' title='bbox 711 1055 880 1102; x_wconf 89' lang='lat' dir='ltr'>occurram</span> <span class='ocrx_word' id='word_1_21' title='bbox 907 1039 1010 1101; x_wconf 88' lang='lat' dir='ltr'>Furor</span> 
     </span>
     <span class='ocr_line' id='line_1_7' title="bbox 464 1155 1240 1245; baseline 0.003 -23"><span class='ocrx_word' id='word_1_22' title='bbox 464 1158 641 1243; x_wconf 86' lang='lat' dir='ltr'>Petamque</span> <span class='ocrx_word' id='word_1_23' title='bbox 663 1155 768 1222; x_wconf 88' lang='lat' dir='ltr'>voltus</span> <span class='ocrx_word' id='word_1_24' title='bbox 790 1157 904 1223; x_wconf 88' lang='lat' dir='ltr'>umbra</span> <span class='ocrx_word' id='word_1_25' title='bbox 928 1159 1036 1224; x_wconf 91' lang='lat' dir='ltr'>curvis</span> <span class='ocrx_word' id='word_1_26' title='bbox 1059 1157 1240 1245; x_wconf 84' lang='lat' dir='ltr'>unguibus,</span> 
     </span>
     <span class='ocr_line' id='line_1_8' title="bbox 508 1277 1083 1378; baseline 0.003 -35"><span class='ocrx_word' id='word_1_27' title='bbox 508 1279 600 1357; x_wconf 85' lang='lat' dir='ltr'>Quae</span> <span class='ocrx_word' id='word_1_28' title='bbox 621 1279 670 1343; x_wconf 91' lang='lat' dir='ltr'>vis</span> <span class='ocrx_word' id='word_1_29' title='bbox 693 1277 829 1344; x_wconf 89' lang='lat' dir='ltr'>deorum</span> <span class='ocrx_word' id='word_1_30' title='bbox 851 1288 901 1345; x_wconf 88' lang='lat' dir='ltr'>est</span> <span class='ocrx_word' id='word_1_31' title='bbox 917 1279 1083 1378; x_wconf 86' lang='lat' dir='ltr'>manium,</span> 
     </span>
     <span class='ocr_line' id='line_1_9' title="bbox 467 1398 1383 1488; baseline 0.004 -24"><span class='ocrx_word' id='word_1_32' title='bbox 467 1400 505 1464; x_wconf 87' lang='lat' dir='ltr'>Et</span> <span class='ocrx_word' id='word_1_33' title='bbox 527 1398 678 1487; x_wconf 83' lang='lat' dir='ltr'>inquietis</span> <span class='ocrx_word' id='word_1_34' title='bbox 700 1398 849 1466; x_wconf 82' lang='lat' dir='ltr'>assidens</span> <span class='ocrx_word' id='word_1_35' title='bbox 871 1400 1071 1488; x_wconf 83' lang='lat' dir='ltr'>praecordiis</span> <span class='ocrx_word' id='word_1_36' title='bbox 1342 1405 1383 1468; x_wconf 81' lang='lat'>95</span> 
     </span>
    </p>
   </div>
   <div class='ocr_carea' id='block_1_3' title="bbox 296 1587 1389 4338">
    <p class='ocr_par' dir='ltr' id='par_1_3' title="bbox 296 1587 1389 4338">
     <span class='ocr_line' id='line_1_10' title="bbox 297 1587 1383 1655; baseline 0.004 -16"><span class='ocrx_word' id='word_1_37' title='bbox 297 1589 413 1653; x_wconf 76' lang='lat' dir='ltr'>gitabo.»</span> <span class='ocrx_word' id='word_1_38' title='bbox 443 1590 679 1640; x_wconf 83' lang='lat' dir='ltr'>Ceterumnovem</span> <span class='ocrx_word' id='word_1_39' title='bbox 697 1587 762 1639; x_wconf 87' lang='lat' dir='ltr'>aliae</span> <span class='ocrx_word' id='word_1_40' title='bbox 780 1589 822 1638; x_wconf 90' lang='lat' dir='ltr'>in·</span> <span class='ocrx_word' id='word_1_41' title='bbox 861 1589 935 1640; x_wconf 79' lang='lat' dir='ltr'>«Vim</span> <span class='ocrx_word' id='word_1_42' title='bbox 958 1588 1096 1653; x_wconf 79' lang='lat' dir='ltr'>religiosae</span> <span class='ocrx_word' id='word_1_43' title='bbox 1119 1592 1319 1655; x_wconf 74' lang='lat' dir='ltr'>imprecationis</span> <span class='ocrx_word' id='word_1_44' title='bbox 1337 1605 1383 1643; x_wconf 89' lang='lat' dir='ltr'>ne·</span> 
     </span>
     <span class='ocr_line' id='line_1_11' title="bbox 297 1662 1384 1730; baseline 0.002 -16"><span class='ocrx_word' id='word_1_45' title='bbox 297 1663 820 1730; x_wconf 81' lang='lat' dir='ltr'>terpretationesexponemusinErell.</span> <span class='ocrx_word' id='word_1_46' title='bbox 860 1676 904 1712; x_wconf 88' lang='lat' dir='ltr'>mo</span> <span class='ocrx_word' id='word_1_47' title='bbox 922 1662 1039 1727; x_wconf 80' lang='lat' dir='ltr'>effugere</span> <span class='ocrx_word' id='word_1_48' title='bbox 1056 1667 1180 1728; x_wconf 51' lang='lat' dir='ltr'>potesta</span> <span class='ocrx_word' id='word_1_49' title='bbox 1207 1669 1236 1716; x_wconf 86' lang='lat' dir='ltr'>et</span> <span class='ocrx_word' id='word_1_50' title='bbox 1257 1666 1309 1716; x_wconf 90' lang='lat' dir='ltr'>hoc</span> <span class='ocrx_word' id='word_1_51' title='bbox 1325 1667 1384 1730; x_wconf 90' lang='lat' dir='ltr'>qul-</span> 
     </span>
     <span class='ocr_line' id='line_1_12' title="bbox 329 1737 1384 1804; baseline 0.003 -16"><span class='ocrx_word' id='word_1_52' title='bbox 329 1741 386 1788; x_wconf 89' lang='lat' dir='ltr'>lam</span> <span class='ocrx_word' id='word_1_53' title='bbox 408 1739 548 1789; x_wconf 86' lang='lat' dir='ltr'>videamus</span> <span class='ocrx_word' id='word_1_54' title='bbox 571 1737 681 1800; x_wconf 85' lang='lat' dir='ltr'>singula.</span> <span class='ocrx_word' id='word_1_55' title='bbox 711 1738 761 1787; x_wconf 80' lang='lat' dir='ltr'>Fas</span> <span class='ocrx_word' id='word_1_56' title='bbox 777 1751 821 1788; x_wconf 82' lang='lat' dir='ltr'>aa·</span> <span class='ocrx_word' id='word_1_57' title='bbox 860 1737 968 1788; x_wconf 89' lang='lat' dir='ltr'>demex</span> <span class='ocrx_word' id='word_1_58' title='bbox 984 1739 1119 1789; x_wconf 88' lang='lat' dir='ltr'>communi</span> <span class='ocrx_word' id='word_1_59' title='bbox 1135 1740 1258 1790; x_wconf 79' lang='lat' dir='ltr'>ueterum</span> <span class='ocrx_word' id='word_1_60' title='bbox 1275 1753 1384 1804; x_wconf 71' lang='lat' dir='ltr'>persua</span> 
     </span>
     <span class='ocr_line' id='line_1_13' title="bbox 296 1812 1384 1876; baseline 0.002 -13"><span class='ocrx_word' id='word_1_61' title='bbox 296 1814 385 1876; x_wconf 74' lang='lat' dir='ltr'>sasque</span> <span class='ocrx_word' id='word_1_62' title='bbox 409 1826 442 1862; x_wconf 84' lang='lat' dir='ltr'>ex</span> <span class='ocrx_word' id='word_1_63' title='bbox 467 1812 659 1864; x_wconf 87' lang='lat' dir='ltr'>consuetudine</span> <span class='ocrx_word' id='word_1_64' title='bbox 683 1814 772 1862; x_wconf 85' lang='lat' dir='ltr'>Latina</span> <span class='ocrx_word' id='word_1_65' title='bbox 795 1813 822 1862; x_wconf 91' lang='lat' dir='ltr'>in</span> <span class='ocrx_word' id='word_1_66' title='bbox 860 1813 943 1863; x_wconf 89' lang='lat' dir='ltr'>sione.</span> <span class='ocrx_word' id='word_1_67' title='bbox 979 1813 1129 1863; x_wconf 85' lang='lat' dir='ltr'>Recordare</span> <span class='ocrx_word' id='word_1_68' title='bbox 1150 1813 1231 1863; x_wconf 90' lang='lat' dir='ltr'>modo</span> <span class='ocrx_word' id='word_1_69' title='bbox 1254 1814 1320 1864; x_wconf 87' lang='lat' dir='ltr'>diris</span> <span class='ocrx_word' id='word_1_70' title='bbox 1337 1815 1384 1866; x_wconf 85' lang='lat' dir='ltr'>de-</span> 
     </span>
     <span class='ocr_line' id='line_1_14' title="bbox 297 1885 1382 1952; baseline 0.003 -15"><span class='ocrx_word' id='word_1_71' title='bbox 297 1887 347 1938; x_wconf 87' lang='grc'><strong>44444</strong></span> <span class='ocrx_word' id='word_1_72' title='bbox 364 1887 618 1950; x_wconf 66' lang='lat' dir='ltr'>marmorosum,</span> <span class='ocrx_word' id='word_1_73' title='bbox 638 1887 824 1936; x_wconf 83' lang='grc'><strong>4444444444-</strong></span> <span class='ocrx_word' id='word_1_74' title='bbox 859 1889 952 1936; x_wconf 87' lang='lat' dir='ltr'>votum</span> <span class='ocrx_word' id='word_1_75' title='bbox 969 1885 1004 1936; x_wconf 88' lang='lat' dir='ltr'>ab</span> <span class='ocrx_word' id='word_1_76' title='bbox 1020 1887 1097 1937; x_wconf 80' lang='lat' dir='ltr'>Ateio</span> <span class='ocrx_word' id='word_1_77' title='bbox 1113 1886 1175 1936; x_wconf 88' lang='lat' dir='ltr'>trib.</span> <span class='ocrx_word' id='word_1_78' title='bbox 1191 1886 1227 1952; x_wconf 81' lang='lat' dir='ltr'>pl.</span> <span class='ocrx_word' id='word_1_79' title='bbox 1242 1889 1382 1948; x_wconf 83' lang='lat' dir='ltr'>Crassum,</span> 
     </span>
     <span class='ocr_line' id='line_1_15' title="bbox 297 1958 1383 2026; baseline 0 -14"><span class='ocrx_word' id='word_1_80' title='bbox 297 1975 388 2022; x_wconf 83' lang='grc'><strong>4444444,</strong></span> <span class='ocrx_word' id='word_1_81' title='bbox 414 1961 495 2025; x_wconf 68' lang='lat' dir='ltr'>(anda</span> <span class='ocrx_word' id='word_1_82' title='bbox 514 1961 637 2024; x_wconf 77' lang='lat' dir='ltr'>nefanda,</span> <span class='ocrx_word' id='word_1_83' title='bbox 663 1962 790 2010; x_wconf 77' lang='grc'><strong>44444444·</strong></span> <span class='ocrx_word' id='word_1_84' title='bbox 781 1975 823 2010; x_wconf 78' lang='grc'><strong>444-</strong></span> <span class='ocrx_word' id='word_1_85' title='bbox 860 1973 942 2024; x_wconf 83' lang='lat' dir='ltr'>quam</span> <span class='ocrx_word' id='word_1_86' title='bbox 963 1958 1035 2010; x_wconf 89' lang='lat' dir='ltr'>nulla</span> <span class='ocrx_word' id='word_1_87' title='bbox 1058 1960 1219 2011; x_wconf 77' lang='lat' dir='ltr'>caerimonia</span> <span class='ocrx_word' id='word_1_88' title='bbox 1242 1963 1330 2026; x_wconf 86' lang='lat' dir='ltr'>potuit</span> <span class='ocrx_word' id='word_1_89' title='bbox 1351 1962 1383 2012; x_wconf 87' lang='lat' dir='ltr'>ab</span> 
     </span>
     <span class='ocr_line' id='line_1_16' title="bbox 298 2029 1384 2122; baseline -0.001 -36"><span class='ocrx_word' id='word_1_90' title='bbox 298 2037 412 2098; x_wconf 81' lang='grc'><strong>44444444,</strong></span> <span class='ocrx_word' id='word_1_91' title='bbox 431 2036 537 2086; x_wconf 70' lang='lat' dir='ltr'>diemde</span> <span class='ocrx_word' id='word_1_92' title='bbox 554 2037 660 2086; x_wconf 78' lang='lat' dir='ltr'>tacendo</span> <span class='ocrx_word' id='word_1_93' title='bbox 670 2029 823 2122; x_wconf 57' lang='lat' dir='ltr'>(involent</span> <span class='ocrx_word' id='word_1_94' title='bbox 860 2035 939 2084; x_wconf 82' lang='lat' dir='ltr'>exitio</span> <span class='ocrx_word' id='word_1_95' title='bbox 956 2047 1075 2084; x_wconf 87' lang='lat' dir='ltr'>servare.</span> <span class='ocrx_word' id='word_1_96' title='bbox 1105 2033 1384 2087; x_wconf 88' lang='lat' dir='ltr'>Similitereumdiras</span> 
     </span>
     <span class='ocr_line' id='line_1_17' title="bbox 297 2105 1382 2182; baseline 0 -22"><span class='ocrx_word' id='word_1_97' title='bbox 297 2105 429 2182; x_wconf 78' lang='grc' dir='ltr'>ἅῤῥητα),</span> <span class='ocrx_word' id='word_1_98' title='bbox 448 2110 577 2174; x_wconf 79' lang='lat' dir='ltr'>significat</span> <span class='ocrx_word' id='word_1_99' title='bbox 589 2111 712 2162; x_wconf 74' lang='lat' dir='ltr'>«omnino</span> <span class='ocrx_word' id='word_1_100' title='bbox 724 2113 821 2172; x_wconf 89' lang='lat' dir='ltr'>omnia,</span> <span class='ocrx_word' id='word_1_101' title='bbox 859 2110 957 2159; x_wconf 84' lang='lat' dir='ltr'>nautae</span> <span class='ocrx_word' id='word_1_102' title='bbox 979 2109 1079 2159; x_wconf 88' lang='lat' dir='ltr'>minata</span> <span class='ocrx_word' id='word_1_103' title='bbox 1097 2111 1170 2160; x_wconf 85' lang='lat' dir='ltr'>esset</span> <span class='ocrx_word' id='word_1_104' title='bbox 1186 2109 1308 2174; x_wconf 78' lang='lat' dir='ltr'>namragi</span> <span class='ocrx_word' id='word_1_105' title='bbox 1324 2123 1382 2160; x_wconf 90' lang='lat' dir='ltr'>um·</span> 
     </span>
     <span class='ocr_line' id='line_1_18' title="bbox 299 2182 1385 2250; baseline -0.001 -14"><span class='ocrx_word' id='word_1_106' title='bbox 299 2199 368 2250; x_wconf 92' lang='lat' dir='ltr'>quaa</span> <span class='ocrx_word' id='word_1_107' title='bbox 394 2185 437 2236; x_wconf 84' lang='lat' dir='ltr'>lex</span> <span class='ocrx_word' id='word_1_108' title='bbox 462 2185 550 2236; x_wconf 87' lang='lat' dir='ltr'>divina</span> <span class='ocrx_word' id='word_1_109' title='bbox 573 2187 665 2237; x_wconf 77' lang='lat' dir='ltr'>statuit</span> <span class='ocrx_word' id='word_1_110' title='bbox 684 2188 729 2236; x_wconf 92' lang='lat' dir='ltr'>aut</span> <span class='ocrx_word' id='word_1_111' title='bbox 753 2185 823 2236; x_wconf 89' lang='lat' dir='ltr'>licita</span> <span class='ocrx_word' id='word_1_112' title='bbox 860 2185 908 2234; x_wconf 85' lang='lat' dir='ltr'>bra</span> <span class='ocrx_word' id='word_1_113' title='bbox 930 2183 977 2234; x_wconf 93' lang='lat' dir='ltr'>0d.</span> <span class='ocrx_word' id='word_1_114' title='bbox 998 2185 1025 2244; x_wconf 99' lang='grc'>4,</span> <span class='ocrx_word' id='word_1_115' title='bbox 1052 2183 1099 2246; x_wconf 87' lang='grc'>88,</span> <span class='ocrx_word' id='word_1_116' title='bbox 1126 2182 1166 2233; x_wconf 88' lang='grc'>34.</span> <span class='ocrx_word' id='word_1_117' title='bbox 1194 2183 1281 2234; x_wconf 82' lang='lat' dir='ltr'>addit:</span> <span class='ocrx_word' id='word_1_118' title='bbox 1311 2185 1385 2248; x_wconf 78' lang='lat' dir='ltr'>Teque</span> 
     </span>
     <span class='ocr_line' id='line_1_19' title="bbox 299 2257 1382 2325; baseline 0 -15"><span class='ocrx_word' id='word_1_119' title='bbox 299 2260 558 2320; x_wconf 62' lang='lat' dir='ltr'>essoautnelariam</span> <span class='ocrx_word' id='word_1_120' title='bbox 574 2260 825 2325; x_wconf 83' lang='lat' dir='ltr'>utsophoelisvar-</span> <span class='ocrx_word' id='word_1_121' title='bbox 857 2258 963 2322; x_wconf 77' lang='lat' dir='ltr'>piacula</span> <span class='ocrx_word' id='word_1_122' title='bbox 978 2257 1049 2306; x_wconf 84' lang='grc'><strong>44444</strong></span> <span class='ocrx_word' id='word_1_123' title='bbox 1064 2258 1194 2307; x_wconf 75' lang='lat' dir='ltr'>resolvent.</span> <span class='ocrx_word' id='word_1_124' title='bbox 1224 2257 1290 2309; x_wconf 85' lang='lat' dir='ltr'>Plin.</span> <span class='ocrx_word' id='word_1_125' title='bbox 1309 2260 1382 2310; x_wconf 81' lang='lat' dir='ltr'>HN.</span> 
     </span>
     <span class='ocr_line' id='line_1_20' title="bbox 298 2330 1386 2424; baseline -0.001 -40"><span class='ocrx_word' id='word_1_126' title='bbox 298 2333 340 2384; x_wconf 85' lang='lat' dir='ltr'>bis</span> <span class='ocrx_word' id='word_1_127' title='bbox 358 2335 441 2384; x_wconf 89' lang='lat' dir='ltr'>utar</span> <span class='ocrx_word' id='word_1_128' title='bbox 434 2349 461 2384; x_wconf 82' lang='lat' dir='ltr'>nr</span> <span class='ocrx_word' id='word_1_129' title='bbox 478 2335 543 2385; x_wconf 91' lang='lat' dir='ltr'>Oed</span> <span class='ocrx_word' id='word_1_130' title='bbox 557 2336 623 2424; x_wconf 79' lang='lat' dir='ltr'>Tyr.</span> <span class='ocrx_word' id='word_1_131' title='bbox 643 2335 705 2386; x_wconf 77' lang='lat' dir='ltr'>acl:</span> <span class='ocrx_word' id='word_1_132' title='bbox 733 2332 825 2402; x_wconf 79' lang='grc' dir='ltr'><em>(λόγοι</em></span> <span class='ocrx_word' id='word_1_133' title='bbox 860 2333 906 2393; x_wconf 87' lang='grc'>88,</span> <span class='ocrx_word' id='word_1_134' title='bbox 918 2330 1014 2383; x_wconf 80' lang='grc'><strong>8..444</strong></span> <span class='ocrx_word' id='word_1_135' title='bbox 1028 2331 1386 2396; x_wconf 71' lang='lat' dir='ltr'>Deflqiquidemdin&#39;edepm-</span> 
     </span>
     <span class='ocr_line' id='line_1_21' title="bbox 299 2397 1382 2493; baseline -0.002 -35"><span class='ocrx_word' id='word_1_136' title='bbox 299 2423 372 2493; x_wconf 80' lang='grc' dir='ltr'>εργα</span> <span class='ocrx_word' id='word_1_137' title='bbox 382 2422 413 2458; x_wconf 77' lang='grc' dir='ltr'>τε</span> <span class='ocrx_word' id='word_1_138' title='bbox 430 2397 570 2473; x_wconf 77' lang='grc' dir='ltr'><em>πάντα)</em></span> <span class='ocrx_word' id='word_1_139' title='bbox 546 2425 587 2458; x_wconf 82' lang='grc' dir='ltr'>ων</span> <span class='ocrx_word' id='word_1_140' title='bbox 599 2405 686 2475; x_wconf 77' lang='grc' dir='ltr'><em>νόμοι</em></span> <span class='ocrx_word' id='word_1_141' title='bbox 697 2425 825 2482; x_wconf 69' lang='grc' dir='ltr'><strong>προκειι4</strong></span> <span class='ocrx_word' id='word_1_142' title='bbox 861 2406 999 2457; x_wconf 72' lang='lat' dir='ltr'>rationibus</span> <span class='ocrx_word' id='word_1_143' title='bbox 1014 2419 1086 2456; x_wconf 81' lang='grc'><strong>444444</strong></span> <span class='ocrx_word' id='word_1_144' title='bbox 1100 2419 1150 2456; x_wconf 82' lang='lat' dir='ltr'>uon</span> <span class='ocrx_word' id='word_1_145' title='bbox 1161 2407 1256 2456; x_wconf 82' lang='lat' dir='ltr'>metuit.</span> <span class='ocrx_word' id='word_1_146' title='bbox 1276 2409 1382 2458; x_wconf 83' lang='lat' dir='ltr'>Sueten</span> 
     </span>
     <span class='ocr_line' id='line_1_22' title="bbox 297 2476 1387 2572; baseline -0.002 -40"><span class='ocrx_word' id='word_1_147' title='bbox 297 2496 345 2532; x_wconf 84' lang='grc' dir='ltr'>ται</span> <span class='ocrx_word' id='word_1_148' title='bbox 363 2477 528 2546; x_wconf 74' lang='grc' dir='ltr'><strong>Τψίποδες,</strong></span> <span class='ocrx_word' id='word_1_149' title='bbox 555 2476 694 2572; x_wconf 81' lang='grc' dir='ltr'><strong>οὗραν4αν</strong></span> <span class='ocrx_word' id='word_1_150' title='bbox 713 2482 755 2534; x_wconf 85' lang='grc' dir='ltr'>Δι’</span> <span class='ocrx_word' id='word_1_151' title='bbox 779 2485 824 2534; x_wconf 82' lang='grc' dir='ltr'><strong><em>αι’-</em></strong></span> <span class='ocrx_word' id='word_1_152' title='bbox 863 2481 1019 2532; x_wconf 70' lang='lat' dir='ltr'>Claudii.</span> <span class='ocrx_word' id='word_1_153' title='bbox 1047 2481 1119 2542; x_wconf 72' lang='lat' dir='ltr'>quasi</span> <span class='ocrx_word' id='word_1_154' title='bbox 1141 2481 1302 2543; x_wconf 72' lang='grc'><strong>4444444444</strong></span> <span class='ocrx_word' id='word_1_155' title='bbox 1327 2481 1387 2531; x_wconf 77' lang='lat' dir='ltr'>diris</span> 
     </span>
     <span class='ocr_line' id='line_1_23' title="bbox 298 2551 1216 2646; baseline -0.004 -39"><span class='ocrx_word' id='word_1_156' title='bbox 298 2556 378 2646; x_wconf 76' lang='grc' dir='ltr'><em>θέρα</em></span> <span class='ocrx_word' id='word_1_157' title='bbox 395 2556 599 2618; x_wconf 76' lang='grc' dir='ltr'>τεκνωθέντες,</span> <span class='ocrx_word' id='word_1_158' title='bbox 620 2573 661 2608; x_wconf 82' lang='grc' dir='ltr'>ων</span> <span class='ocrx_word' id='word_1_159' title='bbox 678 2551 824 2625; x_wconf 76' lang='grc' dir='ltr'><strong><em>Ὄλυμπος</em></strong></span> <span class='ocrx_word' id='word_1_160' title='bbox 862 2553 1099 2607; x_wconf 56' lang='lat' dir='ltr'>massonum</span> <span class='ocrx_word' id='word_1_161' title='bbox 1089 2568 1216 2604; x_wconf 79' lang='grc'><strong>4444444444.</strong></span> 
     </span>
     <span class='ocr_line' id='line_1_24' title="bbox 298 2625 1385 2701; baseline -0.002 -20"><span class='ocrx_word' id='word_1_162' title='bbox 298 2625 400 2701; x_wconf 77' lang='grc' dir='ltr'><em>Πατὴρ</em></span> <span class='ocrx_word' id='word_1_163' title='bbox 424 2626 526 2695; x_wconf 80' lang='grc' dir='ltr'><strong>μόνος·</strong></span> <span class='ocrx_word' id='word_1_164' title='bbox 551 2629 651 2682; x_wconf 88' lang='lat' dir='ltr'>collatis</span> <span class='ocrx_word' id='word_1_165' title='bbox 673 2633 758 2696; x_wconf 78' lang='lat' dir='ltr'>Autig</span> <span class='ocrx_word' id='word_1_166' title='bbox 778 2646 821 2682; x_wconf 86' lang='lat' dir='ltr'>vv.</span> <span class='ocrx_word' id='word_1_167' title='bbox 894 2631 934 2680; x_wconf 84' lang='grc'><strong>98.</strong></span> <span class='ocrx_word' id='word_1_168' title='bbox 948 2628 988 2679; x_wconf 85' lang='grc'>93.</span> <span class='ocrx_word' id='word_1_169' title='bbox 1007 2630 1175 2679; x_wconf 78' lang='lat' dir='ltr'>Noctumus-</span> <span class='ocrx_word' id='word_1_170' title='bbox 1160 2629 1385 2693; x_wconf 82' lang='lat' dir='ltr'>-·,Furor]lsmur</span> 
     </span>
     <span class='ocr_line' id='line_1_25' title="bbox 299 2703 1387 2771; baseline -0.003 -14"><span class='ocrx_word' id='word_1_171' title='bbox 299 2705 347 2758; x_wconf 83' lang='grc'>444</span> <span class='ocrx_word' id='word_1_172' title='bbox 376 2718 452 2769; x_wconf 84' lang='lat' dir='ltr'>seqq.</span> <span class='ocrx_word' id='word_1_173' title='bbox 492 2708 615 2771; x_wconf 67' lang='grc'><strong>4449444444</strong></span> <span class='ocrx_word' id='word_1_174' title='bbox 646 2708 736 2756; x_wconf 87' lang='lat' dir='ltr'>autem</span> <span class='ocrx_word' id='word_1_175' title='bbox 765 2708 822 2771; x_wconf 75' lang='grc'><strong>444,</strong></span> <span class='ocrx_word' id='word_1_176' title='bbox 862 2703 942 2754; x_wconf 87' lang='lat' dir='ltr'>larva.</span> <span class='ocrx_word' id='word_1_177' title='bbox 979 2703 1072 2767; x_wconf 73' lang='lat' dir='ltr'>(Furor</span> <span class='ocrx_word' id='word_1_178' title='bbox 1091 2716 1140 2768; x_wconf 90' lang='lat' dir='ltr'>pro</span> <span class='ocrx_word' id='word_1_179' title='bbox 1157 2703 1249 2766; x_wconf 76' lang='lat' dir='ltr'>Furia,</span> <span class='ocrx_word' id='word_1_180' title='bbox 1269 2703 1320 2754; x_wconf 88' lang='lat' dir='ltr'>sed</span> <span class='ocrx_word' id='word_1_181' title='bbox 1336 2704 1387 2754; x_wconf 78' lang='grc'><strong>444·</strong></span> 
     </span>
     <span class='ocr_line' id='line_1_26' title="bbox 300 2777 1383 2846; baseline -0.005 -15"><span class='ocrx_word' id='word_1_182' title='bbox 300 2782 362 2846; x_wconf 90' lang='lat' dir='ltr'>quia</span> <span class='ocrx_word' id='word_1_183' title='bbox 385 2780 504 2830; x_wconf 82' lang='lat' dir='ltr'>divinum</span> <span class='ocrx_word' id='word_1_184' title='bbox 528 2782 609 2844; x_wconf 88' lang='lat' dir='ltr'>atque</span> <span class='ocrx_word' id='word_1_185' title='bbox 626 2784 766 2832; x_wconf 86' lang='lat' dir='ltr'>aeternum</span> <span class='ocrx_word' id='word_1_186' title='bbox 784 2784 825 2832; x_wconf 90' lang='lat' dir='ltr'>est</span> <span class='ocrx_word' id='word_1_187' title='bbox 860 2792 945 2830; x_wconf 83' lang='lat' dir='ltr'>rorem</span> <span class='ocrx_word' id='word_1_188' title='bbox 962 2777 1040 2838; x_wconf 78' lang='lat' dir='ltr'>dixit,</span> <span class='ocrx_word' id='word_1_189' title='bbox 1060 2790 1122 2827; x_wconf 90' lang='lat' dir='ltr'>cum</span> <span class='ocrx_word' id='word_1_190' title='bbox 1134 2777 1168 2827; x_wconf 89' lang='lat' dir='ltr'>de</span> <span class='ocrx_word' id='word_1_191' title='bbox 1185 2790 1271 2842; x_wconf 89' lang='lat' dir='ltr'>puero</span> <span class='ocrx_word' id='word_1_192' title='bbox 1282 2781 1383 2841; x_wconf 79' lang='lat' dir='ltr'>agatur.</span> 
     </span>
     <span class='ocr_line' id='line_1_27' title="bbox 299 2851 1386 2919; baseline -0.004 -12"><span class='ocrx_word' id='word_1_193' title='bbox 299 2856 444 2907; x_wconf 84' lang='lat' dir='ltr'>discrimen</span> <span class='ocrx_word' id='word_1_194' title='bbox 467 2856 536 2905; x_wconf 89' lang='lat' dir='ltr'>inter</span> <span class='ocrx_word' id='word_1_195' title='bbox 560 2854 603 2906; x_wconf 87' lang='grc'>444</span> <span class='ocrx_word' id='word_1_196' title='bbox 631 2857 711 2919; x_wconf 88' lang='lat' dir='ltr'>atque</span> <span class='ocrx_word' id='word_1_197' title='bbox 740 2857 822 2907; x_wconf 85' lang='lat' dir='ltr'>nolas.</span> <span class='ocrx_word' id='word_1_198' title='bbox 862 2851 959 2914; x_wconf 77' lang='lat' dir='ltr'>Guoss.)</span> <span class='ocrx_word' id='word_1_199' title='bbox 978 2851 1102 2914; x_wconf 78' lang='lat' dir='ltr'>Aeschyl.</span> <span class='ocrx_word' id='word_1_200' title='bbox 1117 2852 1236 2917; x_wconf 76' lang='lat' dir='ltr'>Choeph.</span> <span class='ocrx_word' id='word_1_201' title='bbox 1250 2853 1311 2903; x_wconf 75' lang='lat'>288:</span> <span class='ocrx_word' id='word_1_202' title='bbox 1332 2851 1386 2903; x_wconf 79' lang='lat' dir='ltr'>Kal</span> 
     </span>
     <span class='ocr_line' id='line_1_28' title="bbox 302 2921 1387 2995; baseline -0.003 -16"><span class='ocrx_word' id='word_1_203' title='bbox 302 2959 329 2967; x_wconf 89' lang='lat'><em>-</em></span> <span class='ocrx_word' id='word_1_204' title='bbox 347 2931 486 2980; x_wconf 81' lang='grc'><strong>4444444444</strong></span> <span class='ocrx_word' id='word_1_205' title='bbox 500 2929 587 2995; x_wconf 74' lang='lat' dir='ltr'>vicen]</span> <span class='ocrx_word' id='word_1_206' title='bbox 607 2929 757 2993; x_wconf 76' lang='lat' dir='ltr'>«quomodo</span> <span class='ocrx_word' id='word_1_207' title='bbox 774 2932 825 2981; x_wconf 88' lang='lat' dir='ltr'>ho·</span> <span class='ocrx_word' id='word_1_208' title='bbox 862 2924 957 2979; x_wconf 80' lang='grc'><strong>44444</strong></span> <span class='ocrx_word' id='word_1_209' title='bbox 983 2927 1032 2977; x_wconf 71' lang='lat' dir='ltr'>zat</span> <span class='ocrx_word' id='word_1_210' title='bbox 1062 2921 1187 2991; x_wconf 78' lang='grc' dir='ltr'>μάταιος</span> <span class='ocrx_word' id='word_1_211' title='bbox 1214 2924 1248 2977; x_wconf 79' lang='grc' dir='ltr'>ἐκ</span> <span class='ocrx_word' id='word_1_212' title='bbox 1277 2924 1387 2978; x_wconf 68' lang='lat' dir='ltr'>mstis</span> 
     </span>
     <span class='ocr_line' id='line_1_29' title="bbox 300 2997 1389 3070; baseline -0.004 -14"><span class='ocrx_word' id='word_1_213' title='bbox 300 3003 417 3056; x_wconf 85' lang='lat' dir='ltr'>minibus</span> <span class='ocrx_word' id='word_1_214' title='bbox 429 2999 560 3066; x_wconf 77' lang='grc' dir='ltr'>δυνατόν,</span> <span class='ocrx_word' id='word_1_215' title='bbox 580 3017 739 3056; x_wconf 87' lang='lat' dir='ltr'>concessum</span> <span class='ocrx_word' id='word_1_216' title='bbox 757 3007 823 3064; x_wconf 75' lang='grc'><strong>4444,</strong></span> <span class='ocrx_word' id='word_1_217' title='bbox 861 3000 967 3066; x_wconf 84' lang='grc' dir='ltr'><strong>φόβος.</strong></span> <span class='ocrx_word' id='word_1_218' title='bbox 981 3000 1048 3052; x_wconf 87' lang='lat' dir='ltr'>lbid.</span> <span class='ocrx_word' id='word_1_219' title='bbox 1062 3000 1123 3052; x_wconf 75' lang='lat' dir='ltr'>tal:</span> <span class='ocrx_word' id='word_1_220' title='bbox 1136 2999 1169 3052; x_wconf 82' lang='grc' dir='ltr'>ἑκ</span> <span class='ocrx_word' id='word_1_221' title='bbox 1180 3028 1210 3039; x_wconf 91' lang='grc'>--</span> <span class='ocrx_word' id='word_1_222' title='bbox 1220 2997 1389 3070; x_wconf 56' lang='grc' dir='ltr'>4444444444)ι</span> 
     </span>
     <span class='ocr_line' id='line_1_30' title="bbox 302 3072 1384 3143; baseline 0.003 -17"><span class='ocrx_word' id='word_1_223' title='bbox 302 3081 462 3131; x_wconf 72' lang='lat' dir='ltr'>«hominum</span> <span class='ocrx_word' id='word_1_224' title='bbox 478 3092 586 3141; x_wconf 81' lang='lat' dir='ltr'>more»,</span> <span class='ocrx_word' id='word_1_225' title='bbox 611 3081 670 3143; x_wconf 78' lang='lat' dir='ltr'>aas</span> <span class='ocrx_word' id='word_1_226' title='bbox 686 3081 825 3130; x_wconf 81' lang='lat' dir='ltr'>mansell-</span> <span class='ocrx_word' id='word_1_227' title='bbox 862 3093 937 3128; x_wconf 81' lang='grc' dir='ltr'><em>κτων</em></span> <span class='ocrx_word' id='word_1_228' title='bbox 959 3072 1101 3142; x_wconf 77' lang='grc' dir='ltr'><strong><em>δειμάτων</em></strong></span> <span class='ocrx_word' id='word_1_229' title='bbox 1120 3105 1158 3128; x_wconf 89' lang='lat'>-.</span> <span class='ocrx_word' id='word_1_230' title='bbox 1178 3077 1249 3140; x_wconf 85' lang='lat' dir='ltr'>Virg.</span> <span class='ocrx_word' id='word_1_231' title='bbox 1268 3081 1336 3128; x_wconf 80' lang='lat' dir='ltr'>Aen.</span> <span class='ocrx_word' id='word_1_232' title='bbox 1355 3077 1384 3138; x_wconf 86' lang='grc'>4,</span> 
     </span>
     <span class='ocr_line' id='line_1_31' title="bbox 299 3151 1385 3215; baseline -0.002 -11"><span class='ocrx_word' id='word_1_233' title='bbox 299 3155 375 3206; x_wconf 82' lang='lat' dir='ltr'>liele</span> <span class='ocrx_word' id='word_1_234' title='bbox 402 3155 511 3215; x_wconf 86' lang='lat' dir='ltr'>Weise;</span> <span class='ocrx_word' id='word_1_235' title='bbox 541 3168 605 3205; x_wconf 91' lang='lat' dir='ltr'>uam</span> <span class='ocrx_word' id='word_1_236' title='bbox 628 3157 721 3206; x_wconf 76' lang='lat' dir='ltr'>«tuam</span> <span class='ocrx_word' id='word_1_237' title='bbox 738 3156 825 3206; x_wconf 87' lang='lat' dir='ltr'>vicem</span> <span class='ocrx_word' id='word_1_238' title='bbox 862 3153 926 3204; x_wconf 84' lang='lat'><strong>386:</strong></span> <span class='ocrx_word' id='word_1_239' title='bbox 951 3151 1070 3202; x_wconf 79' lang='grc'><strong>0444444444</strong></span> <span class='ocrx_word' id='word_1_240' title='bbox 1091 3151 1184 3200; x_wconf 81' lang='grc'><strong>4444444</strong></span> <span class='ocrx_word' id='word_1_241' title='bbox 1207 3151 1267 3202; x_wconf 81' lang='lat' dir='ltr'>locis</span> <span class='ocrx_word' id='word_1_242' title='bbox 1300 3153 1385 3202; x_wconf 82' lang='lat' dir='ltr'>adera.</span> 
     </span>
     <span class='ocr_line' id='line_1_32' title="bbox 301 3225 1385 3291; baseline -0.004 -11"><span class='ocrx_word' id='word_1_243' title='bbox 301 3227 392 3291; x_wconf 79' lang='lat' dir='ltr'>doleo,</span> <span class='ocrx_word' id='word_1_244' title='bbox 419 3230 512 3279; x_wconf 80' lang='lat' dir='ltr'>aurius</span> <span class='ocrx_word' id='word_1_245' title='bbox 530 3241 603 3290; x_wconf 85' lang='lat' dir='ltr'>eum,</span> <span class='ocrx_word' id='word_1_246' title='bbox 628 3229 755 3290; x_wconf 75' lang='lat' dir='ltr'>irascor»,</span> <span class='ocrx_word' id='word_1_247' title='bbox 773 3230 825 3279; x_wconf 87' lang='lat' dir='ltr'>hoc</span> <span class='ocrx_word' id='word_1_248' title='bbox 862 3227 954 3288; x_wconf 84' lang='lat' dir='ltr'>Dubis,</span> <span class='ocrx_word' id='word_1_249' title='bbox 982 3225 1106 3288; x_wconf 75' lang='lat' dir='ltr'>improbe,</span> <span class='ocrx_word' id='word_1_250' title='bbox 1122 3239 1226 3288; x_wconf 72' lang='lat' dir='ltr'>poem.</span> <span class='ocrx_word' id='word_1_251' title='bbox 1263 3226 1338 3276; x_wconf 80' lang='lat' dir='ltr'>Ouid.</span> <span class='ocrx_word' id='word_1_252' title='bbox 1361 3227 1385 3276; x_wconf 90' lang='lat' dir='ltr'>in</span> 
     </span>
     <span class='ocr_line' id='line_1_33' title="bbox 301 3299 1387 3367; baseline -0.004 -13"><span class='ocrx_word' id='word_1_253' title='bbox 301 3303 445 3367; x_wconf 80' lang='lat' dir='ltr'>siguificat:</span> <span class='ocrx_word' id='word_1_254' title='bbox 469 3300 582 3353; x_wconf 75' lang='lat' dir='ltr'>«eodem</span> <span class='ocrx_word' id='word_1_255' title='bbox 599 3301 680 3352; x_wconf 91' lang='lat' dir='ltr'>modo</span> <span class='ocrx_word' id='word_1_256' title='bbox 698 3301 776 3353; x_wconf 90' lang='lat' dir='ltr'>doleo</span> <span class='ocrx_word' id='word_1_257' title='bbox 794 3315 826 3351; x_wconf 91' lang='lat' dir='ltr'>ac</span> <span class='ocrx_word' id='word_1_258' title='bbox 862 3301 935 3352; x_wconf 91' lang='lat' dir='ltr'>Ibide</span> <span class='ocrx_word' id='word_1_259' title='bbox 947 3314 973 3349; x_wconf 83' lang='lat' dir='ltr'>r.</span> <span class='ocrx_word' id='word_1_260' title='bbox 988 3299 1050 3351; x_wconf 76' lang='lat' dir='ltr'>tlt:</span> <span class='ocrx_word' id='word_1_261' title='bbox 1071 3300 1131 3350; x_wconf 78' lang='lat' dir='ltr'>Trea</span> <span class='ocrx_word' id='word_1_262' title='bbox 1148 3313 1245 3363; x_wconf 74' lang='lat' dir='ltr'>quoque</span> <span class='ocrx_word' id='word_1_263' title='bbox 1259 3301 1387 3363; x_wconf 78' lang='grc'><strong>[44444444</strong></span> 
     </span>
     <span class='ocr_line' id='line_1_34' title="bbox 301 3375 1387 3428; baseline -0.002 0"><span class='ocrx_word' id='word_1_264' title='bbox 301 3379 365 3428; x_wconf 88' lang='lat' dir='ltr'>mihi</span> <span class='ocrx_word' id='word_1_265' title='bbox 382 3379 486 3428; x_wconf 89' lang='lat' dir='ltr'>certum</span> <span class='ocrx_word' id='word_1_266' title='bbox 498 3378 539 3428; x_wconf 89' lang='lat' dir='ltr'>est</span> <span class='ocrx_word' id='word_1_267' title='bbox 556 3379 582 3427; x_wconf 89' lang='lat' dir='ltr'>te</span> <span class='ocrx_word' id='word_1_268' title='bbox 594 3375 685 3426; x_wconf 88' lang='lat' dir='ltr'>dolore</span> <span class='ocrx_word' id='word_1_269' title='bbox 697 3376 825 3427; x_wconf 83' lang='lat' dir='ltr'>debere.»</span> <span class='ocrx_word' id='word_1_270' title='bbox 860 3377 961 3427; x_wconf 80' lang='grc'><strong>44444444</strong></span> <span class='ocrx_word' id='word_1_271' title='bbox 977 3389 1072 3426; x_wconf 81' lang='lat' dir='ltr'>maner</span> <span class='ocrx_word' id='word_1_272' title='bbox 1090 3375 1183 3425; x_wconf 83' lang='lat' dir='ltr'>Umbro</span> <span class='ocrx_word' id='word_1_273' title='bbox 1203 3380 1319 3426; x_wconf 75' lang='grc'><strong>44444444.-</strong></span> <span class='ocrx_word' id='word_1_274' title='bbox 1344 3377 1387 3426; x_wconf 65' lang='lat' dir='ltr'>ln»</span> 
     </span>
     <span class='ocr_line' id='line_1_35' title="bbox 301 3449 1384 3515; baseline -0.003 -12"><span class='ocrx_word' id='word_1_275' title='bbox 301 3454 357 3504; x_wconf 87' lang='lat' dir='ltr'>lloc</span> <span class='ocrx_word' id='word_1_276' title='bbox 375 3465 439 3515; x_wconf 78' lang='lat' dir='ltr'>ergo</span> <span class='ocrx_word' id='word_1_277' title='bbox 456 3451 531 3502; x_wconf 84' lang='lat' dir='ltr'>dicit:</span> <span class='ocrx_word' id='word_1_278' title='bbox 562 3449 643 3502; x_wconf 75' lang='lat' dir='ltr'>«alias</span> <span class='ocrx_word' id='word_1_279' title='bbox 666 3449 754 3502; x_wconf 88' lang='lat' dir='ltr'>solent</span> <span class='ocrx_word' id='word_1_280' title='bbox 775 3452 826 3502; x_wconf 89' lang='lat' dir='ltr'>ho·</span> <span class='ocrx_word' id='word_1_281' title='bbox 862 3465 954 3514; x_wconf 78' lang='lat' dir='ltr'>sequor</span> <span class='ocrx_word' id='word_1_282' title='bbox 970 3456 994 3500; x_wconf 87' lang='lat' dir='ltr'>et</span> <span class='ocrx_word' id='word_1_283' title='bbox 1008 3453 1089 3501; x_wconf 79' lang='grc'><strong>444444</strong></span> <span class='ocrx_word' id='word_1_284' title='bbox 1105 3464 1175 3501; x_wconf 79' lang='lat' dir='ltr'>ossea</span> <span class='ocrx_word' id='word_1_285' title='bbox 1191 3451 1266 3500; x_wconf 78' lang='lat' dir='ltr'>torua</span> <span class='ocrx_word' id='word_1_286' title='bbox 1282 3455 1346 3500; x_wconf 80' lang='lat' dir='ltr'>tuos.</span> <span class='ocrx_word' id='word_1_287' title='bbox 1360 3478 1384 3486; x_wconf 95' lang='lat'><em>-</em></span> 
     </span>
     <span class='ocr_line' id='line_1_36' title="bbox 300 3523 1386 3591; baseline -0.002 -15"><span class='ocrx_word' id='word_1_288' title='bbox 300 3527 386 3576; x_wconf 88' lang='lat' dir='ltr'>mines</span> <span class='ocrx_word' id='word_1_289' title='bbox 398 3526 569 3576; x_wconf 89' lang='lat' dir='ltr'>miseratione</span> <span class='ocrx_word' id='word_1_290' title='bbox 582 3528 609 3576; x_wconf 86' lang='lat' dir='ltr'>et</span> <span class='ocrx_word' id='word_1_291' title='bbox 623 3525 750 3591; x_wconf 88' lang='lat' dir='ltr'>precibus</span> <span class='ocrx_word' id='word_1_292' title='bbox 761 3523 827 3576; x_wconf 92' lang='lat' dir='ltr'>mol·</span> <span class='ocrx_word' id='word_1_293' title='bbox 862 3527 946 3577; x_wconf 80' lang='lat' dir='ltr'>curuis</span> <span class='ocrx_word' id='word_1_294' title='bbox 954 3525 1085 3590; x_wconf 67' lang='grc'><strong>4449444444]</strong></span> <span class='ocrx_word' id='word_1_295' title='bbox 1096 3525 1188 3588; x_wconf 77' lang='lat' dir='ltr'>Cogita</span> <span class='ocrx_word' id='word_1_296' title='bbox 1200 3526 1300 3586; x_wconf 82' lang='lat' dir='ltr'>Furias,</span> <span class='ocrx_word' id='word_1_297' title='bbox 1319 3538 1386 3589; x_wconf 86' lang='lat' dir='ltr'>quae</span> 
     </span>
     <span class='ocr_line' id='line_1_37' title="bbox 299 3598 1384 3665; baseline -0.005 -15"><span class='ocrx_word' id='word_1_298' title='bbox 299 3599 347 3650; x_wconf 91' lang='lat' dir='ltr'>lire</span> <span class='ocrx_word' id='word_1_299' title='bbox 364 3601 532 3651; x_wconf 89' lang='lat' dir='ltr'>inimicorum</span> <span class='ocrx_word' id='word_1_300' title='bbox 550 3602 720 3665; x_wconf 86' lang='lat' dir='ltr'>hostiumque</span> <span class='ocrx_word' id='word_1_301' title='bbox 738 3601 826 3651; x_wconf 83' lang='lat' dir='ltr'>saevi·</span> <span class='ocrx_word' id='word_1_302' title='bbox 863 3599 1022 3665; x_wconf 80' lang='lat' dir='ltr'>praelongos</span> <span class='ocrx_word' id='word_1_303' title='bbox 1030 3598 1133 3649; x_wconf 87' lang='lat' dir='ltr'>hahent</span> <span class='ocrx_word' id='word_1_304' title='bbox 1141 3611 1244 3662; x_wconf 83' lang='lat' dir='ltr'>ungues</span> <span class='ocrx_word' id='word_1_305' title='bbox 1253 3599 1384 3649; x_wconf 78' lang='grc'><strong>4444444444.</strong></span> 
     </span>
     <span class='ocr_line' id='line_1_38' title="bbox 301 3673 1318 3740; baseline -0.001 -16"><span class='ocrx_word' id='word_1_306' title='bbox 301 3675 363 3724; x_wconf 83' lang='lat' dir='ltr'>tiam</span> <span class='ocrx_word' id='word_1_307' title='bbox 382 3687 529 3738; x_wconf 90' lang='lat' dir='ltr'>eorumque</span> <span class='ocrx_word' id='word_1_308' title='bbox 547 3677 615 3726; x_wconf 86' lang='lat' dir='ltr'>irarn</span> <span class='ocrx_word' id='word_1_309' title='bbox 631 3675 753 3740; x_wconf 85' lang='lat' dir='ltr'>placare,</span> <span class='ocrx_word' id='word_1_310' title='bbox 776 3675 827 3726; x_wconf 84' lang='lat' dir='ltr'>sed</span> <span class='ocrx_word' id='word_1_311' title='bbox 864 3676 989 3739; x_wconf 70' lang='lat' dir='ltr'>(Belliger</span> <span class='ocrx_word' id='word_1_312' title='bbox 1005 3674 1185 3726; x_wconf 78' lang='grc'><strong>4444444444444</strong></span> <span class='ocrx_word' id='word_1_313' title='bbox 1202 3675 1228 3724; x_wconf 94' lang='lat' dir='ltr'>in</span> <span class='ocrx_word' id='word_1_314' title='bbox 1245 3673 1318 3737; x_wconf 87' lang='lat' dir='ltr'>fine.)</span> 
     </span>
     <span class='ocr_line' id='line_1_39' title="bbox 301 3747 1385 3814; baseline -0.002 -15"><span class='ocrx_word' id='word_1_315' title='bbox 301 3750 353 3799; x_wconf 92' lang='lat' dir='ltr'>hoc</span> <span class='ocrx_word' id='word_1_316' title='bbox 368 3747 431 3797; x_wconf 86' lang='lat' dir='ltr'>mihi</span> <span class='ocrx_word' id='word_1_317' title='bbox 449 3762 520 3799; x_wconf 92' lang='lat' dir='ltr'>nune</span> <span class='ocrx_word' id='word_1_318' title='bbox 533 3748 662 3801; x_wconf 87' lang='lat' dir='ltr'>adversus</span> <span class='ocrx_word' id='word_1_319' title='bbox 674 3765 737 3813; x_wconf 83' lang='lat' dir='ltr'>vos,</span> <span class='ocrx_word' id='word_1_320' title='bbox 757 3764 826 3814; x_wconf 89' lang='lat' dir='ltr'>quae</span> <span class='ocrx_word' id='word_1_321' title='bbox 896 3749 984 3801; x_wconf 86' lang='grc'><strong>94-98.</strong></span> <span class='ocrx_word' id='word_1_322' title='bbox 1010 3749 1132 3813; x_wconf 75' lang='lat' dir='ltr'>mnium]</span> <span class='ocrx_word' id='word_1_323' title='bbox 1156 3751 1200 3799; x_wconf 73' lang='grc'><strong>4444</strong></span> <span class='ocrx_word' id='word_1_324' title='bbox 1220 3748 1278 3811; x_wconf 82' lang='lat' dir='ltr'>lege</span> <span class='ocrx_word' id='word_1_325' title='bbox 1300 3747 1385 3798; x_wconf 82' lang='lat' dir='ltr'>diviua</span> 
     </span>
     <span class='ocr_line' id='line_1_40' title="bbox 301 3821 1386 3874; baseline -0.003 -1"><span class='ocrx_word' id='word_1_326' title='bbox 301 3823 434 3873; x_wconf 86' lang='lat' dir='ltr'>humanos</span> <span class='ocrx_word' id='word_1_327' title='bbox 460 3835 555 3873; x_wconf 85' lang='lat' dir='ltr'>sensus</span> <span class='ocrx_word' id='word_1_328' title='bbox 576 3823 733 3874; x_wconf 88' lang='lat' dir='ltr'>iamdudum</span> <span class='ocrx_word' id='word_1_329' title='bbox 751 3826 827 3874; x_wconf 82' lang='lat' dir='ltr'>exui·</span> <span class='ocrx_word' id='word_1_330' title='bbox 864 3835 1022 3874; x_wconf 89' lang='lat' dir='ltr'>concessum</span> <span class='ocrx_word' id='word_1_331' title='bbox 1041 3823 1082 3872; x_wconf 88' lang='lat' dir='ltr'>est</span> <span class='ocrx_word' id='word_1_332' title='bbox 1098 3821 1201 3872; x_wconf 88' lang='lat' dir='ltr'>umbris</span> <span class='ocrx_word' id='word_1_333' title='bbox 1218 3822 1259 3872; x_wconf 88' lang='lat' dir='ltr'>ins</span> <span class='ocrx_word' id='word_1_334' title='bbox 1275 3823 1302 3871; x_wconf 90' lang='lat' dir='ltr'>in</span> <span class='ocrx_word' id='word_1_335' title='bbox 1320 3821 1386 3872; x_wconf 80' lang='lat' dir='ltr'>sica-</span> 
     </span>
     <span class='ocr_line' id='line_1_41' title="bbox 301 3895 1384 3962; baseline -0.006 -13"><span class='ocrx_word' id='word_1_336' title='bbox 301 3898 358 3960; x_wconf 84' lang='grc'><strong>4444,</strong></span> <span class='ocrx_word' id='word_1_337' title='bbox 369 3897 494 3960; x_wconf 85' lang='lat' dir='ltr'>negatum</span> <span class='ocrx_word' id='word_1_338' title='bbox 504 3898 571 3948; x_wconf 73' lang='lat' dir='ltr'>est.»</span> <span class='ocrx_word' id='word_1_339' title='bbox 583 3925 609 3933; x_wconf 95' lang='lat'><em>-</em></span> <span class='ocrx_word' id='word_1_340' title='bbox 623 3899 728 3962; x_wconf 74' lang='grc'><strong>4444444]</strong></span> <span class='ocrx_word' id='word_1_341' title='bbox 741 3897 824 3950; x_wconf 81' lang='lat' dir='ltr'>Adde:</span> <span class='ocrx_word' id='word_1_342' title='bbox 864 3899 917 3948; x_wconf 89' lang='lat' dir='ltr'>rios</span> <span class='ocrx_word' id='word_1_343' title='bbox 935 3911 966 3947; x_wconf 90' lang='lat' dir='ltr'>ac</span> <span class='ocrx_word' id='word_1_344' title='bbox 985 3897 1120 3947; x_wconf 90' lang='lat' dir='ltr'>veneticos</span> <span class='ocrx_word' id='word_1_345' title='bbox 1132 3895 1268 3947; x_wconf 83' lang='lat' dir='ltr'>saeviendi</span> <span class='ocrx_word' id='word_1_346' title='bbox 1286 3907 1384 3958; x_wconf 87' lang='lat' dir='ltr'>eosque</span> 
     </span>
     <span class='ocr_line' id='line_1_42' title="bbox 303 3968 1384 4038; baseline -0.004 -15"><span class='ocrx_word' id='word_1_347' title='bbox 303 3975 346 4023; x_wconf 76' lang='lat' dir='ltr'>«ot</span> <span class='ocrx_word' id='word_1_348' title='bbox 363 3986 432 4038; x_wconf 89' lang='lat' dir='ltr'>quae</span> <span class='ocrx_word' id='word_1_349' title='bbox 445 3971 511 4022; x_wconf 89' lang='lat' dir='ltr'>haec</span> <span class='ocrx_word' id='word_1_350' title='bbox 523 3973 650 4030; x_wconf 79' lang='lat' dir='ltr'>miscent,</span> <span class='ocrx_word' id='word_1_351' title='bbox 669 3985 748 4034; x_wconf 81' lang='lat' dir='ltr'>sagae</span> <span class='ocrx_word' id='word_1_352' title='bbox 762 3987 827 4024; x_wconf 88' lang='lat' dir='ltr'>con·</span> <span class='ocrx_word' id='word_1_353' title='bbox 864 3970 1036 4023; x_wconf 74' lang='lat' dir='ltr'>ulciscendi.»</span> <span class='ocrx_word' id='word_1_354' title='bbox 1067 3969 1122 4021; x_wconf 82' lang='lat' dir='ltr'>Val.</span> <span class='ocrx_word' id='word_1_355' title='bbox 1136 3969 1220 4021; x_wconf 82' lang='lat' dir='ltr'>Flace.</span> <span class='ocrx_word' id='word_1_356' title='bbox 1234 3971 1264 4030; x_wconf 90' lang='grc'>3,</span> <span class='ocrx_word' id='word_1_357' title='bbox 1283 3969 1340 4020; x_wconf 84' lang='grc'><strong>383.</strong></span> <span class='ocrx_word' id='word_1_358' title='bbox 1353 3968 1384 4018; x_wconf 84' lang='lat' dir='ltr'>de</span> 
     </span>
     <span class='ocr_line' id='line_1_43' title="bbox 304 4044 1386 4109; baseline -0.006 -11"><span class='ocrx_word' id='word_1_359' title='bbox 304 4047 477 4099; x_wconf 77' lang='lat' dir='ltr'>sceleratae.»</span> <span class='ocrx_word' id='word_1_360' title='bbox 865 4049 980 4098; x_wconf 88' lang='lat' dir='ltr'>necatis:</span> <span class='ocrx_word' id='word_1_361' title='bbox 996 4051 1069 4109; x_wconf 75' lang='lat' dir='ltr'>patet</span> <span class='ocrx_word' id='word_1_362' title='bbox 1085 4045 1140 4095; x_wconf 81' lang='grc'><strong>44444</strong></span> <span class='ocrx_word' id='word_1_363' title='bbox 1155 4046 1237 4096; x_wconf 85' lang='grc'><strong>44444</strong></span> <span class='ocrx_word' id='word_1_364' title='bbox 1254 4044 1295 4094; x_wconf 83' lang='lat' dir='ltr'>lati</span> <span class='ocrx_word' id='word_1_365' title='bbox 1311 4045 1386 4105; x_wconf 74' lang='lat' dir='ltr'>Atque</span> 
     </span>
     <span class='ocr_line' id='line_1_44' title="bbox 336 4120 1385 4186; baseline -0.008 -12"><span class='ocrx_word' id='word_1_366' title='bbox 336 4123 376 4174; x_wconf 90' lang='lat'>89.</span> <span class='ocrx_word' id='word_1_367' title='bbox 404 4123 474 4173; x_wconf 82' lang='lat' dir='ltr'>Diris</span> <span class='ocrx_word' id='word_1_368' title='bbox 490 4133 567 4186; x_wconf 69' lang='grc'><strong>494444</strong></span> <span class='ocrx_word' id='word_1_369' title='bbox 590 4121 646 4184; x_wconf 82' lang='lat' dir='ltr'>vor]</span> <span class='ocrx_word' id='word_1_370' title='bbox 673 4122 733 4172; x_wconf 87' lang='lat' dir='ltr'>Tac.</span> <span class='ocrx_word' id='word_1_371' title='bbox 758 4125 824 4173; x_wconf 84' lang='lat' dir='ltr'>Anu.</span> <span class='ocrx_word' id='word_1_372' title='bbox 864 4121 954 4172; x_wconf 72' lang='lat' dir='ltr'>iterum</span> <span class='ocrx_word' id='word_1_373' title='bbox 971 4133 1085 4171; x_wconf 76' lang='grc'><strong>44444444</strong></span> <span class='ocrx_word' id='word_1_374' title='bbox 1101 4120 1170 4179; x_wconf 67' lang='grc'><strong>44444,</strong></span> <span class='ocrx_word' id='word_1_375' title='bbox 1188 4133 1269 4170; x_wconf 72' lang='lat' dir='ltr'>ccum</span> <span class='ocrx_word' id='word_1_376' title='bbox 1284 4131 1385 4168; x_wconf 84' lang='grc'><strong>444444-</strong></span> 
     </span>
     <span class='ocr_line' id='line_1_45' title="bbox 304 4196 1385 4260; baseline -0.002 -15"><span class='ocrx_word' id='word_1_377' title='bbox 304 4197 332 4256; x_wconf 85' lang='grc'>6,</span> <span class='ocrx_word' id='word_1_378' title='bbox 351 4197 399 4248; x_wconf 88' lang='grc'>84;</span> <span class='ocrx_word' id='word_1_379' title='bbox 426 4197 570 4248; x_wconf 67' lang='lat' dir='ltr'>lieston</span> <span class='ocrx_word' id='word_1_380' title='bbox 583 4196 653 4246; x_wconf 80' lang='grc'><strong>44444</strong></span> <span class='ocrx_word' id='word_1_381' title='bbox 668 4197 827 4259; x_wconf 80' lang='lat' dir='ltr'>imprecaba-</span> <span class='ocrx_word' id='word_1_382' title='bbox 863 4210 952 4249; x_wconf 85' lang='lat' dir='ltr'>rorum</span> <span class='ocrx_word' id='word_1_383' title='bbox 968 4197 1075 4248; x_wconf 74' lang='lat' dir='ltr'>Additur</span> <span class='ocrx_word' id='word_1_384' title='bbox 1091 4203 1115 4247; x_wconf 83' lang='lat' dir='ltr'>et</span> <span class='ocrx_word' id='word_1_385' title='bbox 1132 4197 1233 4260; x_wconf 76' lang='lat' dir='ltr'>puriter</span> <span class='ocrx_word' id='word_1_386' title='bbox 1248 4200 1331 4245; x_wconf 78' lang='lat' dir='ltr'>terras</span> <span class='ocrx_word' id='word_1_387' title='bbox 1346 4199 1385 4243; x_wconf 87' lang='grc'>44-</span> 
     </span>
     <span class='ocr_line' id='line_1_46' title="bbox 304 4271 1385 4338; baseline -0.002 -18"><span class='ocrx_word' id='word_1_388' title='bbox 304 4277 346 4321; x_wconf 80' lang='lat' dir='ltr'>iar</span> <span class='ocrx_word' id='word_1_389' title='bbox 364 4272 490 4336; x_wconf 82' lang='lat' dir='ltr'>(Drusus).</span> <span class='ocrx_word' id='word_1_390' title='bbox 508 4299 533 4308; x_wconf 47' lang='grc' dir='ltr'><strong>κ</strong></span> <span class='ocrx_word' id='word_1_391' title='bbox 553 4271 612 4322; x_wconf 83' lang='lat' dir='ltr'>dira</span> <span class='ocrx_word' id='word_1_392' title='bbox 624 4273 750 4324; x_wconf 81' lang='lat' dir='ltr'>detestatio</span> <span class='ocrx_word' id='word_1_393' title='bbox 764 4272 826 4338; x_wconf 84' lang='lat' dir='ltr'>eut]</span> <span class='ocrx_word' id='word_1_394' title='bbox 864 4287 911 4336; x_wconf 84' lang='lat' dir='ltr'>que</span> <span class='ocrx_word' id='word_1_395' title='bbox 928 4285 1040 4335; x_wconf 82' lang='lat' dir='ltr'>aequora</span> <span class='ocrx_word' id='word_1_396' title='bbox 1057 4272 1173 4322; x_wconf 81' lang='grc'><strong>44444444.</strong></span> <span class='ocrx_word' id='word_1_397' title='bbox 1206 4271 1314 4334; x_wconf 79' lang='lat' dir='ltr'>Quisque</span> <span class='ocrx_word' id='word_1_398' title='bbox 1330 4283 1385 4320; x_wconf 80' lang='grc'><strong>4444</strong></span> 
     </span>
    </p>
   </div>
   <div class='ocr_carea' id='block_1_4' title="bbox 0 0 1553 4978">
    <p class='ocr_par' dir='ltr' id='par_1_4' title="bbox 0 0 1553 4978">
     <span class='ocr_line' id='line_1_47' title="bbox 0 0 1553 4978; baseline 0 0"><span class='ocrx_word' id='word_1_399' title='bbox 0 0 1553 4978; x_wconf 95' lang='lat' dir='ltr'> </span> 
     </span>
    </p>
   </div>
  </div>
 </body>
</html>
