2986 4974
682 417 809 470 iiOiiATli
830 415 999 472 cantationi

490 549 650 641 'Fortuna
673 595 752 642 cum
775 575 913 641 stridore
937 583 1031 641 acuto

553 695 701 774 Sustulit,
726 695 778 763 hic
799 697 949 783 posuisse
971 694 1098 782 gaudet.

362 899 401 947 46.
421 893 588 961 tiacyriap.
607 895 763 944 Rimanti.
783 896 889 955 Quaest.
910 895 999 943 Horat.
1018 907 1045 958 p.
1064 894 1104 944 36.
1124 894 1164 943 56.

294 1075 370 1134 (uvel
392 1089 424 1125 ex
447 1073 543 1124 crebra
560 1073 709 1134 mentione,
734 1085 816 1136 quam
856 1073 886 1120 ut
909 1070 952 1122 aiii
973 1069 1127 1130 voluerunt,
1155 1071 1281 1122 «cutmen
1301 1085 1376 1138 opum

293 1152 416 1200 Horatius
432 1162 523 1198 rerum
541 1148 723 1198 Parthicarum
744 1147 814 1207 iacit,
853 1147 880 1194 et
896 1146 1072 1206 divitiarum»,
1083 1144 1375 1201 veiasummumdecus.

293 1223 376 1286 colligi
393 1226 495 1287 potest,
514 1226 678 1287 quantopere
697 1235 745 1272 eae
763 1222 816 1271 ito-
853 1219 987 1283 fastigium
1000 1222 1039 1270 rei
1052 1220 1219 1272 cuiuslibet.»
1239 1222 1375 1286 Estigitur:

292 1300 378 1349 manis
412 1311 492 1348 curae
526 1297 654 1360 cordique
687 1295 814 1346 moriat.»
855 1295 1019 1346 uPotentiam
1036 1309 1068 1345 ac
1085 1308 1199 1358 regnum
1218 1298 1296 1360 eripit
1310 1297 1374 1366 intio¹

292 1373 414 1436 Fatuus.)
436 1399 463 1408 -
480 1374 509 1421 in
527 1385 604 1436 seqq.
623 1372 736 1420 Fortuna
753 1381 815 1419 oum
853 1368 888 1419 ilii
901 1370 1031 1421 confert.»
1049 1371 1136 1421 Minus
1148 1373 1222 1421 recte
1233 1372 1377 1424 viscontius

292 1446 344 1496 deo
366 1459 493 1510 supremo
515 1445 653 1510 copulatur
673 1447 703 1495 ut
719 1446 772 1495 iam
788 1445 815 1494 in
852 1446 938 1494 Macco
954 1446 1131 1495 Pto-Clamat.
1151 1446 1180 1494 Τ.
1198 1447 1222 1494 t.
1242 1447 1271 1495 T.
1290 1447 1329 1496 ta.
1347 1448 1376 1497 de

292 1522 439 1571 Homericis
451 1519 500 1572 iilis
514 1520 587 1570 iliad.
602 1535 628 1581 ο,
647 1520 707 1569 tii:
725 1525 816 1590 μοῖρα
853 1519 929 1582 apice
955 1519 1011 1569 sive
1038 1517 1108 1583 pileo
1135 1519 1266 1569 Fortunae
1289 1521 1376 1584 ipsius.

291 1591 368 1658 Διός.
387 1611 416 1656 τ,
435 1597 480 1646 87:
500 1591 570 1657 Ζεὺς
587 1596 637 1645 καὶ
653 1595 748 1665 Μοῖρα
766 1595 815 1644 καὶ
853 1591 961 1656 qualem
983 1591 1085 1642 habent
1106 1593 1132 1643 in
1153 1595 1247 1644 statuis
1270 1596 1298 1644 et
1317 1607 1378 1643 aua-

292 1665 459 1740 ἤεροφοῑτις
481 1663 600 1741 Ἐρινύς.
627 1671 675 1720 Od.
700 1668 731 1730 λ,
750 1670 812 1719 292:
853 1665 958 1730 glyphrs
987 1668 1118 1717 Fortunae
1147 1669 1220 1717 certe
1249 1670 1374 1729 Antiates

291 1742 402 1810 χαλεπὴ
426 1744 457 1796 δὲ
478 1743 548 1794 θεοῦ
567 1741 641 1794 κατὰ
657 1744 733 1814 μοῖρ’
750 1743 815 1795 ἐπέ·
853 1743 1042 1805 interpretatus
1061 1745 1115 1804 est,
1135 1744 1211 1806 quasi
1229 1756 1294 1793 vero
1310 1743 1378 1794 hunc

290 1819 386 1887 δησεν.
412 1849 439 1858 -
458 1821 529 1882 apae
548 1821 654 1883 proprie
676 1820 815 1869 flaminum
853 1818 957 1881 apicem
990 1819 1102 1868 Fortuna
1132 1816 1239 1867 sibimet
1264 1819 1321 1882 ipsa
1346 1819 1377 1869 de

291 1896 401 1957 insigne,
415 1892 500 1957 pileus
513 1894 813 1957 cumapiceeminente;
852 1892 953 1940 vertice
977 1891 1090 1942 demens
1114 1905 1211 1954 magno
1235 1905 1297 1942 eum
1318 1893 1377 1944 stri-

291 1973 347 2020 tum
357 1969 449 2032 capitis
461 1971 649 2019 ornamentum
660 1981 754 2030 regum
766 1965 818 2016 ori-
854 1965 919 2016 dore
932 1964 1053 2026 alterius,
1073 1966 1115 2015 cui
1128 1965 1227 2026 faueat¹
1241 1967 1320 2030 capiti
1332 1969 1378 2016 im·

291 2042 427 2103 eutalium,
441 2043 516 2092 tiara.
530 2043 578 2092 Od.
589 2043 613 2104 3,
624 2043 665 2102 2⁴,
676 2043 717 2092 ao.
728 2055 816 2105 repam
853 2043 943 2104 ponat.
963 2040 1037 2091 Falso
1047 2043 1126 2091 etiam
1137 2039 1272 2104 Gargalius
1284 2042 1378 2104 apicem

290 2119 380 2180 apices.
404 2119 490 2181 Atque
510 2131 541 2168 eo
556 2119 654 2168 rectius
669 2118 707 2168 sie
721 2129 815 2180 regum
854 2115 1043 2180 interpretatur
1059 2119 1194 2166 montem:
1222 2118 1271 2165 «Li
1287 2129 1378 2178 rapace

289 2191 456 2242 orientalium
466 2193 530 2242 tiara
537 2193 626 2242 vocari
634 2191 816 2256 poteratquod
853 2191 967 2240 Fortuna
983 2195 1060 2239 aeata
1076 2191 1165 2251 strido,
1184 2191 1331 2252 Spicum
1345 2205 1377 2240 aa

290 2261 448 2338 eratdpntp'.
479 2268 527 2318 Dio
549 2267 644 2330 Chrys
664 2268 707 2317 Or.
728 2265 768 2316 44.
787 2279 813 2329 p.
853 2270 949 2326 monta,
975 2265 1051 2328 qatt'
1070 2265 1187 2327 inaura,
1212 2267 1322 2315 crim.»
1350 2293 1374 2301 -

290 2342 347 2393 444,
366 2344 395 2393 a.
416 2341 503 2392 Schol.
523 2341 622 2392 Platon.
641 2355 667 2406 p.
687 2341 744 2390 935.
766 2341 813 2390 Ed.
853 2340 972 2405 stridore]
994 2339 1111 2401 alarum,
1135 2353 1204 2404 quae
1223 2341 1246 2390 ei
1270 2343 1375 2404 propter

290 2419 409 2467 nostrae:
441 2415 532 2486 Τιάρα
549 2415 610 2467 ἐστὶ
626 2412 739 2480 κόσμος
755 2414 816 2466 ἐπι·
853 2413 1052 2465 instabilitatem
1064 2415 1225 2465 tribuuntur.
1236 2415 1284 2465 Od.
1296 2416 1323 2476 3,
1336 2415 1374 2476 49,

289 2489 457 2554 κεφάλαιος,
475 2483 494 2563 ᾖ
514 2492 545 2541 ot
553 2487 674 2561 Περσῶν
685 2489 816 2553 βασιλεῖς
853 2489 898 2539 53:
928 2491 1042 2540 Fortuna
1063 2491 1084 2540 si
1104 2516 1119 2527 -
1133 2518 1148 2528 -
1163 2516 1178 2527 -
1192 2491 1283 2540 celeres
1300 2491 1377 2553 quatit
1482 2477 1483 2553 J

288 2563 377 2632 μόνοι
394 2561 470 2638 ὀρθῇ
488 2563 626 2638 ἐχρῶντο,
645 2566 675 2614 οἱ
684 2563 715 2615 δὲ
727 2579 816 2636 στρα-
852 2567 956 2614 Pennas.
994 2566 1042 2615 Hie
1059 2567 1150 2616 autem
1167 2566 1275 2626 stridor,
1295 2565 1321 2614 id
1339 2567 1376 2614 cst

289 2641 373 2706 τηγοὶ
389 2639 550 2712 κεκλιμένῃ.
567 2635 812 2704 Ὑακινθινοβακρῆ
853 2643 955 2689 semota
972 2640 1099 2702 imagine,
1119 2639 1206 2690 subita
1224 2653 1316 2690 rerum
1328 2639 1375 2689 im·
1397 2647 1401 2652 “
1482 2653 1483 2658 ’

289 2715 384 2764 tiaram
401 2716 492 2766 tribuit
508 2719 650 2766 Persarum
668 2716 723 2777 regi
744 2716 815 2765 Cha·
853 2715 963 2764 mutatio
972 2727 1169 2777 regnorumque
1179 2714 1293 2775 eversio,
1309 2726 1376 2764 mor-
1482 2717 1483 2776 ᾖ

290 2789 814 2854 ritop.i37.Lips.Vid.Dariiimaginem
852 2787 919 2839 tales
936 2789 1129 2853 perterrefacit.
1482 2803 1483 2806 ¹

289 2863 315 2912 in
337 2865 423 2913 Museo
447 2864 553 2914 Borion.
575 2865 640 2914 Vlil.
659 2866 687 2914 T.
706 2863 812 2914 36-40.
886 2865 925 2913 to.
956 2863 1069 2928 Sustulit]
1098 2857 1250 2934 ἀορίστως.
1281 2888 1309 2900 -
1329 2877 1376 2925 po-
1482 2879 1483 2898 1

289 2936 381 2988 Mittier
397 2938 501 2988 osum.
521 2939 540 2988 i.
560 2939 590 2988 N.
609 2939 666 2988 273.
691 2939 765 2998 Hinc,
785 2939 815 2986 ut
851 2939 928 2987 nasse
949 2938 1053 3003 pandat]
1078 2939 1134 2988 Non
1159 2940 1213 2987 tam
1235 2951 1286 3001 pro
1312 2939 1376 2988 sim-
1482 2941 1483 2952 ³

288 3013 414 3074 dimona,
432 3014 533 3076 tropice
552 3014 639 3076 «regia
651 3015 770 3077 potestas
782 3025 814 3062 ac
851 3011 913 3077 plici
924 3013 1038 3076 imponit,
1056 3025 1151 3076 quam:
1171 3025 1235 3063 «suo
1247 3011 1376 3063 arbitratu

288 3085 426 3150 dignitas.»
444 3087 523 3139 sich.
537 3087 566 3149 i.,
584 3101 637 3139 non
649 3088 813 3154 simpliciter,
851 3088 988 3152 imponit.»
