3014 4978
452 467 511 518 ΜΒ.
530 467 572 518 lll.
608 469 636 518 C.
655 463 742 518 xxiii.

322 623 383 688 Aut
404 623 521 690 crescit
542 622 673 690 Albanis
696 623 727 690 in
749 623 857 692 herbis

361 744 494 811 Victima
515 744 703 832 pontificum
725 765 859 813 secures

278 902 411 970 Cervice
433 903 545 990 tinget:
568 913 599 969 te
622 902 699 968 nihil
722 903 832 970 attinet

277 1025 412 1090 Tentare
435 1021 534 1090 multa
555 1023 657 1091 caede
679 1022 856 1091 bidentium

320 1146 441 1212 Parvos
464 1154 672 1212 coronantem
694 1146 818 1212 marino

360 1269 445 1334 liora
468 1264 549 1333 deos
571 1266 740 1356 fragilique
763 1277 877 1357 myrto.

277 1424 432 1490 immunis
455 1445 544 1492 aram
567 1424 593 1490 si
617 1424 719 1512 tetigit
739 1445 872 1502 manus,

173 1589 212 1638 42.
231 1587 340 1637 reennim
356 1587 439 1652 sm
458 1587 485 1636 et
501 1599 542 1650 pr.
561 1601 590 1646 ν,
610 1589 675 1637 item
692 1585 809 1636 Pottiorii
825 1585 855 1647 t,
875 1585 918 1645 43,
943 1585 993 1648 ti,
1016 1585 1159 1640 Bentleius.

143 1663 179 1724 [tn
195 1675 259 1722 nos,
279 1660 333 1722 Tc.)
355 1689 382 1696 -
401 1661 441 1711 43.
462 1661 556 1726 tinniret
573 1661 600 1711 Τ.

112 1799 265 1852 eliciebant.
291 1801 363 1864 virg.
385 1801 431 1850 Ge.
450 1801 478 1861 2,
498 1799 553 1850 446.
574 1813 633 1850 me·
670 1801 761 1851 iuven.
781 1801 811 1862 9,
837 1799 896 1852 4374
925 1801 1044 1863 onaret
1068 1804 1195 1866 nuntiante

111 1878 193 1926 morat
208 1876 332 1926 victimas
350 1874 384 1924 ad
402 1873 564 1924 Clitumnum
583 1887 633 1938 pa·
670 1876 759 1936 Lares,
782 1888 844 1938 qens
860 1876 932 1925 ntnrc
947 1876 1043 1926 minuto
1059 1876 1109 1928 Aac
1124 1878 1196 1940 sorra

111 1951 173 2010 stas,
196 1950 271 2000 Ouid.
292 1949 360 2000 Fast.
382 1949 409 2010 4,
426 1947 467 1999 Sl.
487 1961 546 2010 eas,
566 1950 634 2011 Quos
669 1953 692 1999 ct
709 1949 776 2000 unni
791 1949 855 2000 soleo
871 1963 981 2000 escoron
996 1964 1100 2002 corortn
1129 1953 1195 2002 Cato

112 2021 169 2072 nint
188 2026 288 2087 compta
307 2023 384 2073 norbo
404 2021 504 2072 Falisca
522 2024 581 2073 ntis.
603 2051 630 2060 -
669 2024 698 2074 li.
721 2024 750 2074 li.
770 2021 829 2074 tta:
848 2021 938 2074 villica
949 2025 1081 2088 Kalendis,
1101 2025 1193 2087 Idibus,

111 2095 213 2162 Decem]
241 2097 371 2148 «lantiam
396 2099 448 2148 aris
475 2095 631 2148 destinata.»
668 2097 760 2159 Nonis,
782 2097 858 2160 [estas
878 2099 929 2148 cin
950 2111 1008 2148 cnm
1029 2100 1091 2160 crit,
1120 2113 1194 2149 coro-

113 2195 138 2207 -
151 2173 300 2238 pontificum
311 2171 417 2236 mnes]
440 2169 467 2220 id
489 2173 542 2232 est,
562 2173 632 2221 hanc
668 2185 729 2222 nnm
744 2173 772 2220 in
786 2172 871 2235 sueton
888 2173 972 2231 indot;
986 2185 1035 2234 por
1051 2173 1195 2236 medanum

111 2244 148 2295 rel
171 2246 242 2298 illam
267 2246 390 2306 seem,
416 2245 488 2296 unde
511 2247 568 2296 orta
591 2249 632 2297 est
669 2247 719 2296 dies
743 2247 806 2296 lari
825 2245 950 2309 [molliori
968 2259 1018 2308 pro
1039 2247 1113 2308 copia
1133 2261 1194 2310 enp-

112 2317 174 2370 baoc
194 2322 249 2385 ipsa
270 2331 419 2386 paucorum
437 2319 521 2370 Codd.
534 2319 631 2381 lecti03
664 2320 747 2383 plicet.
782 2321 829 2370 liic
849 2319 945 2370 eadem
963 2320 1025 2372 iacit
1048 2322 1123 2385 virgo
1149 2337 1193 2372 ru·

111 2393 156 2443 scd
182 2395 292 2445 Horatio
321 2395 369 2458 ipsi
397 2394 440 2442 vix
469 2393 633 2458 placuissent
669 2396 733 2445 stica
756 2396 879 2458 ingenua.
907 2395 944 2458 (ln
962 2394 1115 2446 Felicissimi
1135 2399 1193 2462 opi·

112 2469 306 2521 terminationes
333 2481 389 2530 nm,
419 2469 462 2518 im.
490 2469 632 2521 Pontifices
668 2471 758 2534 taphio
780 2483 866 2534 nuper
888 2471 997 2534 reperto
1016 2470 1130 2534 (Rouard
1149 2473 1193 2522 ln·

112 2539 193 2594 autom
209 2555 344 2610 poparum
362 2543 395 2593 ad
419 2543 470 2593 hoc
488 2542 632 2594 utebantur
667 2546 799 2608 mintium
821 2557 851 2594 cn
871 2557 928 2595 nors
948 2546 982 2594 dn
1002 2547 1085 2595 nnn
1106 2545 1189 2596 (t'Atc.

112 2619 258 2670 ministerio.
668 2621 715 2671 lix
728 2619 800 2671 4839.
813 2633 840 2684 p.
854 2619 912 2682 46ε)
931 2633 1011 2670 conos
1026 2620 1065 2669 nia
1078 2621 1117 2684 (ni
1127 2645 1139 2657 ·
1149 2622 1192 2683 qni

140 2693 176 2742 43.
195 2692 234 2745 44.
249 2693 360 2758 comico]
375 2695 517 2757 «sanguine
528 2707 560 2744 ex
573 2707 631 2744 cer-
665 2719 678 2732 ·
688 2699 798 2756 tompore
818 2695 884 2744 cern
900 2693 1013 2743 Floribn
1028 2695 1132 2744 intextis
1148 2707 1192 2746 rc-

111 2765 162 2816 n'ca
178 2765 350 2818 ebulliente.»
369 2767 438 2831 Virg.
457 2769 503 2818 Ge.
518 2768 547 2828 3,
566 2767 628 2819 lii:
665 2769 895 2832 soccntstmutocro
906 2767 1031 2832 domum)
1048 2795 1075 2804 —
1093 2768 1191 2832 [scotti]

111 2837 197 2890 Aonie
213 2841 337 2905 ntppoaiti
357 2843 489 2906 tinnientes·
509 2843 630 2905 munins
667 2854 720 2892 non
744 2840 874 2902 «flexili»,
904 2841 954 2890 sed
980 2841 1077 2890 «cuius
1096 2840 1191 2892 ramuli

111 2914 186 2964 nnn.
205 2943 233 2952 -
252 2922 279 2967 ts
295 2916 357 2966 nibil
375 2916 475 2982 attinet]
500 2917 628 2966 «minime
667 2914 742 2966 lacile
755 2915 935 2978 tranguntur»,
948 2917 1031 2976 spi-tid.
1051 2915 1191 2965 Conlliu-

114 2997 175 3051 opus
186 2993 235 3054 cst,
246 2984 334 3042 οὐδὲν
345 2987 512 3064 προσήκει.»
528 3015 555 3026 -
572 2991 631 3040 Ten·
666 2992 716 3054 rip.
742 2989 780 3040 El.
798 2989 858 3039 ¹178:
877 2990 1003 3059 τερείνης
1018 2991 1161 3059 μυρσίνης
1177 3017 1191 3027 -

113 3065 170 3128 tare]
187 3069 215 3116 ut
225 3065 290 3117 aiibi
300 3067 419 3130 sotim
435 3066 553 3116 lccntcro
564 3067 632 3114 deon
667 3061 802 3126 nitimur,

112 3136 161 3196 l0d.
180 3142 207 3202 2,
232 3142 280 3202 48,
305 3141 356 3203 ta.)
385 3139 507 3201 «Nihil»,
535 3141 627 3204 inquit,
700 3140 739 3188 ⁴7.
758 3137 936 3187 Immtmisest
958 3136 1189 3200 libcramnncrc,

112 3223 186 3274 «opus
205 3218 260 3276 est,
281 3217 311 3265 ut
328 3213 416 3265 multis
434 3215 548 3266 victimis
566 3214 630 3264 deo-
667 3213 766 3264 tributo
791 3213 857 3260 cet:
887 3212 932 3274 qui
959 3211 1022 3262 nihil
1051 3215 1190 3276 praestare

111 3296 280 3352 ramponem
304 3303 337 3340 ac
363 3289 480 3340 levorem
499 3287 544 3338 tibi
562 3301 629 3338 con·
666 3285 756 3338 debet.
793 3286 823 3335 ll.
848 3284 865 3334 l.
892 3286 1011 3335 nrnnnnis
1033 3299 1124 3336 manin
1148 3289 1190 3338 est

112 3357 333 3425 ultraromanis,
357 3364 516 3424 dummodo,
540 3365 570 3412 ut
589 3363 628 3413 la·
666 3363 737 3421 eius.
757 3359 960 3424 quincuncem,
978 3373 1032 3411 non
1045 3361 1105 3411 ideo
1118 3361 1191 3424 quod

112 3433 157 3494 cis,
170 3449 265 3500 parvos
278 3441 337 3490 tuos
349 3441 430 3490 Lares
442 3451 555 3488 corones
566 3451 627 3487 rore
666 3447 762 3486 noxam
800 3433 916 3498 aliquam
953 3437 1060 3500 expiare
1092 3434 1192 3487 debeat

111 3511 217 3572 marino,
236 3514 331 3564 frutice
349 3511 418 3562 beno
436 3510 550 3562 olente.»
575 3513 629 3561 Du·
665 3509 834 3573 deorumque
874 3511 942 3559 iram
978 3509 1102 3574 placare,
1141 3511 1190 3562 sed

111 3579 164 3642 plen
188 3590 278 3637 autem
302 3589 330 3635 et
349 3584 482 3650 implicata
503 3587 545 3636 est
561 3598 627 3636 con·
665 3585 727 3648 quia
745 3587 820 3646 grato
837 3585 937 3648 pioque
960 3585 1049 3634 animo
1075 3583 1189 3635 deorum

112 3656 211 3709 structio
230 3665 327 3710 entare
346 3660 403 3709 deos
421 3663 448 3709 et
466 3665 627 3710 coronantem
665 3659 833 3709 maiestatem
852 3659 1012 3720 veneratur,
1031 3657 1088 3720 vel,
1115 3660 1145 3708 ut
1161 3659 1188 3708 h.

111 3727 169 3779 dion
184 3760 209 3770 ·-
222 3734 365 3798 namttnn]
384 3735 627 3799 insermonepon-
664 3732 681 3783 l.
707 3733 850 3796 significari
884 3732 1004 3794 videtur,
1041 3733 1189 3785 immeritas

112 3801 202 3858 tiflcum
224 3811 250 3858 et
270 3808 342 3872 apud
362 3811 456 3874 potitos
479 3821 562 3858 «oves
584 3807 628 3858 bi·
665 3806 829 3857 calamitates
846 3821 861 3856 u
879 3819 909 3858 se
927 3808 1037 3872 suisque
1049 3807 1189 3871 deprecari

111 3885 190 3928 mac.»
208 3883 313 3934 Festus:
342 3881 491 3932 «Ambianos
510 3883 566 3933 sivo
583 3881 626 3932 bi·
665 3883 784 3932 conatur.
806 3881 845 3931 nd
864 3881 936 3932 idern
954 3894 1019 3945 ergo
1036 3882 1107 3932 redit
1123 3883 1189 3932 acsi

112 3947 170 4002 deos
187 3955 241 4006 ovis
256 3955 448 4021 appellabatur.
467 3971 536 4021 quae
548 3969 628 4021 supe-
664 3957 775 4007 dixisset
791 3957 888 4006 sceleris
900 3969 983 4019 pora,
1002 3951 1087 4024 ἁγνή.
1112 3957 1187 4006 ovid.

112 4024 216 4080 rioribus
237 4033 264 4081 ot
285 4030 454 4082 interioribus
478 4033 519 4082 est
539 4031 627 4082 donti—
664 4033 726 4082 Hor.
741 4030 785 4092 tt,
804 4031 834 4081 8:
853 4031 911 4080 Non
918 4032 987 4096 pinet
998 4032 1189 4080 inmnnncco-

112 4093 182 4150 bus.»
199 4103 250 4154 Cir.
270 4105 333 4156 Geli.
354 4105 398 4166 46,
416 4107 440 4156 6,
664 4105 702 4154 dis
717 4105 809 4156 bcbcrc
823 4117 922 4154 monim
953 4104 1018 4155 vell.
1035 4106 1065 4164 2,
1085 4105 1113 4153 7:
1139 4105 1190 4154 iirt-

141 4173 177 4223 45.
192 4178 229 4226 tc.
247 4181 625 4245 inoscoronontemndcos]
663 4181 746 4230 munis
767 4181 913 4230 dalintonam
932 4185 1106 4242 potmtomnt.
1143 4178 1188 4228 Ni-

113 4243 179 4298 Ouid.
206 4253 274 4305 Fast.
303 4257 334 4318 o,
358 4255 414 4306 430.
451 4256 485 4306 de
514 4254 626 4306 Laribus
664 4255 762 4305 mirum
784 4256 815 4304 ut
840 4252 900 4304 talia
923 4252 1053 4304 vocabula
1077 4249 1189 4301 relativa

113 4325 273 4380 prinnannus
285 4343 290 4376 :
309 4330 431 4394 nonoque
442 4343 528 4393 pawn
541 4330 623 4381 donn
665 4329 799 4381 interdum
810 4329 947 4394 ponuntur
958 4327 1059 4379 omisso
1068 4321 1107 4394 τῷ
1117 4319 1189 4398 πρὸς
