3012 4978
509 401 568 452 ΗΒ.
591 401 633 451 lV.
669 401 698 451 C.
717 401 759 450 lV.

248 557 366 622 Mittam
389 554 565 643 superbos:
589 556 722 634 occidit,
747 556 866 624 occidit

290 678 373 765 Spes
395 678 500 744 omnis
522 688 555 745 et
576 678 704 744 fortuna
725 679 825 745 nostri

330 799 473 866 Nominis
495 799 697 868 Hasdrubale
720 801 921 889 interempto.

246 957 293 1026 Nil
318 957 473 1028 Claudiae
495 979 560 1026 non
582 957 751 1046 perficient
772 979 902 1036 manus,

247 1081 336 1160 Quas
357 1089 390 1147 et
410 1078 551 1167 benigno
576 1080 708 1146 numine
731 1079 875 1167 luppiter

289 1201 439 1269 Defendit
461 1213 493 1268 et
516 1222 615 1269 curae
639 1221 774 1290 sagaces

333 1323 513 1411 Expediunt
535 1343 594 1410 per
616 1333 709 1391 acuta
730 1322 816 1390 belli.

188 1493 227 1542 73.
246 1493 315 1542 ituit
330 1493 358 1542 T.
375 1521 402 1528 -
411 1495 546 1557 perfluunt
562 1495 590 1554 T,
610 1491 744 1544 «islandia.
763 1495 908 1554 vetustiss..
928 1493 994 1548 alter
1011 1493 1095 1546 Pulm.
1109 1497 1179 1559 opu-

158 1579 215 1618 mus
232 1571 260 1619 et
277 1567 386 1632 quidam
410 1567 566 1629 Lambini»,
596 1567 746 1631 Bentleius,
772 1570 907 1633 perficiant
932 1570 1048 1620 Pottierii
1069 1571 1099 1630 5,
1127 1569 1176 1630 ll,

157 1641 259 1704 officiari
286 1654 348 1692 enm
374 1641 458 1692 Codd.
481 1640 542 1706 aliq.
568 1642 697 1704 (Pottierii
713 1645 729 1694 2
747 1647 774 1694 et
798 1644 832 1706 6.)
859 1643 1012 1696 Glareanus.
1049 1646 1090 1707 (Ut
1114 1657 1176 1704 nos,

157 1715 265 1780 bosan.)
287 1744 313 1753 —
332 1718 372 1767 75.
391 1718 522 1768 Descendit
539 1719 566 1767 T.

128 1879 179 1914 σιν.
194 1867 292 1916 -lam
309 1863 409 1916 similes
426 1864 578 1918 Hannibalis
591 1880 650 1917 ora·
685 1879 744 1918 ram
761 1865 895 1917 fortunam
908 1868 1067 1918 vaticinatus
1078 1868 1113 1919 sit
1130 1868 1211 1918 etiam

129 1939 208 1991 tiones
235 1939 323 1991 babes
349 1940 420 2004 apud
444 1941 499 1990 Liv.
526 1942 572 2002 27,
600 1941 646 1992 ll:
685 1941 783 2003 bostis,
802 1943 888 1992 iustus
905 1943 1009 1992 vimutb
1028 1943 1212 1993 eorumaesti-

128 2014 200 2064 «Gran
215 2029 243 2065 eo
267 2015 423 2073 neutram,-
447 2016 540 2078 iuquit,
568 2017 649 2066 «auu
686 2017 798 2077 mator»,
818 2017 845 2066 et
862 2017 983 2081 prolecto
1000 2017 1084 2080 magis
1096 2017 1210 2081 poetica,

126 2101 164 2138 ror
183 2095 230 2151 est,
257 2091 303 2150 qui
324 2103 370 2139 arc
386 2089 477 2140 bouem
492 2103 537 2140 aec
553 2091 649 2140 malam
686 2091 785 2155 quippo
808 2103 871 2140 cnm
892 2093 932 2141 sic
953 2103 1063 2142 carmen
1085 2093 1163 2140 exeat
1185 2091 1212 2140 iu

128 2163 190 2224 [erro
204 2165 336 2227 {maru
348 2168 437 2226 potest.
466 2165 597 2225 Smmmt,
614 2165 650 2228 fo-
686 2161 839 2214 Hannibalis
863 2165 1026 2214 vaticinium.
1068 2165 1110 2214 Sic
1134 2163 1209 2215 Pind.

126 2239 213 2288 rosilar
233 2241 312 2289 instat
332 2239 416 2298 utalia·
441 2253 484 2290 seta
504 2241 584 2289 victus
600 2245 648 2301 est,
686 2235 790 2300 Olymp.
819 2236 844 2288 i.
874 2239 976 2302 Ergini,
1012 2251 1065 2289 non
1100 2242 1210 2302 poetae,

129 2312 251 2364 instaurat
269 2325 327 2362 mm
341 2314 476 2362 metanoea
492 2319 648 2364 corruamus
686 2310 777 2362 verbis
794 2311 898 2374 finitur,
917 2314 997 2376 atque
1014 2313 1090 2364 Nem.
1105 2315 1129 2362 l.
1142 2313 1213 2364 Tire-

128 2389 153 2434 et
169 2387 299 2438 lustinum
316 2385 361 2447 at,
380 2389 409 2437 5:
433 2387 511 2438 «Cum
527 2389 649 2449 linusano,
686 2385 742 2436 siae
766 2386 897 2436 vaticinio.
920 2413 947 2422 -
966 2388 1106 2451 pumma]
1131 2389 1213 2438 Futu-

129 2473 168 2510 sru
184 2462 347 2524 occupaveris
359 2462 435 2523 prior
450 2462 539 2522 aliqua
555 2476 598 2514 seu
613 2463 651 2512 ur'-
687 2472 747 2510 rum
773 2472 805 2509 eo
836 2461 944 2510 nomine
975 2463 1107 2525 praestat,
1139 2461 1212 2525 quod

127 2535 199 2597 caru,
217 2541 303 2586 tamea
320 2537 397 2585 olium
413 2549 469 2585 cum
485 2538 550 2586 victa
567 2541 589 2588 sl
608 2539 650 2588 ia-
687 2533 875 2596 praedictionis
909 2536 989 2586 etiam
1017 2537 1044 2587 in
1073 2537 1212 2601 posterum

127 2614 191 2660 emta
207 2611 355 2660 luctandum
372 2623 447 2660 aare.»
686 2609 793 2673 tempus
818 2611 937 2673 speciem
964 2609 1061 2661 clarius
1088 2610 1211 2675 praebet.

157 2683 195 2735 69.
209 2685 250 2734 70.
264 2683 521 2747 aurulas-saporem]
536 2685 648 2745 Liuia,
689 2709 717 2718 -
739 2683 844 2748 brutana
863 2685 972 2749 numius]
995 2685 1077 2735 Tacit.
1095 2687 1163 2734 Ann.
1182 2684 1211 2745 l,

128 2756 164 2808 tt.
182 2761 244 2823 post
264 2756 370 2808 cladem
388 2759 557 2810 Cannensem
574 2760 650 2824 Mago
688 2757 733 2809 oi:
762 2765 860 2810 mactas
887 2764 1049 2822 acceptasque
1072 2759 1215 2810 auctarum

127 2831 312 2896 Karthaginem
326 2833 437 2893 missus,
455 2831 497 2882 illa
512 2837 648 2884 enarrata:
688 2833 812 2884 Clorrdior.

127 2907 158 2955 uo
171 2909 246 2970 fleon
263 2933 278 2943 -
294 2911 348 2956 tam
369 2907 496 2958 laetarum
510 2921 598 2958 reram
614 2909 652 2970 os·
721 2908 761 2956 rs.
775 2908 816 2957 76.
835 2921 912 2958 aurae
923 2907 1033 2972 macer]
1053 2900 1212 2974 «ἀγχίνοια,

125 2979 194 3042 [mai
210 2983 238 3031 iu
254 2981 374 3030 uulturio
390 2983 478 3032 curtae
498 2983 570 3032 iurat
585 2995 652 3031 ouu-
689 2981 808 3045 ipsorum
826 2981 959 3045 diligentia
977 2995 1040 3032 cum
1056 2982 1162 3045 ingenio
1182 2995 1214 3034 ae

126 3054 160 3104 loa
188 3070 280 3107 aureos
310 3055 443 3120 (equitum
470 3059 651 3108 Romanorum
689 3054 814 3119 prudenti
831 3055 941 3107 consilio
958 3055 1131 3116 coniunctam
1150 3069 1215 3107 neu·

128 3129 152 3178 in
168 3129 210 3180 illa
227 3131 287 3181 acie
309 3129 478 3193 caesorum),
505 3132 653 3193 quitantia
688 3130 804 3192 tiquam,
833 3132 863 3180 ut
887 3129 943 3181 volt
967 3129 1068 3188 Sobel,
1096 3131 1214 3194 «optma

126 3216 228 3255 acaum
251 3205 313 3268 filit,
345 3209 374 3254 ut
398 3205 552 3255 molientibus
576 3205 653 3255 dimi-
689 3205 800 3266 Augusti
828 3203 967 3255 consilia.»
999 3229 1027 3240 -
1055 3204 1213 3269 saccatum]

127 3279 194 3329 oium
209 3293 286 3342 super
302 3285 353 3330 tras
367 3281 465 3330 modios
481 3281 589 3342 esplauo
604 3281 654 3330 sint
691 3275 811 3329 «felicem
829 3280 1017 3343 susceptorum
1033 3277 1215 3342 periculorum

129 3354 232 3412 qudam
249 3359 373 3404 auctores.
690 3353 790 3403 exitum
815 3353 973 3418 praebent.»
1007 3353 1078 3415 Virg.
1097 3355 1162 3402 Aen.
1181 3353 1213 3412 2,

157 3429 197 3478 ts.
229 3427 387 3479 Hasdrubale
410 3427 570 3494 iaterwapto]
596 3429 651 3480 liv.
690 3427 752 3477 632:
779 3429 882 3478 ducetur
904 3429 948 3478 deo
964 3429 1095 3492 ltamuram
1112 3427 1177 3476 lotar
1193 3431 1216 3476 ot

127 3501 170 3562 ΞΒ,
184 3502 227 3552 la:
247 3503 304 3553 Post
314 3503 503 3553 Hasdrubalis·
515 3504 654 3553 menum
689 3503 768 3552 hortm
783 3503 921 3564 Eapedior.
943 3531 970 3538 -
989 3515 1038 3564 per
1054 3505 1131 3551 nardo
1151 3501 1215 3562 balla]

127 3587 182 3626 oum
199 3578 274 3639 drus,
296 3578 324 3626 ia
340 3577 430 3638 quibus
444 3591 499 3641 arras
516 3578 595 3628 omais
611 3591 654 3628 re·
691 3589 756 3642 aper
778 3590 873 3640 graves
896 3575 958 3628 belli
975 3575 1112 3628 molestias
1135 3577 1215 3640 atque

123 3651 207 3709 ooaita
222 3652 345 3702 uictoriae
360 3653 460 3716 furerat,
479 3653 598 3714 mutum,
616 3666 655 3703 co·
691 3652 778 3702 omnis
803 3651 908 3716 generis
934 3651 1117 3702 discrimina.»
1158 3651 1214 3701 liv.

127 3727 255 3790 modoque
267 3729 294 3777 ta
306 3729 560 3792 ouemmuBmttium
572 3733 655 3778 celcra
691 3726 720 3786 6,
740 3726 784 3776 32:
809 3725 892 3776 subita
908 3725 971 3777 balli.
991 3726 1036 3785 33,
1056 3726 1100 3775 ll:
1125 3739 1217 3788 amera

126 3799 201 3850 liutto
218 3815 359 3852 couccmruu
376 3805 428 3852 cet.
691 3799 753 3850 aaut.
781 3801 861 3850 Tacit.
875 3801 940 3851 Hist.
955 3801 984 3862 ἓ,
1001 3800 1045 3849 77:
1062 3800 1218 3862 proeltorrrm

158 3875 200 3925 73.
228 3875 269 3926 ll.
299 3877 343 3926 Nil
368 3877 501 3939 Claudiae]
529 3878 598 3936 Non,
626 3879 654 3926 ut
691 3875 794 3926 incerto.
819 3875 846 3935 l,
861 3875 907 3925 23:
925 3875 1034 3938 fortuita
1054 3874 1116 3924 balli.
1148 3874 1178 3923 ll.
1197 3872 1214 3922 l.

127 3947 169 3998 alii
192 3949 298 4013 volunt,
326 3953 394 4002 baec
416 3965 449 4002 ex
471 3953 567 4016 poetae
590 3964 654 4016 per·
692 3950 747 3999 lere
769 3949 884 4011 dictum,
911 3952 941 4000 ut
961 3949 1041 3998 morbi
1061 3949 1142 4008 acuti,
1169 3960 1217 3997 vs-

128 4035 193 4075 sona
211 4026 280 4077 dicta
298 4028 372 4087 sunt,
392 4026 442 4076 sed
456 4024 594 4076 Hannibali
606 4027 655 4075 tri·
691 4025 831 4075 hementes
850 4024 1020 4086 celeremque
1039 4024 1154 4072 mortem
1170 4022 1218 4071 mi-

129 4096 250 4160 buenda;
270 4114 339 4165 quae
355 4101 462 4151 ratioet
479 4100 655 4151 honorilioen-
691 4101 793 4150 nautes.
808 4099 846 4150 Cl.
857 4096 1013 4151 Homlliad.
1028 4097 1051 4156 l,
1064 4097 1128 4146 352:
1148 4089 1217 4159 ὀξὺν

129 4172 179 4222 tior
192 4177 234 4224 est
244 4175 404 4238 Neronibus,
419 4173 531 4239 «quibus
543 4187 656 4240 prospe-
685 4166 783 4245 Ἄρηα.
