2992 4978
303 449 366 512 382
659 494 661 500 ,
689 447 817 497 nonam
836 446 1003 497 cnnurnuu

475 603 656 670 Diiudicata
679 602 732 669 lite
756 602 974 689 relinqueret,

519 724 667 791 Tendens
691 724 886 790 Venafranos
909 725 941 789 ia
964 744 1059 810 agros

559 848 620 911 Aut
641 845 934 912 Lacedaemonium
960 847 1140 911 Tarentum.

371 1007 411 1058 al.
432 1008 589 1057 Disiudicato
606 1023 623 1073 y
640 1020 683 1070 ap.
702 1007 810 1058 llirchn.
829 1020 855 1070 p.
876 1007 915 1056 36.
938 1035 964 1042 -
984 1007 1025 1056 to.
1044 1007 1164 1068 uarosros
1180 1007 1207 1055 Τ,

340 1149 379 1197 55.
410 1149 450 1197 titi.
483 1147 650 1211 Venafranos]
687 1147 833 1197 Venairum
872 1145 1084 1196 tumlerebatur.
1112 1145 1298 1204 0d.2,6,tt.
1317 1145 1380 1195 liter-

307 1226 457 1272 extremum
482 1223 507 1270 in
525 1223 733 1286 septentrionem
752 1223 834 1272 Cum·
872 1235 924 1284 que
950 1223 1040 1270 autem
1066 1223 1166 1270 tractus
1191 1219 1381 1269 amoenissimus

307 1298 401 1362 panias
413 1297 549 1360 oppidum.
564 1324 591 1332 -
601 1296 832 1359 Lacedaemonium]
873 1298 938 1344 erat.

306 1377 325 1421 A
346 1369 489 1422 Phalantho
510 1371 721 1423 Lacedaemonio
739 1372 834 1422 condi-

779 1609 918 1616 ——.

656 1789 1026 1848 EXCUBSUS

779 1925 920 1972 Aoulb.

373 2079 395 2124 ot
412 2075 524 2136 acanpio
549 2072 682 2136 trabeatis]
701 2073 777 2122 ¹Cum
803 2073 846 2122 hic
871 2070 947 2124 locus
972 2086 1005 2122 ex
1031 2071 1224 2124 difficilioribus
1242 2074 1287 2132 sit,
1314 2072 1384 2122 etiam

309 2157 405 2221 Regelii
424 2161 451 2208 et
471 2155 666 2219 Dillenburgcri
684 2143 916 2220 interpretationes
934 2167 1069 2220 apponere
1087 2158 1166 2208 iuvat.
1187 2160 1288 2208 nsunt:
1309 2154 1386 2205 «Alias

308 2242 419 2305 quidem
445 2240 568 2306 exemplo
595 2241 673 2290 trahit
698 2241 844 2304 pernicicm
863 2241 899 2302 is,
930 2242 975 2306 qui
992 2242 1120 2305 perniciei
1146 2245 1241 2293 auctor
1267 2245 1323 2298 est;
1351 2239 1386 2288 iric

309 2329 399 2375 autem
417 2324 617 2387 intelligendum
636 2339 696 2376 esse
714 2339 790 2384 eum,
818 2325 864 2388 qui
889 2328 979 2376 mente
1004 2327 1150 2390 perniciem
1169 2325 1294 2391 exemplo
1312 2325 1386 2374 trahat

309 2410 344 2458 ad
369 2412 506 2474 posteros,
536 2410 599 2460 satis
626 2408 744 2458 declarat
769 2410 891 2472 opposita
917 2411 1062 2470 sententia,
1098 2411 1127 2459 Si
1150 2425 1200 2460 aon
1222 2411 1318 2472 periret
1342 2411 1384 2456 ret.

310 2492 486 2542 Proetidebat
503 2492 631 2556 Regulus,
662 2495 684 2542 si
702 2493 899 2548 redimerentur
916 2493 1028 2558 captivi,
1059 2493 1182 2558 exemplo
1199 2495 1343 2558 perniciem
1359 2489 1386 2540 ad

311 2579 433 2640 posteros
459 2577 633 2640 propagatum
659 2577 707 2636 iri;
743 2579 799 2640 ipse
829 2578 907 2640 igitur
935 2577 1134 2641 quodammodo
1162 2579 1326 2644 propagabat
1351 2573 1386 2625 tali

310 2657 433 2724 exemplo
451 2660 598 2722 perniciem
623 2661 657 2709 ad
683 2662 818 2725 posteros,
846 2674 909 2711 curn
935 2663 1035 2712 oritura
1053 2662 1114 2712 inde
1132 2662 1202 2713 mala
1219 2662 1385 2726 praediceret.

311 2745 391 2794 Recte
409 2745 569 2793 sententiam
587 2745 718 2807 expressit
734 2747 834 2794 Acron:
863 2746 905 2794 «in
923 2745 1073 2796 futurorum
1089 2747 1237 2810 perniciem
1254 2756 1386 2810 processu·

310 2839 386 2887 rum,
416 2828 439 2878 si
462 2826 512 2877 tale
531 2827 711 2878 deduceretur
737 2828 792 2890 (Ed.
812 2828 879 2878 Ven.
900 2827 978 2878 ii8i:
1006 2828 1148 2892 duceretur)
1174 2829 1326 2894 exemplum
1342 2829 1385 2876 lio·

311 2911 396 2961 manis
414 2925 466 2960 non
484 2911 672 2975 pereuntibus,
692 2913 735 2976 qui
755 2913 980 2976 compulerant.»
1016 2915 1223 2963 Druunnntnoun:
1252 2914 1334 2964 «Vera
1350 2909 1387 2959 esi

311 2995 395 3045 Codd.
409 2995 553 3058 scriptura,
573 2995 740 3059 participium
759 2998 849 3046 tamen
867 2997 987 3046 trahentis
1004 3009 1057 3046 non
1070 2999 1125 3046 est:
1146 2997 1189 3058 prii
1200 2997 1328 3057 adluebat,
1345 2991 1386 3044 sed

310 3081 355 3140 qui
371 3079 488 3128 traderet.
522 3077 636 3141 Regulus
662 3079 746 3138 enim,
774 3080 795 3129 si
821 3079 916 3144 captivi
937 3081 967 3129 ut
984 3079 1180 3130 redimerentur
1201 3081 1344 3136 suasisset,
1369 3075 1388 3124 si

312 3163 527 3228 obtemperasset
552 3165 700 3213 amicorum
726 3177 758 3211 ac
784 3165 863 3214 totius
883 3163 937 3213 iere
955 3164 1067 3214 civitatis
1085 3163 1226 3227 precibus,
1254 3163 1387 3229 pernicicm

313 3249 369 3312 ipse
387 3260 435 3296 suo
453 3245 576 3310 exemplo
592 3247 618 3297 in
637 3245 753 3296 suturam
771 3247 887 3296 aetatem
899 3247 1040 3308 traxisset,
1059 3247 1093 3297 ad
1104 3247 1237 3310 ignaviam
1251 3245 1385 3298 evocasset.

312 3332 406 3394 incipit
423 3331 500 3393 igitur
516 3344 531 3378 a
549 3345 591 3380 vv.
615 3336 638 3379 ot
658 3331 772 3392 aucupio
793 3331 914 3380 trabeatis
936 3331 1109 3394 hypothetica
1127 3345 1209 3394 quom
1227 3333 1319 3382 dicunt
1333 3341 1387 3378 sen-
1479 3363 1480 3388 ,

312 3415 410 3474 tentia,
429 3427 517 3476 neque
536 3413 561 3463 id
579 3416 669 3463 movet
686 3412 884 3474 difficultatem,
903 3413 976 3477 quod
994 3413 1108 3465 alterurn
1120 3415 1289 3478 participium
1306 3415 1388 3462 ἀίω·
1479 3455 1480 3460 ,

312 3499 395 3547 tientis
418 3501 461 3548 est
484 3511 533 3561 pro
560 3485 627 3561 aqui
644 3498 852 3559 dissentiebat»,
880 3498 961 3548 modo
979 3498 1167 3559 recordemur,
1198 3499 1223 3547 in
1241 3496 1285 3548 illo
1301 3505 1387 3559 genere
1479 3557 1480 3562 Ἰ

313 3581 509 3630 enuntiatorum
536 3581 694 3630 coniunctivi
721 3581 793 3632 modi
818 3581 908 3632 locum
934 3581 968 3630 ab
994 3580 1137 3632 indicativo
1159 3594 1241 3645 saepe
1263 3577 1385 3643 occupari.
1479 3575 1480 3592 ¹

314 3663 395 3713 liuius
421 3665 458 3712 rei
485 3664 606 3729 exempla
632 3667 696 3714 satis
722 3667 856 3729 congessit
879 3667 974 3730 Zumpt
995 3667 1051 3715 Lot.
1072 3666 1116 3716 Gr.
1137 3665 1160 3729 ἓ.
1180 3665 1255 3715 549.»
1298 3665 1387 3728 (Fateor
1479 3637 1480 3702 l

314 3750 417 3806 tomen,
437 3747 505 3796 lianc
523 3749 767 3812 interpretationem
785 3750 862 3799 nimis
881 3749 1052 3800 artificiosam
1070 3749 1133 3799 mihi
1152 3749 1255 3810 videri.)
