2992 4978
491 461 549 510 ΗΒ.
570 462 610 511 ΙΙΙ.
637 462 665 512 C.
685 461 727 511 iv.

234 618 337 684 Visam
359 617 529 684 Britannos
552 617 733 705 hospitibus
757 618 843 685 ieros

235 739 271 804 Et
291 738 409 807 laetum
431 739 552 828 equino
574 739 731 828 sanguine
756 739 958 818 Concanum,

276 861 381 928 Visam
403 860 606 948 pharetratos
630 859 772 928 Gelonos

317 983 355 1048 Et
376 981 564 1071 Scythicum
585 980 757 1048 inviolatus
780 1003 917 1050 amnem.

233 1143 295 1208 Vos
318 1141 491 1208 Caesarem
513 1140 627 1216 eitum,
651 1140 761 1207 militia
785 1142 879 1208 simui

232 1265 347 1330 Fessas
370 1262 519 1330 cohortes
542 1261 667 1329 addidit
690 1261 838 1351 oppidis,

272 1385 379 1451 Finire
401 1395 613 1472 quaerentem
636 1383 766 1451 labores

172 1565 209 1616 36.
228 1577 318 1629 waren
334 1577 392 1615 aar.
411 1563 473 1617 ieci.
493 1564 559 1615 Cod.
578 1565 655 1615 aeta.
677 1589 704 1600 -
727 1565 767 1615 37.
788 1565 937 1627 maa,
956 1567 1036 1617 wara
1054 1567 1160 1632 (eduea-

144 1640 202 1702 tum)
219 1639 310 1690 aiiiitia
326 1639 401 1688 maai
417 1641 443 1690 F.
466 1663 492 1676 —
521 1639 561 1690 38.
580 1641 667 1691 Fessa
683 1640 786 1705 primus
804 1639 877 1690 Leid.
897 1654 919 1692 s.
939 1641 1100 1702 Vossianus,
1128 1647 1158 1693 at

143 1711 242 1764 volebat
259 1713 352 1765 Lamb.
372 1712 503 1777 probante
520 1713 605 1765 Beati.
627 1739 654 1752 -
674 1716 771 1765 addidit
788 1715 827 1766 Bb
846 1719 873 1765 et
891 1729 929 1779 pr.
950 1731 979 1776 o.
1004 1719 1069 1768 item
1089 1721 1158 1769 Pott.

142 1788 164 1848 2,
182 1788 205 1848 i,
224 1789 248 1848 6,
268 1790 313 1848 Π,
332 1789 392 1838 22:
412 1788 509 1838 addidit
525 1791 545 1838 Τ
563 1791 590 1839 et
606 1803 674 1840 corr.
695 1790 807 1850 aicit,
829 1791 937 1840 reddidit
953 1789 1002 1850 Sd,
1021 1805 1078 1842 var.
1098 1791 1159 1842 ieot.

142 1857 217 1926 ιξχω,
230 1877 301 1914 unas
311 1865 392 1924 Pota,
404 1863 488 1915 Beati.
502 1867 530 1914 et
540 1865 593 1916 Fit.
607 1865 721 1928 (redditis
731 1877 772 1928 pr.
785 1881 816 1931 γ,
828 1866 986 1930 redditura.)
998 1893 1024 1902 —-
1035 1867 1158 1928 epitasi.

114 2020 268 2074 attonitam
286 2020 358 2086 fibris
374 2022 501 2072 dormiero
517 2023 575 2072 deor
589 2023 630 2086 [aa
665 2023 770 2080 mddia,
794 2035 845 2072 neo
861 2022 978 2086 deniquo
997 2023 1081 2074 «belia
1100 2025 1191 2089 despi-

112 2093 627 2159 teodomitieronymusadviovinian.
667 2098 803 2147 aientem»
831 2097 919 2159 (iiand
942 2095 975 2146 ad
997 2099 1060 2148 Stat.
1079 2112 1105 2163 p.
1125 2099 1191 2162 δι),

113 2169 270 2232 apomidi.
284 2171 400 2221 Bened.:
421 2171 629 2234 Qttidtoqaiarde
666 2172 716 2222 sed
736 2185 760 2220 v.
779 2173 871 2221 militia
894 2173 1057 2236 iungendam
1080 2187 1143 2224 oum
1166 2187 1191 2222 v.

112 2246 190 2294 atriis
207 2246 365 2306 manda,
389 2259 446 2296 oiim
467 2247 520 2309 ipse
541 2245 628 2296 adotr-
665 2247 755 2310 (aar,
770 2249 797 2296 et
809 2247 876 2296 attio
887 2250 928 2299 est
941 2246 1105 2298 «excelsus»
1117 2247 1191 2298 ovid.

111 2321 226 2370 aratura
241 2320 367 2370 iaGaiiia
381 2321 489 2371 viderim
499 2321 627 2383 atticotos,
667 2335 700 2371 ex
722 2323 806 2370 Ponto
828 2322 859 2380 ἱ,
885 2321 915 2380 3,
934 2321 979 2370 63:
1011 2323 1107 2384 Qaiqae
1123 2323 1195 2372 dolor

111 2398 198 2455 amma
212 2395 402 2458 Britannicam,
428 2397 545 2446 tarnaair
564 2396 629 2446 nari
662 2401 750 2458 poetas
772 2395 887 2458 tetipieset
908 2394 1024 2446 Caesaris
1046 2397 1101 2446 atti.
1137 2397 1191 2448 Cio.

111 2469 239 2520 comitas?
666 2471 745 2520 Tusa.
759 2470 787 2530 Ξ,
806 2468 836 2530 i,
856 2471 899 2520 it:
921 2470 1194 2523 tenatoraaaaatatm

139 2542 221 2594 tt-aa
243 2544 397 2609 Coaoaawa]
421 2543 580 2596 Cantabriae
602 2545 628 2595 in
666 2545 792 2605 qnondam
808 2548 832 2594 et
848 2544 929 2594 aaran
945 2548 968 2594 at
984 2545 1096 2595 amaea
1110 2547 1194 2608 despi-

112 2615 226 2681 iiispania
259 2620 453 2670 Tarraconensi
487 2617 626 2683 populum.
665 2621 769 2670 aarum
784 2619 878 2682 paruit.
900 2621 979 2670 Unice
998 2622 1194 2672 autemveram

110 2688 179 2742 Silius
195 2693 225 2754 3,
249 2694 314 2744 360;
342 2695 393 2744 Nea
414 2695 457 2756 qai
472 2695 629 2757 Maaapeten
666 2706 727 2744 esse
739 2696 860 2744 nostram
877 2693 1123 2757 interpretationem
1135 2696 1192 2759 ipsa

110 2771 242 2816 ammaoni
264 2769 367 2832 feritate
384 2773 516 2830 parerem
539 2768 629 2818 Corni-
665 2781 761 2818 versas
787 2779 899 2818 onasum
926 2769 990 2819 satis
1013 2769 1193 2830 demonstrat;

108 2840 169 2900 podis
182 2842 241 2905 [asa
263 2843 381 2902 satiaris,
404 2841 531 2902 Coaoaae,
554 2856 626 2892 oeaa.
666 2845 805 2907 praeterea
817 2843 843 2891 in
859 2843 958 2892 Horatii
976 2845 1135 2906 praesertim
1147 2857 1195 2894 ore

110 2913 158 2964 lieo
174 2915 260 2968 solum
270 2917 305 2967 da
315 2917 470 2980 Massagetis
481 2914 625 2980 (claudian.
665 2917 743 2966 nimis
760 2917 848 2966 tenuis
862 2929 894 2966 aa
910 2929 995 2980 prope
1007 2914 1117 2967 ridicule
1130 2918 1193 2969 iais-

110 2986 201 3040 iniiui.
221 2991 248 3052 i,
268 2991 347 3052 3⁴2),
366 2991 513 3041 sedetiam
530 2992 629 3042 dede·
666 2993 708 3041 set
727 2990 799 3040 iaus:
827 2989 907 3040 wien
922 2991 1023 3040 ntiiitia.
1252 3043 1257 3052 ,

110 3058 169 3114 ionis
187 3065 238 3115 hoe
257 3064 412 3117 narrabant.
446 3065 516 3127 virg.
537 3067 583 3115 Ge.
602 3064 626 3122 3.
699 3065 739 3116 38.
759 3064 863 3128 addidit]
879 3064 979 3115 Veram
995 3066 1065 3116 hano
1081 3079 1143 3116 esse
1154 3065 1195 3117 ie·

110 3133 166 3186 itit:
184 3139 295 3189 Bisaltae
311 3153 360 3201 aaa
376 3153 447 3189 more
463 3139 540 3190 soleat
555 3153 629 3188 acar-
666 3140 782 3188 ctionem
794 3137 962 3189 demonstrat
973 3139 1055 3189 Tacit.
1068 3142 1136 3190 Anu.
1150 3139 1191 3201 43,

109 3223 151 3271 aar
166 3213 287 3276 Gomara,
306 3213 368 3264 Cam
383 3214 629 3278 matteumaopen
666 3214 707 3264 at.
735 3213 851 3263 Coloniae
874 3213 964 3275 Capua
983 3218 1059 3276 atara
1081 3215 1194 3264 Nuceria

109 3288 177 3346 atque
196 3288 223 3338 ia
248 3290 348 3340 deserto
373 3289 507 3348 Getarum,
533 3289 567 3338 Et
589 3289 629 3336 tao
665 3288 772 3339 marris
789 3289 914 3338 oetaaair
926 3290 1121 3352 marani.
1141 3288 1194 3339 Ad-

109 3367 242 3412 coaerawa
251 3376 310 3413 earn
318 3363 440 3426 tonatim
447 3367 520 3426 potat
528 3362 626 3424 aquino.
666 3363 729 3412 didit
745 3363 823 3425 igitar
834 3365 973 3424 tamquam
984 3375 1062 3412 novos
1073 3361 1192 3424 colonos,

109 3433 172 3498 virg.
195 3439 261 3488 Aen.
288 3437 317 3499 8,
341 3438 404 3487 725:
429 3437 630 3501 sapittiserosqae
666 3439 711 3501 qai
734 3438 761 3486 in
784 3437 916 3500 inscripti.
941 3435 1081 3499 aliquoties
1104 3437 1196 3488 distin·

109 3507 214 3561 Gonnos.
235 3539 264 3549 -
283 3511 411 3574 &nadair
433 3513 524 3564 autem
546 3511 629 3562 amna
666 3511 948 3575 gauntaraoeteritaa.
968 3511 1193 3565 Habebautenim

108 3581 204 3636 Tanais.
666 3587 773 3649 utrique
790 3599 855 3638 suos
872 3585 922 3637 sihi
945 3586 1117 3649 duumviros,
1145 3586 1195 3638 de·

137 3657 175 3708 tt.
196 3661 243 3711 i'ot
259 3661 323 3726 oet]
341 3661 466 3710 innotura
483 3659 551 3710 heeo
568 3661 626 3710 est:
667 3662 792 3712 curiones
810 3663 862 3711 oet.
877 3662 1010 3725 inseripti.
1025 3674 1060 3711 m.
1078 3661 1133 3712 Lat.
1147 3661 1195 3712 too

110 3732 242 3786 *Eaedem
259 3749 320 3796 vos,
347 3749 417 3799 quae
440 3736 511 3785 tanta
535 3735 561 3784 in
585 3747 628 3784 ma
667 3737 695 3785 et
712 3736 768 3785 tot.
787 3734 898 3785 Arretini
913 3740 1015 3786 veteres.
1045 3735 1196 3786 Fabraterni

108 3804 231 3859 beneficia
240 3809 559 3873 contulistissemperque
567 3821 631 3858 eou-
665 3815 767 3871 vatam,
779 3809 930 3860 Fabraterni
946 3811 1049 3861 aooaai.
1068 3811 1100 3860 V.
1113 3811 1195 3860 etiam

109 3879 190 3944 tertis,
219 3886 341 3935 recreatis
365 3886 446 3935 etiem
472 3885 627 3944 Caesarem,
668 3883 810 3934 Furianetti
823 3885 913 3948 Lepidi
930 3887 1021 3936 d'iiste.
1035 3899 1062 3951 p.
1076 3885 1116 3936 96.
1138 3885 1192 3936 Cir.

108 3953 152 4017 ita,
169 3960 199 4007 at
214 3971 266 4022 per
283 3972 331 4010 vos
342 3973 357 4008 a
369 3957 507 4009 laboribus
525 3959 631 4020 requie·
668 3960 724 4010 Cia.
747 3971 798 4022 pro
820 3957 890 4009 Sutia
910 3960 951 4010 tt.
988 3961 1043 4010 Neo
1060 3971 1139 4020 varo,
1166 3960 1197 4008 at

108 4041 180 4081 saera
197 4033 222 4082 ei
240 4033 275 4083 sit
286 4046 474 4084 conoessum.»
496 4060 523 4069 -
540 4033 628 4097 dian]
668 4045 755 4097 uapor
769 4033 857 4083 minus
874 4035 960 4096 perite
973 4033 1083 4097 quidem
1095 4031 1196 4082 indiae·

108 4103 160 4153 Noii
188 4107 299 4170 iungere
328 4109 416 4158 aaran.
438 4107 531 4158 miidia
558 4122 573 4157 a
602 4121 628 4158 v.
666 4108 718 4169 vit,
736 4103 839 4178 κύριον
855 4108 908 4158 hoo
925 4107 1041 4159 verbam
1053 4108 1197 4158 minusest

108 4176 181 4238 aiere,
204 4179 381 4244 «educatam,
404 4183 561 4232 innutritum
579 4183 631 4232 mi·
667 4181 812 4244 poeticum.
832 4180 884 4232 Sed
902 4183 948 4244 qui
963 4179 1124 4245 ignorabant
1134 4191 1196 4243 pro·

109 4247 156 4301 titia
182 4255 244 4305 inde
271 4269 286 4306 a
311 4257 398 4320 prima
423 4255 628 4317 adolescentia»,
666 4257 756 4320 prium
774 4257 854 4319 atque
869 4256 1124 4318 aptissimumesse,
1144 4265 1194 4303 neo

109 4337 192 4387 neque
207 4329 427 4392 admiraldum,
444 4329 629 4400 ἐπαρθέντα»)
668 4331 733 4381 satis
751 4331 808 4381 eius
826 4329 1048 4392 significationem
1064 4325 1195 4390 intellige-
