3012 4978
294 425 357 491 612
654 465 657 471 ν
678 426 805 478 ιιοιιιτιι
824 424 993 478 ιιιιιιιιιιυιι

654 1009 1022 1074 cmm·

466 1203 557 1282 Quae
581 1221 660 1268 cura
682 1210 809 1288 patrum
831 1219 958 1287 quaeve
981 1197 1153 1280 Quiritium

467 1323 575 1390 Plenis
597 1321 758 1389 honorum
779 1321 968 1388 muneribus
990 1330 1077 1396 tuas,

446 1465 453 1474 ‘
507 1447 669 1533 Auguste,
693 1443 828 1509 virtutes
851 1443 883 1508 in
908 1462 1026 1509 aevum

361 1646 426 1697 xiv.
445 1645 529 1696 Inscr.
547 1641 616 1767 ussg.
635 1643 672 1692 Id
687 1643 833 1706 depastam.
849 1665 877 1676 -
895 1639 993 1688 laudes
1009 1637 1114 1702 inpasti
1125 1637 1187 1688 bSc.
1204 1665 1232 1674 -
1251 1639 1307 1688 0m.
1319 1639 1347 1688 Τ.

332 1747 359 1757 -
378 1721 403 1770 2.
422 1725 481 1770 tuos
499 1731 553 1769 om.
596 1755 601 1766 .

329 1897 393 1947 XIV.
424 1897 492 1946 Cum
516 1894 594 1944 huius
620 1891 679 1944 libri
703 1892 820 1942 carmine
860 1905 913 1942 non
942 1903 1006 1940 vero
1035 1903 1099 1940 cum
1130 1887 1204 1940 aliis:
1242 1889 1381 1940 manantes

296 1973 339 2022 1v.
374 1970 453 2020 Drusi
478 1982 522 2018 res
548 1969 574 2018 in
595 1965 705 2031 Alpibus
730 1969 821 2029 gestas
858 1966 937 2028 plenis
974 1965 1113 2026 bonoram,
1152 1963 1383 2015 bonorificentissi-

296 2044 495 2110 praedicasset,
518 2041 552 2092 ab
570 2043 688 2105 Augusto
707 2040 820 2090 Iortasse
861 2041 924 2102 mis,
943 2041 973 2089 ut
984 2038 1026 2088 alu
1037 2038 1187 2089 voluerunt
1223 2039 1272 2088 DIo
1286 2039 1331 2098 oi,
1344 2041 1380 2088 25.

296 2119 421 2172 invitatus
438 2117 505 2168 vel'
498 2131 555 2182 ipse
574 2115 683 2167 fautoris
700 2114 823 2165 volunta·
862 2116 894 2178 (a.
916 2128 943 2164 u.
966 2127 989 2163 c.
1013 2112 1096 2176 llll:
1135 2105 1203 2177 ἤτε
1219 2107 1275 2184 γὰρ
1292 2109 1382 2178 βουλὴ

296 2198 352 2246 lem
365 2194 501 2254 divinans,
515 2190 635 2242 similiter
647 2190 761 2240 alterum
771 2192 824 2240 Au·
861 2183 1007 2260 ἡθροίσθη
1028 2187 1078 2237 καὶ
1098 2179 1179 2250 ἔδοξε
1198 2189 1304 2248 σφίσιν
1314 2181 1384 2238 alla

296 2270 365 2332 gusti
377 2281 540 2332 privignum
559 2267 596 2316 Ti.
616 2263 755 2315 Claudium
774 2265 823 2312 Ne-
860 2277 890 2314 re
907 2263 955 2314 aul
972 2257 1205 2328 βωμὸνὲναῠτῷ
1218 2277 1258 2329 τῳ
1244 2261 1384 2324 ’βουλειι

295 2353 408 2404 ronam,
426 2343 537 2406 propter
547 2339 671 2389 victorias
688 2337 722 2388 de
735 2337 823 2388 Raetis
860 2341 949 2408 τηρίῳ
969 2332 1040 2409 ὑπὲρ
1067 2335 1119 2402 τῆς
1144 2335 1195 2388 τοῦ
1213 2331 1383 2406 Αὐγούστου

296 2430 321 2466 a.
341 2430 368 2466 u.
389 2431 412 2466 c.
441 2417 498 2466 739.
525 2418 615 2479 partas
641 2412 757 2472 extollit;
787 2414 822 2462 ita
860 2409 1002 2464 ἐπανόδου
1031 2409 1231 2478 ποιήσασθαι,
1266 2419 1332 2478 τοῖς
1357 2412 1384 2464 dl

296 2492 387 2542 tamm
413 2493 440 2539 et
466 2492 492 2538 in
519 2489 644 2539 carminis
669 2488 778 2538 exordio
797 2489 824 2537 et
861 2485 1042 2540 tuscanicorum
1059 2483 1149 2539 αὐτὸν
1166 2483 1248 2551 ἐντὸς
1265 2487 1385 2541 rodant-

296 2564 347 2616 sub
360 2565 460 2614 exitum
472 2565 498 2613 in
513 2564 623 2626 Augusti
635 2561 758 2613 laudibus
775 2563 824 2612 im·
858 2565 966 2634 μηρίου
977 2555 1049 2613 ὄντα
1058 2555 1157 2613 ἄδειαν
1172 2559 1255 2614 εἶναι·
1276 2560 1313 2616 on'
1323 2567 1385 2632 ps

296 2641 428 2699 moratur,
456 2641 499 2696 ut,
527 2638 576 2689 nisi
599 2639 687 2688 omniu
711 2649 760 2688 nos
778 2636 823 2686 Ial-
859 2654 905 2689 τοι
922 2639 971 2689 καὶ
989 2633 1105 2702 ἐδέξατο
1131 2632 1292 2709 οὐδέτερον.
1321 2642 1385 2690 Sen-

296 2711 370 2775 lunt,
396 2711 430 2762 ab
454 2712 543 2763 indole
565 2725 597 2762 ac
614 2711 734 2763 moribus
751 2712 822 2762 Dru·
860 2714 941 2764 tentIu
963 2716 1053 2764 autern
1078 2713 1292 2776 interrogationis
1321 2715 1385 2766 baec

297 2801 358 2839 sum
376 2787 461 2850 magis
479 2800 562 2850 quam
579 2786 715 2836 Tiberium
732 2786 823 2836 huius·
861 2792 918 2840 est:
947 2787 1037 2839 «Nulla
1054 2787 1174 2852 proiecto
1193 2801 1258 2838 cura
1277 2791 1385 2841 senalus

297 2863 402 2913 cemodi
418 2863 560 2927 praeconia
577 2863 675 2912 mereri
688 2863 744 2926 ipse
758 2875 821 2912 sen·
859 2861 1003 2929 populique
1027 2865 1137 2914 Romani
1160 2863 1243 2914 iustos
1267 2863 1317 2914 tibi
1337 2865 1385 2915 bo·

296 2937 363 2988 sisse
397 2937 536 2998 videatur,
575 2936 688 3000 ideoque
726 2934 820 2986 bellica
860 2953 939 2990 nores
952 2937 1073 2990 conferre
1085 2939 1209 3003 polerit.»
1225 2965 1253 2974 —-
1272 2939 1385 2990 Periba

296 3011 434 3062 dumtaxat
459 3011 537 3061 huius
562 3012 658 3061 virtute
687 3009 822 3062 celebrata
859 3013 903 3077 los]
923 3014 1124 3078 «inscriptiones
1136 3026 1248 3062 arcuum
1261 3012 1384 3064 aliorum-

295 3085 421 3137 libentius
446 3086 481 3136 ad
497 3089 646 3150 Augustum
664 3099 693 3136 se
711 3098 823 3136 conver
860 3101 913 3151 que
931 3090 1167 3138 monumentorum
1189 3085 1384 3152 publicorum·

295 3164 346 3223 tat,
373 3163 401 3211 et
425 3161 536 3224 quidem
554 3162 609 3223 sic,
637 3163 681 3222 ut,
711 3161 733 3211 si
760 3173 821 3210 cum
863 3190 889 3198 -
908 3175 1077 3224 maneretque
1096 3163 1185 3226 [asmo]
1215 3163 1277 3226 «qui
1295 3175 1385 3213 rerum

296 3237 403 3288 Editore
424 3235 546 3286 Leidensi
563 3235 630 3286 velis
647 3234 748 3285 habere
766 3248 822 3284 me·
860 3239 997 3300 gestarum
1017 3237 1176 3287 memoriam
1201 3239 1341 3288 continent
1361 3239 1386 3288 et

295 3325 357 3362 rum
384 3307 529 3378 ἐγκώμιον
555 3311 680 3374 Augusti,
711 3322 821 3360 carmen
859 3313 1040 3375 propagant3»
1059 3313 1089 3361 ut
1107 3311 1190 3361 estin
1208 3312 1292 3362 Fastis
1311 3314 1385 3362 Prae·

294 3390 386 3437 tamen
415 3387 489 3436 certo
522 3385 574 3435 fine
603 3387 682 3448 atque
712 3383 821 3434 consilio
859 3388 928 3436 nest.
946 3384 981 3435 ad
998 3385 1087 3436 Nonas
1105 3383 1182 3436 Febr.
1200 3386 1337 3451 Inscripti.
1351 3399 1382 3436 m.

294 3473 404 3525 prorsus
417 3459 587 3521 destitutum,
607 3473 703 3510 secure
717 3457 821 3509 recidas
859 3461 925 3509 Latt.
939 3461 970 3510 il.
983 3472 1042 3523 pag.
1057 3459 1114 3511 ael.
1134 3459 1342 3512 CONGOIIDIAII
1353 3461 1386 3510 Ib'

294 3547 320 3582 v.
339 3534 432 3586 a-lo.
461 3535 587 3596 Omnino,
615 3533 714 3594 iateor,
741 3529 821 3584 simil·
857 3533 941 3584 Iaca
974 3534 1092 3584 I'IIIIIAII
1117 3535 1167 3584 IIII·
1185 3535 1211 3584 S.
1240 3535 1267 3584 G.
1297 3536 1383 3598 QVOD

294 3605 388 3658 limum
413 3621 476 3658 cum
501 3611 691 3671 argumentum
712 3608 820 3658 iamiam
857 3609 900 3657 Io
912 3609 970 3658 DIII
981 3609 1162 3659 IIII’IIIiAIOIi
1175 3609 1298 3660 CAESAR
1312 3610 1385 3660 PON-

294 3683 449 3744 tractasset,
476 3683 563 3733 minus
589 3686 753 3746 spontaneus
779 3683 820 3732 est
860 3682 955 3732 TIFIJII
968 3684 1119 3734 IIWIIVS
1138 3683 1215 3734 IIiIB.
1234 3683 1304 3734 Por.
1322 3683 1383 3734 W.

295 3755 424 3818 impetus,
451 3768 505 3818 quo
531 3756 628 3816 fertur,
653 3770 685 3807 ac
707 3756 821 3819 diligen·
858 3757 925 3806 COS.
953 3757 1018 3807 XIII.
1045 3759 1066 3808 Α
1092 3759 1118 3808 S.
1141 3761 1168 3809 Ρ.
1194 3760 1224 3820 Q.
1249 3759 1386 3808 ΒΟΜΑΝΟ

294 3829 395 3880 tissima
413 3830 469 3878 arte
487 3831 575 3879 omnia
592 3834 654 3881 sunt
672 3829 818 3887 elaborata,
857 3831 956 3882 I’AIIJIl
1002 3833 1138 3883 Paralia*
1172 3833 1383 3883 APPEIIAI'IIS.

294 3917 328 3956 ne
354 3905 381 3953 in
402 3901 445 3953 illo
467 3904 507 3953 vis
526 3905 630 3967 poetica
654 3902 820 3967 aliquatenus
859 3906 892 3970 (a.
906 3906 974 3969 752.)
996 3907 1034 3957 Ite
1053 3905 1150 3971 duplici
1170 3907 1254 3958 torma
1273 3921 1385 3960 accusa-

294 3979 424 4032 exhausta
443 3977 586 4027 videretur.
617 3979 662 4040 (De
684 3980 820 4042 composi—
858 3981 904 4030 tivi
923 3982 1006 4045 (asim
1028 3984 1055 4032 et
1070 3982 1149 4044 factm
1165 3981 1219 4032 vid.
1238 3981 1274 4033 ad
1292 3981 1340 4033 Od.
1359 3983 1383 4042 3,

294 4055 371 4107 tlonis
384 4056 506 4117 tempore
518 4051 579 4102 vide
592 4066 672 4116 supra
684 4065 711 4117 p.
725 4053 793 4116 ool.)
859 4057 907 4118 ⁴7,
926 4053 951 4106 i.
973 4083 1000 4093 -
1028 4057 1055 4106 iu
1076 4069 1167 4107 amum
1185 4083 1200 4094 -
1220 4083 1235 4094 -
1256 4057 1383 4122 detenet]

326 4129 404 4180 2-6.
423 4126 518 4192 Hanc]
544 4139 628 4192 «quae
646 4128 698 4178 tuis
716 4129 817 4180 meritis
856 4143 905 4195 pro
926 4129 1039 4194 simplici
1062 4135 1172 4182 aowrnet
1197 4129 1240 4182 vel
1262 4145 1326 4196 pro:
1359 4132 1385 4180 ia

292 4217 402 4269 prorsus
413 4201 621 4268 respondeant.»
639 4203 742 4255 Etenim
755 4217 819 4255 cou-
857 4219 947 4256 amam
962 4233 977 4243 -
992 4234 1007 4243 -
1026 4205 1168 4266 Extendat,
1195 4207 1225 4256 ut
1246 4207 1383 4270 proposuit

293 4281 383 4330 strue:
409 4279 489 4344 plenis
513 4277 657 4330 mamribia
684 4279 816 4342 tonorum,
857 4293 1005 4342 nonnemo,
1033 4293 1129 4345 prosae
1155 4279 1283 4330 orationis
1306 4279 1384 4329 nimis
