3080 4980
690 423 818 473 nostin
834 424 1001 476 cassinium

525 581 651 666 'Sperat
673 579 803 646 nescius
826 599 925 645 aurae

598 700 743 768 Fallacis.
788 700 911 777 Miseri,
935 698 1054 786 quibus

514 871 669 935 Intentata
690 867 788 933 nites!
812 867 861 933 Me
884 865 993 933 tabula
1015 887 1109 933 sacer

513 991 623 1057 Votiva
644 989 752 1077 paries
776 987 896 1055 indicat
917 986 1014 1054 uvida

586 1109 813 1200 'Suspendisse
836 1110 956 1198 potenti

659 1232 855 1300 Vestimenta
875 1231 974 1298 maris
997 1230 1070 1298 deo.

367 1435 406 1484 ta.
425 1433 637 1496 iotmiptatobsc
654 1435 681 1483 et
699 1445 731 1482 ex
748 1433 800 1483 hac
817 1432 948 1496 scriptura
964 1433 1132 1494 tamprotata
1149 1433 1177 1482 T.
1200 1459 1227 1468 —
1248 1433 1286 1484 tt.
1307 1434 1356 1484 itu-

332 1511 403 1560 mido
419 1512 544 1572 quattuor
561 1511 643 1568 Pati..
662 1507 752 1558 Aldus.

300 1702 324 1737 v.
346 1688 384 1737 te.
402 1715 429 1724 —
448 1700 529 1738 coroa
543 1687 651 1751 sanaem]
671 1685 775 1736 «vanae
790 1685 828 1736 le·
862 1699 905 1736 cer
920 1686 1008 1735 Fauna
1023 1685 1090 1750 sotiis
1106 1685 1211 1736 oteoatar
1226 1687 1325 1736 arnosia
1344 1687 1391 1737 Htc

299 1763 386 1812 vitatis
403 1764 483 1824 atque
496 1763 696 1820 inconst-antiae,
718 1760 826 1823 quaeis
862 1764 974 1822 steterat,
1004 1760 1089 1809 acutia
1113 1760 1172 1810 otim
1191 1760 1333 1811 venerabile
1357 1763 1391 1811 a·-

300 1850 410 1900 semper
421 1834 530 1899 impellit
541 1836 575 1886 ed
586 1835 826 1898 atiummrsusqae
862 1847 954 1898 poam:
980 1835 1079 1884 Servati
1100 1847 1134 1883 ea
1153 1837 1227 1889 oudo
1247 1835 1289 1885 ubi
1312 1838 1392 1900 ficere

300 1911 381 1961 alium
398 1909 598 1960 irretiendum.»
633 1911 675 1960 sic
692 1913 762 1959 οιινο
777 1907 827 1971 po·
864 1909 932 1958 dono
948 1907 1058 1959 sotebant
1074 1909 1195 1958 Lucretii
1211 1910 1269 1959 atico
1285 1915 1308 1959 at
1319 1915 1392 1960 votor

296 1985 409 2048 putaris,
429 1985 515 2045 iuver,
540 1986 585 2048 qui
603 1983 669 2035 levis
686 1997 767 2035 aurae
785 1985 827 2034 in·
863 1985 1010 2045 suspendae
1025 1987 1110 2033 vestes.
1139 1983 1271 2034 Diodorus
1290 1985 1318 2034 in
1336 1989 1391 2036 An—

301 2063 357 2111 ster
378 2071 486 2124 semper
507 2061 632 2109 mutatur.
673 2060 727 2110 Cic,
749 2060 826 2111 Vera.-
864 2056 976 2121 tholegia
995 2056 1048 2106 Pal.
1064 2059 1082 2106 1.
1095 2069 1122 2121 p.
1137 2057 1197 2107 266:
1217 2057 1391 2130 Καρπαθιην

300 2136 362 2184 Αοο.
391 2135 416 2194 4,
444 2133 484 2195 43,
507 2134 551 2184 35;
579 2135 625 2184 stoi
646 2147 739 2184 auram
756 2147 828 2195 possa
864 2125 912 2182 ὅτε
923 2127 1028 2194 νυκτὸς
1038 2124 1286 2202 ἅλαοιρέψαντος
1295 2126 1391 2199 ἀήτοο

301 2209 414 2271 utiquam
431 2209 523 2274 asstare
533 2235 547 2246 -
558 2235 573 2246 -
583 2209 719 2258 uoluntatis
730 2221 824 2258 eorum.
863 2204 990 2258 Λαὶλαπι
1007 2201 1136 2278 Βρρῥοιῃ
1154 2206 1281 2259 κλαοθὲν
1298 2207 1393 2260 ἐσεῖδε

299 2283 373 2334 Ouid.
393 2285 451 2334 Am.
470 2285 496 2344 2,
509 2285 533 2345 9,
548 2284 594 2335 33:
613 2285 711 2334 incerto
727 2283 828 2346 Goptui-
863 2281 957 2352 κέρας,
967 2275 1081 2346 litigato
1091 2279 1167 2352 κῆρα
1175 2279 1285 2348 φυγών,
1297 2280 1393 2334 Βοιώ-

300 2360 431 2409 oisemo.
863 2369 922 2418 ne,
949 2358 999 2408 cot
1023 2370 1074 2421 με,
1100 2353 1226 2428 Κάβειρε
1246 2356 1392 2420 Δέσποτα,

335 2433 376 2482 43.
395 2431 529 2496 intentato]
549 2433 688 2483 «nondum
706 2434 826 2496 spectata
863 2433 1011 2504 χειμερίης
1027 2425 1143 2496 ἄνθεμα
1159 2431 1314 2497 ναυτιλίης,
1330 2425 1394 2505 Ἀρ-

300 2508 418 2570 seiisque
431 2508 561 2570 cognita.»
576 2507 686 2570 -niteaJ
701 2506 825 2571 «pulchra
863 2503 963 2572 rp'oacv
996 2500 1092 2572 ἁγίοις
1125 2503 1193 2556 τόδε
1222 2504 1331 2558 λώπιον
1362 2508 1393 2559 ἐν

300 2585 327 2634 et
338 2580 460 2632 amabilis
471 2581 826 2647 viderint-semetipsum
864 2579 1052 2653 προπυλαίοις
1069 2580 1214 2648 Διογένης·
1233 2576 1352 2644 ἀλέκοις
1368 2581 1392 2632 δ’

298 2655 546 2719 veiutinauiragum
563 2669 594 2706 ex
611 2655 745 2719 fluctibus,
762 2659 828 2719 Pyr·
864 2651 945 2728 ἀνέρι
961 2657 1011 2707 καὶ
1029 2657 1137 2722 πενίην.

300 2731 364 2782 rhae
382 2743 504 2782 amarem
521 2733 563 2782 vix
581 2731 690 2782 tandem
708 2733 826 2783 evasisse
897 2731 937 2782 ti.
969 2731 1054 2796 uvido]
1081 2729 1148 2781 Olim
1168 2731 1272 2780 hemido
1291 2744 1325 2782 ex
1344 2745 1394 2784 so-

299 2805 394 2857 iestivo
406 2819 468 2856 cum
479 2808 538 2856 ioco
550 2806 621 2856 dicit.
653 2807 731 2869 «Ego,
745 2819 826 2871 quem
862 2807 908 2857 lita
925 2807 1063 2870 utriusque
1081 2804 1204 2855 vocabuli
1224 2804 1391 2870 confusione,

299 2884 328 2931 tu
353 2881 452 2932 misere
479 2881 621 2946 decepisti,
652 2881 687 2931 ita
715 2883 744 2930 ut
769 2882 827 2945 spei
864 2895 916 2946 qua
945 2882 979 2933 de
1012 2881 1212 2932 accuratissime
1247 2879 1394 2946 disputavit

299 2967 377 3005 meae
396 2957 422 3005 te
441 2956 546 3007 fruendi
563 2955 643 3006 vetuti
661 2955 826 3018 naufragium
863 2959 981 3020 Wagner
997 2955 1031 3007 ad
1044 2957 1119 3020 ,Virp
1139 2957 1184 3006 Ge.
1205 2957 1229 3016 t,
1248 2953 1305 3007 tta.

298 3029 482 3091 iecerim‚tihi
494 3043 616 3081 amorem
627 3031 654 3081 in
665 3033 827 3094 perpetuum
897 3033 935 3081 ts.
962 3033 1021 3082 deos
1033 3035 1122 3093 potem
1136 3031 1225 3091 moria,
1249 3033 1278 3080 ut
1294 3029 1342 3080 Od.
1367 3034 1390 3090 t,

299 3106 461 3164 renuntiavi3
482 3119 534 3158 non
552 3109 643 3157 tamen
662 3106 710 3168 ita,
731 3107 761 3155 ut
778 3105 826 3155 tibi
863 3107 887 3167 3,
908 3109 935 3156 t:
963 3107 1031 3156 Divo
1044 3110 1133 3169 potent
1149 3105 1233 3167 oppos.
1264 3133 1291 3141 -
1319 3107 1392 3158 inter

299 3180 381 3231 iratus
399 3181 476 3231 sim.»
506 3180 639 3231 solebant·
650 3181 740 3231 autam
758 3193 826 3230 neu·
864 3181 960 3233 multas
972 3183 1086 3246 Neptuni
1103 3181 1242 3244 imagines,
1261 3193 1330 3243 quae
1342 3193 1392 3232 su-

299 3253 363 3316 fragi
381 3256 407 3305 in
424 3257 538 3319 Neptuni
556 3259 602 3306 aut
622 3254 688 3306 atius
705 3255 749 3306 det
767 3267 826 3305 mu·
862 3259 973 3322 persunt
987 3257 1054 3319 (uide
1067 3255 1109 3306 vel
1121 3254 1200 3308 Miliin
1211 3257 1311 3317 omitot.
1326 3257 1391 3306 Gat-

299 3328 348 3376 rini
361 3327 573 3393 delubroahquo
591 3329 827 3393 (swerport'coita-
862 3332 945 3396 terte),
975 3331 1105 3396 imprimis
1128 3328 1303 3380 memorabile
1325 3331 1390 3381 mihi

298 3401 390 3452 baiam
406 3404 523 3452 votivam
540 3417 592 3453 una
606 3417 667 3454 eum
681 3405 825 3455 vestimen·
863 3417 971 3470 semper
988 3407 1075 3456 visum
1093 3409 1134 3455 esi
1154 3407 1234 3470 caput
1251 3407 1308 3456 eius
1326 3404 1391 3456 her-

299 3477 340 3537 tis,
359 3476 386 3526 in
398 3476 496 3540 quibus
506 3481 581 3529 erant
590 3479 696 3538 servati,
711 3492 826 3543 suspen·
862 3481 904 3531 bis
930 3481 1038 3530 marinis
1064 3478 1217 3530 redimitum
1245 3481 1270 3529 in
1297 3479 1391 3530 ttiiiier

299 3551 372 3601 dero.
391 3553 460 3614 virg.
481 3553 544 3602 Aen.
561 3554 599 3610 ti,
617 3553 678 3602 766:
699 3553 772 3602 Forte
782 3567 826 3602 ao·
861 3555 966 3604 Dantem.
987 3555 1004 3604 i.
1024 3554 1047 3604 t
1067 3556 1097 3604 N.
1118 3553 1173 3604 tet.

772 3735 917 3746 ψ...-

656 3871 1022 3933 excussus
1100 3937 1106 3947 ,

771 4006 904 4055 noct.

347 4124 411 4174 iiiuc
431 4138 492 4174 cum
512 4126 642 4189 incipient
659 4129 753 4188 potitae
772 4137 878 4176 amores
901 4139 963 4178 cum
989 4126 1092 4186 felices.
1117 4131 1173 4180 tum
1197 4129 1326 4186 infelices,
1349 4130 1388 4180 te-

298 4209 362 4259 ctori
382 4210 564 4274 maximopere
583 4208 743 4258 commendo
761 4209 893 4269 Teuiiaiii,
923 4211 1039 4263 doctoris
1057 4211 1244 4275 Tuhingensis,
1265 4215 1387 4264 festivum

297 4292 456 4356 opusculum
481 4294 520 4342 iio
547 4291 674 4342 amoribus
698 4293 797 4342 Horatii
825 4295 898 4355 (Jahn
919 4295 948 4344 Ν.
973 4295 1127 4345 tatroueter
1148 4297 1233 4360 Soppt
1255 4297 1296 4346 vi.
1316 4299 1339 4346 3.
1359 4311 1384 4362 p,
