3078 4978
614 481 616 486 '
718 471 845 522 noiomi
863 472 991 523 EPODON

517 627 662 692 Miuusve
684 626 815 714 languet
835 628 1021 695 fascinum?

474 747 626 836 Quodnut
647 748 790 836 superbo
815 770 975 837 provoces
996 751 1037 816 ab
1059 751 1203 839 inguine,

516 869 582 936 Ore
605 867 847 938 allaborandum
868 882 918 937 ost
939 871 1005 938 tibi.
1351 875 1395 938 20

370 1106 409 1154 20.
429 1104 629 1156 adlaborandum
646 1107 674 1154 B.

304 1319 421 1372 studium
437 1321 546 1372 affectus
559 1323 639 1384 atquo
652 1333 746 1371 severo
758 1321 827 1370 Stoi·
866 1319 1049 1373 Dubiioiionos
1071 1321 1105 1372 de
1127 1323 1155 1372 h.
1175 1322 1191 1373 Ι.
1211 1325 1288 1374 osiae
1306 1337 1340 1374 ox
1357 1337 1390 1374 eo

303 1407 397 1446 corum
408 1395 506 1458 scripto
515 1407 646 1459 reponere
656 1393 726 1445 soles
737 1395 763 1444 in
772 1392 829 1457 pui-
864 1393 1001 1457 videniur,
1029 1395 1101 1460 quod
1126 1409 1153 1446 v.
1170 1397 1254 1460 m'ooro
1275 1411 1391 1462 occeps-

302 1469 370 1521 viliis
389 1469 440 1520 iuis
455 1469 560 1530 sericis,
579 1469 702 1520 credisne
720 1471 829 1534 propior
864 1471 927 1519 runt
950 1482 1000 1533 pro
1026 1472 1140 1535 omium
1163 1476 1298 1533 oowrovu,
1327 1485 1391 1522 cum

302 1542 729 1596 honoiiitororumsimuiaiiouem
737 1544 829 1594 motui
865 1542 985 1607 loomim
1001 1545 1139 1607 significet.
1160 1572 1188 1582 -
1206 1545 1329 1610 iiiousoo]
1347 1545 1389 1596 aiii

304 1631 395 1670 amore
414 1631 570 1668 exarsurum
590 1621 669 1670 esse?
687 1619 725 1669 Do
745 1619 829 1668 ismei
863 1617 1006 1680 minusque,
1026 1621 1055 1668 ui
1070 1617 1170 1684 ubique
1186 1619 1213 1670 iu
1224 1621 1265 1669 his
1277 1621 1388 1684 partios.

303 1695 360 1758 ipss
377 1705 490 1756 quaero,
509 1705 574 1743 num
590 1694 669 1756 putes
686 1693 828 1756 propterea
865 1693 990 1742 variotur.
1005 1691 1072 1743 Illud
1083 1693 1172 1744 firmat
1182 1695 1280 1744 iisrius
1291 1693 1389 1746 Plotius

302 1769 390 1818 miuus
405 1765 617 1831 mauroiirigoro,
635 1766 751 1830 torpore)
769 1779 830 1816 uou-
866 1780 891 1830 p.
910 1766 967 1817 278.
987 1766 1066 1817 Goisi.
1095 1794 1123 1803 -
1148 1768 1268 1833 soporos]
1296 1768 1390 1820 :iasii-

302 1855 352 1892 vos
363 1853 454 1902 meos,
473 1841 518 1905 qui
529 1839 731 1905 philosophiam,
745 1853 828 1904 quom
865 1839 964 1903 dionis,
988 1841 1076 1892 minus
1088 1840 1276 1906 obsequium.»
1295 1844 1386 1894 Senos.

303 1917 479 1977 tunsionum,
501 1927 672 1980 nequaquam
690 1915 826 1965 cummi»
867 1940 895 1952 -
914 1914 970 1979 oro]
989 1913 1153 1979 «lingendo.-
