3012 4978
733 398 863 450 ttounru

520 554 642 641 lungite
664 553 735 620 tata.

438 730 564 798 Fertilis
586 731 716 818 tragum
738 731 938 818 pecorisque
961 729 1066 797 Tellus

437 853 554 940 Spicea
576 852 675 919 donet
696 853 850 920 Cererem
872 871 1014 930 corona;

436 975 583 1042 Nutriant
604 975 687 1042 tetus
710 985 743 1042 et
764 994 871 1062 aquae
893 971 1048 1040 salubres·

521 1095 560 1161 Et
581 1096 665 1162 lovis
687 1115 796 1162 aurae.

438 1271 574 1340 Condito
594 1272 678 1338 mitis
700 1270 912 1360 placidusque
935 1270 998 1338 telo

440 1393 612 1482 Supplices
633 1392 710 1460 audi
731 1413 871 1482 pueros,
895 1391 1029 1482 Apollo;

439 1514 589 1582 Siderum
611 1515 724 1604 regina
744 1514 907 1592 bicornis,
932 1513 1022 1589 audi,

521 1637 624 1714 Luna,
647 1635 791 1725 puellas:

441 1813 541 1878 lioma
563 1813 591 1877 si
612 1821 757 1879 vestrum
780 1821 830 1879 est
852 1831 957 1900 opus,
982 1811 1125 1900 Iliaeque

272 2109 324 2158 cet.
333 2131 360 2140 -
373 2102 445 2164 Altis,
457 2104 488 2152 ut
498 2115 583 2167 nuper
598 2102 727 2163 Stetnero,
739 2100 799 2166 pla·
835 2103 946 2154 mutiam
961 2101 1074 2154 venusta
1091 2101 1206 2166 imagine
1224 2103 1264 2154 sic
1280 2116 1359 2154 exor-

272 2181 327 2232 cuit
337 2177 499 2230 constructio
506 2176 625 2241 praelata
636 2176 797 2239 aLambino,
835 2180 892 2238 nat,
911 2179 943 2227 ut
957 2175 1044 2228 relus
1061 2177 1126 2238 dea,
1144 2178 1202 2240 ipse
1224 2175 1295 2229 laeta
1312 2189 1359 2230 sua

272 2251 799 2318 quiinCommentarioservavitlndice-
835 2249 985 2313 tenuitate,
1015 2263 1048 2301 eo
1077 2263 1190 2302 munere
1219 2251 1358 2316 fungatur,

273 2329 356 2379 tivum
365 2325 798 2390 mwot:«1ungitebcnatetatatia
836 2338 890 2389 quo
902 2327 968 2390 grati
979 2323 1075 2386 coloni,
1094 2338 1157 2376 cum
1169 2326 1300 2377 Cererem
1310 2327 1360 2391 spi·

273 2405 326 2454 iem
344 2401 473 2466 peractis,
496 2401 569 2465 quod
587 2402 697 2466 quidem
713 2400 798 2454 semel
835 2400 890 2450 oeis
914 2402 1019 2451 coronis
1040 2401 1149 2461 ornent,
1175 2402 1205 2449 ut
1221 2403 1361 2465 comparet

273 2479 325 2528 ium
345 2487 361 2524 a
378 2475 456 2525 vobis
472 2474 574 2526 dictum
591 2479 633 2527 est
653 2478 680 2528 et
695 2476 798 2528 stabilis
836 2477 916 2526 etiam
940 2475 966 2526 in
986 2475 1147 2538 antiquitatis
1168 2475 1359 2526 monumentis.

273 2561 365 2601 rerum
378 2549 506 2599 terminus
523 2548 550 2599 id
564 2552 754 2614 servataeque
771 2551 799 2601 id
835 2546 973 2610 Tibulli,
992 2551 1020 2610 4,
1040 2550 1084 2600 43;
1110 2549 1191 2600 Fleuo
1207 2549 1296 2612 ceres,
1319 2550 1362 2600 tibi

273 2623 327 2676 ullo
343 2627 422 2689 pacto
438 2625 528 2686 potest
544 2625 686 2675 immutari.
715 2625 799 2686 Quid·
834 2625 867 2674 sit
881 2629 967 2673 nostro
983 2624 1013 2674 de
1028 2635 1090 2673 nire
1106 2637 1201 2674 corossn
1216 2623 1317 2686 Spicea.
1332 2651 1358 2661 -

273 2711 337 2749 nem
353 2697 438 2749 semel
456 2697 556 2748 dictum
579 2701 638 2749 eet‘i
663 2700 717 2752 Vos
738 2700 799 2751 iun·
834 2699 906 2763 [ιιιιι]
923 2700 956 2750 ll.
969 2696 986 2749 l.
1000 2709 1127 2762 agrorum
1138 2697 1239 2762 trugas.
1258 2698 1315 2749 Cic.
1328 2697 1360 2748 ds

273 2776 364 2825 mures
405 2772 476 2823 bona
510 2775 663 2837 praeteritis
706 2773 797 2826 tatis.»
836 2775 879 2824 0r.
898 2775 927 2834 2,
946 2772 992 2822 30:
1019 2785 1068 2834 quo
1083 2771 1198 2822 naiores
1217 2785 1281 2836 oper
1299 2773 1362 2836 setas

273 2849 373 2900 Verum
391 2848 430 2898 sic
446 2861 489 2897 vv.
506 2860 608 2899 coecos
624 2849 739 2900 cecinisse
761 2850 800 2900 ni·
832 2849 912 2911 possit
936 2852 960 2898 et
980 2847 1129 2912 ρναιιάᾰονιι
1151 2847 1231 2897 edere.
1252 2873 1282 2882 -
1299 2847 1363 2898 Iouis

274 2923 325 2972 neb
342 2920 455 2985 abrupta
472 2923 533 2972 sunt
550 2924 578 2972 et
593 2930 678 2987 prope
692 2935 798 2980 manem
836 2922 925 2986 owse]
953 2923 991 2972 Ex
1014 2922 1123 2984 antiquo
1145 2921 1279 2972 sermonis
1296 2934 1360 2982 usu,

274 2995 340 3060 quid
367 2995 493 3056 tandem,
523 3008 638 3060 quaeso,
667 2997 799 3047 cecinisset
836 3010 890 3062 quo
912 2999 1035 3062 tempora
1058 2997 1086 3046 et
1107 2996 1182 3046 varia
1200 2995 1268 3046 caeli
1292 3000 1362 3046 tem-

276 3095 304 3108 ·
323 3071 376 3120 iarn
388 3069 508 3134 peractis]
527 3069 641 3136 «quibus
657 3071 746 3123 adbuc
762 3069 799 3122 le·
835 3072 924 3137 peries
942 3074 970 3122 et
988 3070 1076 3136 plavia
1092 3071 1147 3120 tovi
1164 3069 1360 3122 tribuebantur.

274 3145 360 3197 liciter
375 3146 418 3196 usi
434 3157 555 3197 sumus.»
836 3145 920 3211 Epod.
938 3147 968 3208 2,
986 3145 1030 3194 29:
1061 3145 1171 3195 mustis
1186 3145 1362 3196 ommute-

307 3220 397 3272 29-32.
423 3220 522 3270 Fertilis
539 3221 600 3284 oet]
628 3221 755 3271 «Veteres
772 3220 799 3270 in
835 3235 884 3271 osis
893 3221 966 3270 [οιίι.
979 3218 1052 3271 Iliad.
1063 3233 1086 3281 e,
1099 3220 1126 3269 34
1138 3234 1144 3268 :
1157 3215 1227 3284 Διὸς
1239 3213 1360 3290 ὄμβρος.

274 3295 459 3361 precationum
472 3293 668 3348 turmulisbaec
680 3295 730 3346 tria
742 3294 801 3346 telt—
837 3297 917 3360 sopb.
937 3295 1022 3358 Aniig.
1041 3295 1103 3364 607:
1123 3288 1272 3360 ἀκάματα
1287 3293 1362 3346 usos

273 3371 360 3422 citatis
383 3372 533 3430 momenta,
560 3369 665 3434 tragum
690 3369 801 3420 uberte·
837 3368 941 3436 Μῆιες.
978 3367 1098 3434 Apollon.
1121 3370 1205 3420 ilbod.
1231 3371 1265 3432 2,
1296 3371 1359 3421 525:

275 3448 339 3507 torn,
357 3445 471 3496 teturam
482 3457 603 3508 gregum,
616 3447 800 3496 matronarum
837 3440 950 3511 ἐτήσιοι
970 3443 1004 3496 ἐκ
1027 3441 1098 3508 Διὸς
1122 3435 1218 3515 αὖραι.
1246 3446 1360 3496 Eumen.

276 3519 482 3580 tenacitatem,
511 3516 669 3584 plerumque
688 3520 801 3571 eomun-
837 3523 935 3584 Paneg.
957 3521 1047 3572 Consi.
1070 3520 1116 3570 ts:
1144 3521 1257 3583 luppiter
1277 3521 1363 3571 mode

275 3597 348 3656 gunt.
371 3592 495 3656 Aeschyl.
509 3595 586 3644 Eum.
599 3595 657 3645 903.
676 3593 799 3658 Sophoel.
838 3600 912 3645 rotor
931 3608 1065 3644 cruam.
1093 3596 1186 3656 ltaque
1206 3595 1235 3645 et
1253 3593 1363 3645 adiecti-

275 3666 340 3717 Oed.
359 3668 421 3729 Tur.
436 3668 492 3717 tut.
505 3668 637 3732 Aristopb.
650 3671 711 3719 Pac.
726 3668 799 3719 taso.
838 3681 903 3719 vum
914 3669 1025 3718 sdubres
1036 3670 1064 3719 et
1074 3669 1206 3731 genitivus
1215 3669 1282 3720 tonis
1292 3672 1320 3720 et
1330 3667 1363 3720 ad

277 3739 376 3795 llerod.
389 3741 414 3801 3,
428 3741 485 3791 68.»
504 3743 647 3793 tluscnnrus
658 3742 693 3793 ad
704 3743 761 3795 t'ib.
775 3743 800 3805 2,
839 3746 959 3806 animet
969 3743 1004 3794 ad
1016 3757 1096 3794 was
1106 3743 1248 3795 reterenda
1260 3749 1331 3796 sunt.

277 3817 302 3875 it,
317 3814 802 3881 tlt.-Fertitis·pecorisperzeugma
872 3819 977 3869 33-36,
997 3819 1125 3870 Condito·
1136 3843 1151 3856 ·
1162 3817 1217 3883 telo]
1236 3819 1362 3870 «Omnem

278 3903 327 3955 pro
353 3889 472 3953 [mim
499 3893 591 3940 contra
617 3891 737 3953 {mundio
753 3905 802 3957 pro
839 3891 1363 3959 pestemapopuloflomanoavertens·

276 3965 367 4028 sortitis
378 3962 411 4015 de
424 3961 566 4014 arboribus
578 3963 625 4014 Od.
639 3964 664 4026 3,
677 3965 722 4026 23,
736 3966 760 4017 o.
773 3993 801 4004 -
840 3969 934 4030 mgna
944 3981 1006 4018 cum
1018 3969 1076 4020 arte
1088 3967 1232 4018 revertitur
1242 3966 1279 4017 ad
1289 3965 1365 4032 Apol·

280 4039 369 4106 tetius]
388 4039 463 4092 Cont.
482 4049 577 4090 versus
594 4037 685 4103 Sibyll.
700 4040 731 4091 to
742 4053 801 4105 sq..
839 4040 935 4103 linem,
959 4042 1070 4106 Augusti
1086 4041 1228 4094 custodem
1245 4044 1274 4092 et
1289 4041 1363 4105 quael

280 4114 321 4166 ius
342 4115 484 4166 iurandum
508 4112 619 4178 Philippi
635 4113 708 4164 adv.
727 4115 751 4166 3.
774 4143 800 4152 -
840 4118 949 4180 genium
965 4115 1120 4179 tutelarem,
1142 4118 1169 4167 et
1188 4115 1222 4168 ad
1241 4116 1361 4168 bimam.

281 4191 334 4240 «stt
359 4189 465 4254 tragum
489 4188 600 4240 ubertas
625 4190 653 4239 et
672 4201 803 4255 prospera
841 4203 956 4254 quorum
973 4191 1361 4242 numinainitiotuvocarat.··

279 4263 415 4328 pecudum
426 4264 538 4316 letum.»
554 4264 645 4316 &aon
659 4265 733 4316 Hane
743 4278 804 4317 sen·
839 4265 907 4318 mitis
920 4265 1092 4330 sucumque]
1109 4263 1212 4330 Duplex
1223 4262 1361 4322 isidem,
