2986 4974
516 439 575 488 LIB.
596 438 625 486 ll.
662 439 690 484 C.
710 437 764 486 Vll.

298 593 466 662 Oblivioso
488 592 573 659 levia
594 593 731 660 Massico

298 714 427 781 Ciboria
450 713 562 801 exple3
586 713 684 780 londo
706 712 880 801 capacibus

337 837 508 924 Unguenta
529 835 571 902 de
594 834 736 902 conchis,
781 834 861 916 Quis
883 833 948 900 udo

378 959 605 1045 Deproperare
634 957 709 1044 apio
731 977 869 1022 coronas

295 1119 432 1182 Curatve
455 1115 584 1206 myrto?
605 1137 704 1204 quern
726 1117 833 1181 Venus
856 1114 1009 1182 arbitrum
1168 1115 1210 1179 25

297 1238 391 1305 Dicet
412 1237 570 1306 bibendi?
592 1239 662 1304 Non
685 1259 745 1325 ego
767 1236 879 1304 sanius

339 1358 528 1426 Bacchabor
549 1359 684 1426 Edonis:
708 1369 840 1448 recepto

123 1617 188 1666 dem
212 1627 325 1679 prorsus
346 1615 539 1664 sententiarum
556 1613 653 1665 celeri·
690 1615 730 1675 30,
743 1614 856 1676 impio
864 1615 951 1676 pretia
959 1615 1068 1677 inculpo
1076 1620 1118 1665 eat.
1132 1613 1207 1664 Conl.

124 1693 193 1748 tate,
221 1703 304 1752 quam
325 1689 396 1753 apud
418 1689 554 1740 Horatium
572 1689 654 1739 etheit
689 1687 723 1738 ad
740 1688 827 1748 Odi,
846 1688 891 1747 36,
911 1689 951 1738 ib.
970 1687 998 1748 l,
1019 1689 1063 1750 tl,
1082 1690 1211 1739 3.-De·

122 1759 295 1815 ἀσύνδετον.
338 1762 422 1814 Nolim
446 1767 535 1815 tamen
558 1767 651 1827 putare
684 1762 831 1826 properare]
851 1775 981 1826 «propere
994 1765 1162 1824 contexere»,
1180 1765 1211 1812 ut

122 1854 189 1891 cum
207 1841 363 1890 Schultzero
377 1839 418 1890 his
431 1839 594 1902 imperativis
603 1852 653 1902 pu·
687 1839 757 1899 virg.
777 1839 823 1886 Ge.
842 1835 872 1898 l,
892 1837 952 1886 tio:
974 1837 1089 1900 Cyclopea
1102 1837 1211 1902 tidhelm

122 1929 203 1966 erum
229 1928 243 1963 a
268 1914 367 1976 cyatho
384 1915 502 1963 excitari.
524 1941 552 1950 -
578 1915 650 1978 boia]
687 1912 775 1960 maasia
792 1911 854 1962 Creu
865 1917 1018 1974 properent,
1039 1914 1090 1962 cet.

124 1989 237 2052 atteia),
261 1990 286 2038 in
305 1990 381 2038 tuum
397 1989 528 2038 honorem
545 1988 652 2040 detersa
720 1987 760 2038 35.
782 1985 868 2050 Venae]
891 1985 917 2035 id
939 1988 992 2047 est,
1019 1987 1105 2037 iactus
1122 1986 1211 2036 Vene-

124 2078 157 2114 ac
177 2062 283 2128 polita.»
305 2061 361 2112 Noli
379 2061 499 2112 seribere
516 2063 606 2113 leeoie
622 2090 650 2098 -
687 2073 763 2121 reus,
783 2060 829 2110 ubl
846 2059 890 2110 tali
907 2064 1045 2124 quattuor,
1065 2060 1162 2124 quibua
1173 2059 1211 2110 lu-

125 2137 244 2201 tiloseieo]
263 2137 289 2186 ln
307 2138 460 2200 Campania.
687 2133 752 2184 dere
775 2133 909 2194 solebant,
937 2135 1060 2186 diversos
1083 2147 1211 2185 numeros

156 2214 199 2261 33.
213 2211 254 2260 33.
271 2210 379 2274 Cibaria]
398 2211 486 2274 poculi
503 2225 588 2274 genus
604 2225 650 2261 ore
688 2210 724 2272 ll,
743 2209 772 2270 3,
790 2208 820 2268 l,
839 2209 874 2271 o.)
898 2210 1079 2260 ostenderent.
1102 2210 1208 2258 Lucian.

123 2285 652 2350 superiuslato‚inleriusangusto,instar
688 2287 776 2333 Amor.
802 2284 830 2332 T.
854 2285 879 2333 3.
903 2297 928 2347 p.
954 2284 1010 2333 aot.
1029 2283 1134 2333 iacob:
1162 2283 1211 2332 aei

126 2361 205 2412 labae
221 2359 380 2424 Aegyptiae,
399 2373 480 2422 quem
493 2359 651 2412 colocasiam
686 2353 785 2419 βαλών
811 2356 866 2422 μὲν
893 2357 1052 2418 ἐπίσκοπα,
1083 2354 1212 2422 μάλιστα

123 2434 309 2500 appellabant,
333 2435 409 2484 cuius
426 2433 554 2485 lolllculus
571 2449 651 2484 vaso·
686 2431 709 2480 δ’
728 2429 839 2483 εἴποτε
855 2428 909 2499 τὴν
925 2429 996 2483 θεὸν
1013 2427 1106 2498 αὐτὴν
1124 2427 1211 2492 εὐβο-

125 2524 187 2560 rum
205 2524 238 2560 ac
255 2507 413 2573 poculorum
425 2523 503 2559 usum
515 2511 651 2574 Aegyptiis
687 2507 796 2575 λήσειε,
815 2505 940 2574 μηδενὸς
958 2504 1141 2580 ἀστραγάλου
1159 2521 1210 2556 πε-

123 2583 289 2650 praestabat.
325 2584 471 2634 Grandiora
489 2583 651 2634 erantcibo-
686 2581 792 2646 σόκτος
811 2581 865 2650 ἴσῳ
886 2579 1024 2649 σχήματι.
1054 2586 1119 2636 llire
1141 2578 1212 2652 πόρ-

122 2661 178 2718 ria‚
197 2660 318 2720 llaenpm.
341 2686 369 2694 -
387 2658 467 2721 eapte]
481 2656 602 2722 «imple»,
621 2661 651 2708 ut
687 2675 739 2725 νης
749 2655 841 2718 βόλον
858 2661 963 2710 vocavit
973 2658 1127 2710 Menander.
1150 2657 1209 2706 Vid.

124 2749 139 2785 e
157 2735 238 2798 gloss.
257 2733 378 2783 babebat
393 2734 458 2783 Cod.
473 2734 573 2783 Faernl.
601 2735 650 2793 Qui
686 2736 765 2785 Orion
782 2734 946 2785 Schneidew.
965 2747 991 2797 p.
1011 2734 1052 2784 76.
1065 2733 1212 2797 Opponitur

126 2807 386 2869 «ebibeaxnauria,
403 2801 575 2871 explicarunt,
588 2821 652 2857 con·
684 2809 808 2859 eoduma
833 2807 924 2872 (Plaut.
950 2809 1027 2858 Cure.
1052 2809 1080 2868 3,
1106 2807 1134 2867 3,
1160 2806 1211 2868 78.)

125 2882 275 2934 suetudinis
286 2883 380 2932 aetatis
392 2883 550 2931 Horatianae
563 2883 650 2932 minus
687 2886 743 2934 aive
766 2885 844 2934 cenis.
875 2882 965 2933 Pollux
988 2883 1017 2943 9,
1044 2883 1073 2931 7;
1104 2879 1154 2930 καὶ
1177 2875 1212 2928 τὸ
1311 2896 1314 2902 ’

125 2960 199 3022 gnari
223 2959 306 3006 erant,
347 2957 446 3006 Ennius
469 2957 561 3020 utique
579 2959 651 3021 apud
686 2958 740 3024 μὲν
761 2953 877 3024 μονάδα
900 2953 1006 3021 δηλοῦν
1029 2957 1063 3018 (ln
1087 2953 1212 3005 omnibus

126 3033 248 3082 senium
267 3029 299 3078 ad
317 3030 384 3080 Aen.
404 3031 432 3090 6,
451 3029 513 3080 aia:
540 3031 652 3081 lt'evibiu
688 3032 754 3094 talis)
778 3031 905 3082 καλεῖται
926 3028 1013 3082 κύων.
1049 3030 1159 3092 Propert
1182 3025 1211 3088 l,

125 3103 260 3168 explebant
283 3117 333 3153 scae
360 3109 491 3165 amesque
514 3105 650 3167 replebant.
688 3108 717 3168 3,
736 3105 782 3156 lb:
800 3108 949 3166 deamque
961 3103 1213 3166 periciosl'enerem

128 3207 155 3216 —
173 3179 258 3242 sunm]
285 3180 344 3227 Non
368 3177 401 3227 de
428 3178 553 3230 libatione
579 3182 653 3231 eccl·
689 3185 822 3243 quomode
837 3181 968 3239 secandos,
987 3179 1089 3239 Semper
1099 3176 1213 3224 damnosi

125 3253 267 3317 piendum,
292 3265 360 3315 quae
383 3253 444 3302 vino
466 3251 560 3316 flebat,
588 3255 651 3304 sed:
688 3255 822 3306 subsiluere
839 3267 920 3304 eoam.
957 3253 1040 3302 Huius
1061 3250 1144 3300 moris
1166 3249 1213 3300 ui-

127 3327 260 3377 «delunde
270 3328 296 3378 in
306 3329 395 3377 crines
404 3329 490 3376 tuosa
503 3329 654 3378 -Concboe
690 3331 836 3381 stlssimum
860 3327 1012 3393 exemplum
1034 3325 1118 3376 babes
1141 3323 1213 3387 apud

127 3405 291 3452 nominasse
304 3402 475 3464 unguentaria
489 3403 652 3454 concharum
688 3407 770 3456 Tacit.
789 3407 857 3454 nnn.
877 3404 919 3464 ta,
944 3405 983 3453 ib.
1003 3403 1029 3452 in
1052 3399 1163 3452 Neronis
1187 3399 1214 3448 et

127 3477 242 3526 termam
260 3475 411 3526 referentia.
441 3476 549 3528 Martial.
566 3478 590 3537 3,
609 3477 650 3538 83,
690 3481 832 3531 Britannici
851 3492 962 3542 regnum
976 3477 1035 3528 lusu
1046 3475 1213 3526 sortientium

128 3552 168 3600 37.
181 3551 651 3615 muriceneoreumusurpatdevase
690 3569 783 3606 coena.
815 3552 867 3604 Cir.
888 3553 999 3602 Ernestii
1021 3549 1093 3600 Clav.
1112 3550 1167 3599 Clo.
1186 3550 1212 3598 in

128 3627 312 3688 unguentario.
690 3643 714 3679 v.
742 3630 821 3678 Talia.
856 3627 960 3676 Beklter
981 3625 1075 3676 Gallus.
1100 3625 1129 3673 ll.
1156 3621 1211 3683 (ed.

160 3699 200 3750 33.
214 3698 256 3750 at.
274 3700 437 3764 eao--apioJ
452 3693 559 3771 «ὑγρῷ,
577 3701 653 3750 llexi-
690 3703 743 3764 alt.)
764 3715 823 3766 pag.
842 3701 891 3752 333
908 3713 968 3764 sqq.
989 3727 1017 3736 -
1035 3697 1115 3762 Dicet]
1130 3697 1215 3746 adesi-

129 3772 199 3823 biti.»
216 3773 327 3824 Theocr.
341 3776 370 3834 7,
383 3775 428 3826 68:
442 3771 653 3842 πολυγνάμπτῳ
690 3777 781 3840 gnabit
797 3777 1045 3844 συμποσίαρχον.»

129 3863 158 3896 τε
169 3845 281 3914 σελίνῳ.
300 3849 411 3898 Videtur
422 3849 563 3912 significari
574 3847 654 3900 e‘ltao-
722 3853 763 3902 37.
800 3851 895 3909 Edoni,
926 3849 1054 3899 Thraciae
1087 3844 1212 3911 populus,

130 3919 498 3987 oaleuov‚Sumpseppicb,
512 3938 655 3987 quecoro-
690 3925 845 3977 Baoohiacls
877 3925 957 3987 orgiis
989 3922 1102 3972 deditus.
1142 3922 1215 3970 Non·
1284 3933 1290 3942 ·

131 3997 260 4048 nubantur
276 3999 391 4050 victores
409 3999 434 4048 in
451 3997 520 4049 ludia
531 4000 654 4050 isthmia—
691 3998 753 4049 nulli
772 3997 905 4063 explicant
922 3998 956 4047 de
974 3994 1103 4058 Βάκχαις
1121 3997 1215 4044 etter-

132 4073 182 4130 cis,
212 4075 304 4122 contre
332 4065 503 4142 ὀρεοσελίνῳ
527 4075 652 4123 Nemeae.
691 4074 800 4124 minatio
824 4073 949 4123 feminina
972 4075 1026 4122 mm
1049 4073 1091 4120 est
1106 4063 1214 4132 Ἠδωνῆ

132 4144 169 4194 Ob
186 4149 291 4207 gratum
308 4149 399 4198 autem
419 4147 531 4199 odorem
549 4149 654 4198 coronis
691 4160 772 4210 quarn
787 4141 911 4210 Ἠδωνίς.
936 4147 1036 4196 Verum
1052 4149 1148 4209 poetae
1164 4145 1214 4192 La-

133 4219 267 4269 neclendis
285 4220 470 4271 adhibebatur.
498 4223 611 4272 Theocr.
624 4221 652 4282 3,
691 4223 736 4272 tini
746 4221 797 4272 hac
808 4221 997 4284 significatione
1007 4231 1115 4282 semper
1124 4217 1216 4267 dicunt

136 4291 175 4340 23:
187 4287 334 4360 εὐόδμοισι
349 4293 480 4358 σελίνοις.
501 4295 564 4346 Plin.
580 4297 611 4346 H.
622 4296 651 4346 N.
689 4297 797 4357 lidonis,
815 4297 871 4346 idle.
891 4297 1017 4347 Calenam
1028 4295 1095 4344 haec
1109 4305 1215 4356 compa-
