<?xml version="1.0" encoding="UTF-8"?>
<!DOCTYPE html PUBLIC "-//W3C//DTD XHTML 1.0 Transitional//EN"
    "http://www.w3.org/TR/xhtml1/DTD/xhtml1-transitional.dtd">
<html xmlns="http://www.w3.org/1999/xhtml" xml:lang="en" lang="en">
 <head>
  <title>
</title>
<meta http-equiv="Content-Type" content="text/html;charset=utf-8" />
  <meta name='ocr-system' content='tesseract 3.04.00' />
  <meta name='ocr-capabilities' content='ocr_page ocr_carea ocr_par ocr_line ocrx_word'/>
</head>
<body>
  <div class='ocr_page' id='page_1' title='image "./qhoratiusflaccu02baitgoog/qhoratiusflaccu02baitgoog_0495.png"; bbox 0 0 3014 4978; ppageno 0'>
   <div class='ocr_carea' id='block_1_1' title="bbox 277 433 971 504">
    <p class='ocr_par' dir='ltr' id='par_1_1' title="bbox 277 433 971 504">
     <span class='ocr_line' id='line_1_1' title="bbox 277 433 971 504; baseline -0.027 -2"><span class='ocrx_word' id='word_1_1' title='bbox 277 437 340 501; x_wconf 76' lang='lat' dir='ltr'>llio</span> <span class='ocrx_word' id='word_1_2' title='bbox 654 435 784 504; x_wconf 80' lang='grc' dir='ltr'>ιιοιιιιιι</span> <span class='ocrx_word' id='word_1_3' title='bbox 802 433 971 486; x_wconf 76' lang='grc' dir='ltr'>οιιιιιιιιιιιι</span> 
     </span>
    </p>
   </div>
   <div class='ocr_carea' id='block_1_2' title="bbox 405 586 1094 906">
    <p class='ocr_par' dir='ltr' id='par_1_2' title="bbox 405 586 1094 906">
     <span class='ocr_line' id='line_1_2' title="bbox 405 586 1094 676; baseline -0.009 -20"><span class='ocrx_word' id='word_1_4' title='bbox 405 591 607 676; x_wconf 84' lang='lat' dir='ltr'><strong>Quocunque</strong></span> <span class='ocrx_word' id='word_1_5' title='bbox 629 588 749 655; x_wconf 84' lang='lat' dir='ltr'>leolum</span> <span class='ocrx_word' id='word_1_6' title='bbox 770 586 901 654; x_wconf 91' lang='lat' dir='ltr'>nomine</span> <span class='ocrx_word' id='word_1_7' title='bbox 923 587 1094 653; x_wconf 81' lang='lat' dir='ltr'><strong>Massicum</strong></span> 
     </span>
     <span class='ocr_line' id='line_1_3' title="bbox 405 706 1002 796; baseline -0.003 -19"><span class='ocrx_word' id='word_1_8' title='bbox 405 711 538 788; x_wconf 80' lang='lat' dir='ltr'>Servus,</span> <span class='ocrx_word' id='word_1_9' title='bbox 563 709 684 776; x_wconf 85' lang='lat' dir='ltr'>moveri</span> <span class='ocrx_word' id='word_1_10' title='bbox 707 708 804 796; x_wconf 84' lang='lat' dir='ltr'>digna</span> <span class='ocrx_word' id='word_1_11' title='bbox 825 707 912 774; x_wconf 90' lang='lat' dir='ltr'>bono</span> <span class='ocrx_word' id='word_1_12' title='bbox 934 706 1002 784; x_wconf 84' lang='lat' dir='ltr'>dio,</span> 
     </span>
     <span class='ocr_line' id='line_1_4' title="bbox 446 826 952 906; baseline -0.008 -10"><span class='ocrx_word' id='word_1_13' title='bbox 446 828 636 906; x_wconf 82' lang='lat' dir='ltr'>Descende,</span> <span class='ocrx_word' id='word_1_14' title='bbox 660 829 799 896; x_wconf 89' lang='lat' dir='ltr'>Corvino</span> <span class='ocrx_word' id='word_1_15' title='bbox 821 826 952 894; x_wconf 88' lang='lat' dir='ltr'>iubente</span> 
     </span>
    </p>
   </div>
   <div class='ocr_carea' id='block_1_3' title="bbox 310 1040 1330 1254">
    <p class='ocr_par' dir='ltr' id='par_1_3' title="bbox 310 1040 1330 1254">
     <span class='ocr_line' id='line_1_5' title="bbox 341 1040 1328 1110; baseline -0.005 -11"><span class='ocrx_word' id='word_1_16' title='bbox 341 1051 365 1099; x_wconf 83' lang='lat' dir='ltr'>e.</span> <span class='ocrx_word' id='word_1_17' title='bbox 385 1048 414 1110; x_wconf 84' lang='lat' dir='ltr'>Q.</span> <span class='ocrx_word' id='word_1_18' title='bbox 429 1046 507 1110; x_wconf 76' lang='lat' dir='ltr'>fetum</span> <span class='ocrx_word' id='word_1_19' title='bbox 522 1046 623 1094; x_wconf 76' lang='lat' dir='ltr'>omnine</span> <span class='ocrx_word' id='word_1_20' title='bbox 639 1042 757 1094; x_wconf 89' lang='lat' dir='ltr'>molebat</span> <span class='ocrx_word' id='word_1_21' title='bbox 772 1040 918 1101; x_wconf 88' lang='lat' dir='ltr'>Bentleius;</span> <span class='ocrx_word' id='word_1_22' title='bbox 941 1041 1068 1093; x_wconf 85' lang='lat' dir='ltr'>audacius</span> <span class='ocrx_word' id='word_1_23' title='bbox 1086 1044 1164 1094; x_wconf 88' lang='lat' dir='ltr'>etiam</span> <span class='ocrx_word' id='word_1_24' title='bbox 1177 1043 1328 1096; x_wconf 81' lang='lat' dir='ltr'>Sdkeland:</span> 
     </span>
     <span class='ocr_line' id='line_1_6' title="bbox 311 1116 1330 1185; baseline -0.003 -13"><span class='ocrx_word' id='word_1_25' title='bbox 311 1126 340 1185; x_wconf 76' lang='grc' dir='ltr'>(ι.</span> <span class='ocrx_word' id='word_1_26' title='bbox 360 1135 445 1172; x_wconf 75' lang='lat' dir='ltr'>seruas</span> <span class='ocrx_word' id='word_1_27' title='bbox 464 1119 544 1170; x_wconf 80' lang='lat' dir='ltr'>ornine</span> <span class='ocrx_word' id='word_1_28' title='bbox 560 1118 694 1168; x_wconf 77' lang='lat' dir='ltr'>Moesioren</span> <span class='ocrx_word' id='word_1_29' title='bbox 710 1118 809 1166; x_wconf 82' lang='lat' dir='ltr'>tectum</span> <span class='ocrx_word' id='word_1_30' title='bbox 832 1119 882 1166; x_wconf 88' lang='lat' dir='ltr'>oet.</span> <span class='ocrx_word' id='word_1_31' title='bbox 902 1116 1014 1179; x_wconf 81' lang='lat' dir='ltr'>(numine</span> <span class='ocrx_word' id='word_1_32' title='bbox 1029 1118 1049 1166; x_wconf 85' lang='lat' dir='ltr'>B</span> <span class='ocrx_word' id='word_1_33' title='bbox 1066 1120 1171 1180; x_wconf 84' lang='lat' dir='ltr'>noster,</span> <span class='ocrx_word' id='word_1_34' title='bbox 1199 1120 1266 1170; x_wconf 80' lang='lat' dir='ltr'>Fene</span> <span class='ocrx_word' id='word_1_35' title='bbox 1284 1121 1330 1170; x_wconf 91' lang='lat' dir='ltr'>Vr.</span> 
     </span>
     <span class='ocr_line' id='line_1_7' title="bbox 310 1189 1276 1254; baseline -0.003 -7"><span class='ocrx_word' id='word_1_36' title='bbox 310 1199 330 1247; x_wconf 84' lang='grc' dir='ltr'><strong>Β</strong></span> <span class='ocrx_word' id='word_1_37' title='bbox 348 1209 430 1246; x_wconf 85' lang='lat' dir='ltr'>osee.</span> <span class='ocrx_word' id='word_1_38' title='bbox 443 1207 491 1254; x_wconf 73' lang='grc' dir='ltr'>ιιι,</span> <span class='ocrx_word' id='word_1_39' title='bbox 509 1193 626 1244; x_wconf 85' lang='lat' dir='ltr'>Pottierii</span> <span class='ocrx_word' id='word_1_40' title='bbox 642 1193 751 1254; x_wconf 85' lang='lat' dir='ltr'>quartus</span> <span class='ocrx_word' id='word_1_41' title='bbox 769 1189 908 1253; x_wconf 84' lang='lat' dir='ltr'>decimus.)</span> <span class='ocrx_word' id='word_1_42' title='bbox 924 1217 950 1226; x_wconf 90' lang='lat'>—</span> <span class='ocrx_word' id='word_1_43' title='bbox 964 1190 1012 1240; x_wconf 81' lang='lat' dir='ltr'>vv.</span> <span class='ocrx_word' id='word_1_44' title='bbox 1026 1191 1110 1242; x_wconf 83' lang='lat'>6-8111</span> <span class='ocrx_word' id='word_1_45' title='bbox 1127 1193 1155 1242; x_wconf 79' lang='lat' dir='ltr'>li.</span> <span class='ocrx_word' id='word_1_46' title='bbox 1169 1192 1276 1244; x_wconf 89' lang='lat' dir='ltr'>desunt.</span> 
     </span>
    </p>
   </div>
   <div class='ocr_carea' id='block_1_4' title="bbox 276 1383 1368 2784">
    <p class='ocr_par' dir='ltr' id='par_1_4' title="bbox 276 1383 1368 2784">
     <span class='ocr_line' id='line_1_8' title="bbox 278 1383 1366 1456; baseline -0.003 -14"><span class='ocrx_word' id='word_1_47' title='bbox 278 1393 409 1456; x_wconf 86' lang='lat' dir='ltr'>quatenus</span> <span class='ocrx_word' id='word_1_48' title='bbox 427 1390 530 1452; x_wconf 78' lang='lat' dir='ltr'>gratum</span> <span class='ocrx_word' id='word_1_49' title='bbox 545 1397 671 1436; x_wconf 87' lang='lat' dir='ltr'>somnum</span> <span class='ocrx_word' id='word_1_50' title='bbox 683 1383 799 1443; x_wconf 84' lang='lat' dir='ltr'>adducit;</span> <span class='ocrx_word' id='word_1_51' title='bbox 837 1384 911 1447; x_wconf 76' lang='lat' dir='ltr'>roseo</span> <span class='ocrx_word' id='word_1_52' title='bbox 922 1383 992 1434; x_wconf 74' lang='lat' dir='ltr'>otae.»</span> <span class='ocrx_word' id='word_1_53' title='bbox 1010 1385 1088 1435; x_wconf 86' lang='lat' dir='ltr'>Voss:</span> <span class='ocrx_word' id='word_1_54' title='bbox 1105 1386 1156 1436; x_wconf 82' lang='lat' dir='ltr'>Von</span> <span class='ocrx_word' id='word_1_55' title='bbox 1166 1387 1272 1438; x_wconf 80' lang='lat' dir='ltr'>welclar</span> <span class='ocrx_word' id='word_1_56' title='bbox 1282 1389 1366 1439; x_wconf 71' lang='lat' dir='ltr'>Mam*</span> 
     </span>
     <span class='ocr_line' id='line_1_9' title="bbox 278 1457 1364 1529; baseline -0.004 -12"><span class='ocrx_word' id='word_1_57' title='bbox 278 1466 400 1529; x_wconf 80' lang='lat' dir='ltr'>adeoque</span> <span class='ocrx_word' id='word_1_58' title='bbox 417 1464 470 1514; x_wconf 88' lang='lat' dir='ltr'>hoe</span> <span class='ocrx_word' id='word_1_59' title='bbox 485 1474 511 1513; x_wconf 89' lang='lat' dir='ltr'>v.</span> <span class='ocrx_word' id='word_1_60' title='bbox 531 1460 565 1511; x_wconf 88' lang='lat' dir='ltr'>ed</span> <span class='ocrx_word' id='word_1_61' title='bbox 586 1461 706 1525; x_wconf 89' lang='lat' dir='ltr'>proxima</span> <span class='ocrx_word' id='word_1_62' title='bbox 722 1459 800 1509; x_wconf 88' lang='lat' dir='ltr'>unice</span> <span class='ocrx_word' id='word_1_63' title='bbox 838 1457 1041 1508; x_wconf 71' lang='lat' dir='ltr'>anonumum</span> <span class='ocrx_word' id='word_1_64' title='bbox 1057 1460 1091 1508; x_wconf 81' lang='lat' dir='ltr'>du</span> <span class='ocrx_word' id='word_1_65' title='bbox 1107 1459 1237 1511; x_wconf 65' lang='lat' dir='ltr'>muniret.</span> <span class='ocrx_word' id='word_1_66' title='bbox 1263 1464 1364 1512; x_wconf 86' lang='lat' dir='ltr'>Garve:</span> 
     </span>
     <span class='ocr_line' id='line_1_10' title="bbox 278 1531 1367 1600; baseline -0.004 -9"><span class='ocrx_word' id='word_1_67' title='bbox 278 1539 401 1600; x_wconf 81' lang='lat' dir='ltr'>retertur,</span> <span class='ocrx_word' id='word_1_68' title='bbox 414 1539 444 1587; x_wconf 91' lang='lat' dir='ltr'>ut</span> <span class='ocrx_word' id='word_1_69' title='bbox 453 1537 527 1586; x_wconf 86' lang='lat' dir='ltr'>recte</span> <span class='ocrx_word' id='word_1_70' title='bbox 539 1532 682 1586; x_wconf 87' lang='lat' dir='ltr'>Bentleius.</span> <span class='ocrx_word' id='word_1_71' title='bbox 697 1535 801 1584; x_wconf 85' lang='lat' dir='ltr'>Etenim</span> <span class='ocrx_word' id='word_1_72' title='bbox 837 1531 979 1582; x_wconf 78' lang='lat' dir='ltr'>Allwelclee</span> <span class='ocrx_word' id='word_1_73' title='bbox 993 1533 1135 1597; x_wconf 73' lang='lat' dir='ltr'>lotepaeps</span> <span class='ocrx_word' id='word_1_74' title='bbox 1150 1535 1209 1584; x_wconf 80' lang='lat' dir='ltr'>tese</span> <span class='ocrx_word' id='word_1_75' title='bbox 1223 1549 1273 1585; x_wconf 79' lang='lat' dir='ltr'>oea</span> <span class='ocrx_word' id='word_1_76' title='bbox 1293 1537 1367 1587; x_wconf 81' lang='lat' dir='ltr'>llos-</span> 
     </span>
     <span class='ocr_line' id='line_1_11' title="bbox 277 1605 1366 1678; baseline -0.004 -13"><span class='ocrx_word' id='word_1_77' title='bbox 277 1608 799 1678; x_wconf 71' lang='lat' dir='ltr'>oequesimpliciterelnnooeos,oeplonx</span> <span class='ocrx_word' id='word_1_78' title='bbox 837 1605 903 1656; x_wconf 77' lang='lat' dir='ltr'>eilser</span> <span class='ocrx_word' id='word_1_79' title='bbox 931 1606 966 1654; x_wconf 79' lang='lat' dir='ltr'>du</span> <span class='ocrx_word' id='word_1_80' title='bbox 1004 1606 1112 1666; x_wconf 55' lang='lat' dir='ltr'>wutron·</span> <span class='ocrx_word' id='word_1_81' title='bbox 1145 1608 1366 1673; x_wconf 74' lang='lat' dir='ltr'>interpretatione</span> 
     </span>
     <span class='ocr_line' id='line_1_12' title="bbox 279 1679 1364 1751; baseline -0.004 -14"><span class='ocrx_word' id='word_1_82' title='bbox 279 1686 422 1751; x_wconf 83' lang='lat' dir='ltr'>(quomodo</span> <span class='ocrx_word' id='word_1_83' title='bbox 441 1687 512 1736; x_wconf 90' lang='lat' dir='ltr'>enim</span> <span class='ocrx_word' id='word_1_84' title='bbox 530 1684 593 1742; x_wconf 82' lang='lat' dir='ltr'>hoo,</span> <span class='ocrx_word' id='word_1_85' title='bbox 621 1684 642 1733; x_wconf 91' lang='lat' dir='ltr'>si</span> <span class='ocrx_word' id='word_1_86' title='bbox 663 1683 732 1733; x_wconf 81' lang='lat' dir='ltr'>rixae</span> <span class='ocrx_word' id='word_1_87' title='bbox 753 1695 801 1732; x_wconf 87' lang='lat' dir='ltr'>ex·</span> <span class='ocrx_word' id='word_1_88' title='bbox 836 1679 993 1730; x_wconf 86' lang='lat' dir='ltr'>iamdudum</span> <span class='ocrx_word' id='word_1_89' title='bbox 1026 1692 1041 1729; x_wconf 85' lang='lat' dir='ltr'>a</span> <span class='ocrx_word' id='word_1_90' title='bbox 1077 1679 1194 1732; x_wconf 86' lang='lat' dir='ltr'>Bentleio</span> <span class='ocrx_word' id='word_1_91' title='bbox 1231 1684 1364 1735; x_wconf 75' lang='lat' dir='ltr'>refutata:</span> 
     </span>
     <span class='ocr_line' id='line_1_13' title="bbox 278 1754 1367 1823; baseline 0 -13"><span class='ocrx_word' id='word_1_92' title='bbox 278 1761 367 1823; x_wconf 75' lang='lat' dir='ltr'>citati)</span> <span class='ocrx_word' id='word_1_93' title='bbox 386 1772 473 1822; x_wconf 88' lang='lat' dir='ltr'>noque</span> <span class='ocrx_word' id='word_1_94' title='bbox 487 1756 640 1817; x_wconf 65' lang='lat' dir='ltr'>«munifica,</span> <span class='ocrx_word' id='word_1_95' title='bbox 658 1755 799 1819; x_wconf 77' lang='lat' dir='ltr'>benignae,</span> <span class='ocrx_word' id='word_1_96' title='bbox 838 1754 1036 1816; x_wconf 76' lang='lat' dir='ltr'>«cuiuscunque</span> <span class='ocrx_word' id='word_1_97' title='bbox 1069 1754 1185 1806; x_wconf 85' lang='lat' dir='ltr'>oonsulis</span> <span class='ocrx_word' id='word_1_98' title='bbox 1212 1769 1314 1809; x_wconf 90' lang='lat' dir='ltr'>nomen</span> <span class='ocrx_word' id='word_1_99' title='bbox 1339 1763 1367 1810; x_wconf 83' lang='lat' dir='ltr'>et</span> 
     </span>
     <span class='ocr_line' id='line_1_14' title="bbox 278 1828 1368 1897; baseline -0.002 -13"><span class='ocrx_word' id='word_1_100' title='bbox 278 1847 366 1897; x_wconf 87' lang='lat' dir='ltr'>nequa</span> <span class='ocrx_word' id='word_1_101' title='bbox 394 1834 473 1883; x_wconf 88' lang='lat' dir='ltr'>nimis</span> <span class='ocrx_word' id='word_1_102' title='bbox 501 1831 643 1881; x_wconf 80' lang='lat' dir='ltr'>artificiose</span> <span class='ocrx_word' id='word_1_103' title='bbox 672 1843 801 1881; x_wconf 78' lang='lat' dir='ltr'>«mecum</span> <span class='ocrx_word' id='word_1_104' title='bbox 838 1841 938 1879; x_wconf 84' lang='lat' dir='ltr'>aunum</span> <span class='ocrx_word' id='word_1_105' title='bbox 954 1828 1033 1879; x_wconf 73' lang='lat' dir='ltr'>lere.»</span> <span class='ocrx_word' id='word_1_106' title='bbox 1057 1856 1085 1866; x_wconf 92' lang='lat'><em>-</em></span> <span class='ocrx_word' id='word_1_107' title='bbox 1101 1830 1142 1881; x_wconf 76' lang='lat' dir='ltr'>Ad</span> <span class='ocrx_word' id='word_1_108' title='bbox 1158 1843 1237 1882; x_wconf 88' lang='lat' dir='ltr'>usum</span> <span class='ocrx_word' id='word_1_109' title='bbox 1249 1845 1293 1882; x_wconf 73' lang='lat' dir='ltr'>w.</span> <span class='ocrx_word' id='word_1_110' title='bbox 1307 1847 1368 1896; x_wconf 80' lang='lat' dir='ltr'>poo-</span> 
     </span>
     <span class='ocr_line' id='line_1_15' title="bbox 277 1901 1365 1974; baseline 0 -16"><span class='ocrx_word' id='word_1_111' title='bbox 277 1907 383 1974; x_wconf 82' lang='lat' dir='ltr'>piotatis</span> <span class='ocrx_word' id='word_1_112' title='bbox 408 1905 525 1970; x_wconf 88' lang='lat' dir='ltr'>quodam</span> <span class='ocrx_word' id='word_1_113' title='bbox 550 1917 620 1955; x_wconf 90' lang='lat' dir='ltr'>nexu</span> <span class='ocrx_word' id='word_1_114' title='bbox 645 1905 799 1965; x_wconf 78' lang='lat' dir='ltr'>coniuncta,</span> <span class='ocrx_word' id='word_1_115' title='bbox 837 1915 938 1964; x_wconf 77' lang='lat' dir='ltr'>cunque</span> <span class='ocrx_word' id='word_1_116' title='bbox 955 1903 1055 1952; x_wconf 80' lang='lat' dir='ltr'>nomine</span> <span class='ocrx_word' id='word_1_117' title='bbox 1071 1901 1118 1953; x_wconf 84' lang='lat' dir='ltr'>oir.</span> <span class='ocrx_word' id='word_1_118' title='bbox 1131 1905 1215 1954; x_wconf 87' lang='lat' dir='ltr'>Varro</span> <span class='ocrx_word' id='word_1_119' title='bbox 1227 1907 1277 1956; x_wconf 83' lang='lat' dir='ltr'>llll.</span> <span class='ocrx_word' id='word_1_120' title='bbox 1293 1909 1320 1967; x_wconf 87' lang='lat' dir='ltr'>l,</span> <span class='ocrx_word' id='word_1_121' title='bbox 1339 1909 1365 1968; x_wconf 82' lang='lat' dir='ltr'>l,</span> 
     </span>
     <span class='ocr_line' id='line_1_16' title="bbox 278 1976 1367 2033; baseline -0.001 -1"><span class='ocrx_word' id='word_1_122' title='bbox 278 1980 425 2033; x_wconf 87' lang='lat' dir='ltr'>cumidem</span> <span class='ocrx_word' id='word_1_123' title='bbox 441 1979 489 2029; x_wconf 87' lang='lat' dir='ltr'>tibi</span> <span class='ocrx_word' id='word_1_124' title='bbox 500 1980 534 2030; x_wconf 88' lang='lat' dir='ltr'>sit</span> <span class='ocrx_word' id='word_1_125' title='bbox 550 1991 636 2028; x_wconf 88' lang='lat' dir='ltr'>annus</span> <span class='ocrx_word' id='word_1_126' title='bbox 649 1977 799 2028; x_wconf 71' lang='lat' dir='ltr'>natalicius»</span> <span class='ocrx_word' id='word_1_127' title='bbox 838 1977 865 2028; x_wconf 83' lang='lat' dir='ltr'>e:</span> <span class='ocrx_word' id='word_1_128' title='bbox 883 1977 945 2026; x_wconf 88' lang='lat' dir='ltr'>Item</span> <span class='ocrx_word' id='word_1_129' title='bbox 955 1976 1094 2026; x_wconf 82' lang='lat' dir='ltr'>advenerer</span> <span class='ocrx_word' id='word_1_130' title='bbox 1100 1978 1243 2028; x_wconf 72' lang='lat' dir='ltr'>Mineruam</span> <span class='ocrx_word' id='word_1_131' title='bbox 1254 1985 1278 2030; x_wconf 84' lang='lat' dir='ltr'>et</span> <span class='ocrx_word' id='word_1_132' title='bbox 1292 1981 1367 2031; x_wconf 80' lang='lat' dir='ltr'>Vene-</span> 
     </span>
     <span class='ocr_line' id='line_1_17' title="bbox 277 2050 1366 2120; baseline -0.001 -14"><span class='ocrx_word' id='word_1_133' title='bbox 277 2053 505 2120; x_wconf 83' lang='lat' dir='ltr'>interpreteodum</span> <span class='ocrx_word' id='word_1_134' title='bbox 521 2051 644 2103; x_wconf 84' lang='lat' dir='ltr'>arbitror.</span> <span class='ocrx_word' id='word_1_135' title='bbox 667 2050 801 2102; x_wconf 86' lang='lat' dir='ltr'>Bentloius</span> <span class='ocrx_word' id='word_1_136' title='bbox 837 2063 903 2111; x_wconf 75' lang='lat' dir='ltr'>ren,</span> <span class='ocrx_word' id='word_1_137' title='bbox 930 2063 1040 2112; x_wconf 68' lang='lat' dir='ltr'>quarm</span> <span class='ocrx_word' id='word_1_138' title='bbox 1055 2053 1130 2101; x_wconf 72' lang='lat' dir='ltr'>retius</span> <span class='ocrx_word' id='word_1_139' title='bbox 1146 2055 1299 2114; x_wconf 77' lang='lat' dir='ltr'>procuratio</span> <span class='ocrx_word' id='word_1_140' title='bbox 1316 2056 1366 2105; x_wconf 86' lang='lat' dir='ltr'>oli-</span> 
     </span>
     <span class='ocr_line' id='line_1_18' title="bbox 276 2125 1367 2193; baseline -0.011 -13"><span class='ocrx_word' id='word_1_141' title='bbox 276 2131 401 2193; x_wconf 77' lang='lat' dir='ltr'>distingui</span> <span class='ocrx_word' id='word_1_142' title='bbox 423 2129 499 2180; x_wconf 83' lang='lat' dir='ltr'>iussit</span> <span class='ocrx_word' id='word_1_143' title='bbox 521 2126 590 2191; x_wconf 84' lang='lat' dir='ltr'>(vide</span> <span class='ocrx_word' id='word_1_144' title='bbox 614 2127 695 2176; x_wconf 82' lang='lat' dir='ltr'>etiem</span> <span class='ocrx_word' id='word_1_145' title='bbox 716 2126 801 2176; x_wconf 82' lang='lat' dir='ltr'>Cures</span> <span class='ocrx_word' id='word_1_146' title='bbox 836 2125 899 2186; x_wconf 81' lang='lat' dir='ltr'>veti,</span> <span class='ocrx_word' id='word_1_147' title='bbox 926 2125 1030 2175; x_wconf 67' lang='lat' dir='ltr'>elusim</span> <span class='ocrx_word' id='word_1_148' title='bbox 1045 2125 1187 2188; x_wconf 70' lang='lat' dir='ltr'>tortorem,</span> <span class='ocrx_word' id='word_1_149' title='bbox 1214 2141 1264 2190; x_wconf 78' lang='lat' dir='ltr'>quo</span> <span class='ocrx_word' id='word_1_150' title='bbox 1282 2131 1367 2179; x_wconf 67' lang='lat' dir='ltr'>m·-</span> 
     </span>
     <span class='ocr_line' id='line_1_19' title="bbox 277 2197 1367 2266; baseline -0.002 -12"><span class='ocrx_word' id='word_1_151' title='bbox 277 2205 391 2266; x_wconf 75' lang='lat' dir='ltr'>noviss.)</span> <span class='ocrx_word' id='word_1_152' title='bbox 434 2203 484 2252; x_wconf 84' lang='lat' dir='ltr'>Seu</span> <span class='ocrx_word' id='word_1_153' title='bbox 509 2202 609 2266; x_wconf 75' lang='lat' dir='ltr'>suellen</span> <span class='ocrx_word' id='word_1_154' title='bbox 634 2201 693 2263; x_wconf 82' lang='lat' dir='ltr'>pio,</span> <span class='ocrx_word' id='word_1_155' title='bbox 720 2204 799 2261; x_wconf 71' lang='lat' dir='ltr'>meto,</span> <span class='ocrx_word' id='word_1_156' title='bbox 837 2212 869 2248; x_wconf 83' lang='lat' dir='ltr'>ee</span> <span class='ocrx_word' id='word_1_157' title='bbox 890 2199 984 2262; x_wconf 86' lang='lat' dir='ltr'>(quam</span> <span class='ocrx_word' id='word_1_158' title='bbox 1006 2197 1041 2248; x_wconf 91' lang='lat' dir='ltr'>ob</span> <span class='ocrx_word' id='word_1_159' title='bbox 1063 2200 1185 2264; x_wconf 81' lang='lat' dir='ltr'>causam)</span> <span class='ocrx_word' id='word_1_160' title='bbox 1206 2204 1304 2252; x_wconf 68' lang='lat' dir='ltr'>melleo</span> <span class='ocrx_word' id='word_1_161' title='bbox 1324 2204 1367 2252; x_wconf 68' lang='lat' dir='ltr'>li-</span> 
     </span>
     <span class='ocr_line' id='line_1_20' title="bbox 276 2271 1366 2340; baseline 0 -13"><span class='ocrx_word' id='word_1_162' title='bbox 276 2291 397 2328; x_wconf 78' lang='lat' dir='ltr'>eomnmn.</span> <span class='ocrx_word' id='word_1_163' title='bbox 420 2277 476 2337; x_wconf 81' lang='lat' dir='ltr'>Qua</span> <span class='ocrx_word' id='word_1_164' title='bbox 493 2276 603 2340; x_wconf 90' lang='lat' dir='ltr'>quidem</span> <span class='ocrx_word' id='word_1_165' title='bbox 621 2275 799 2334; x_wconf 86' lang='lat' dir='ltr'>distinetione,</span> <span class='ocrx_word' id='word_1_166' title='bbox 837 2273 909 2322; x_wconf 82' lang='lat' dir='ltr'>nolio</span> <span class='ocrx_word' id='word_1_167' title='bbox 924 2273 1047 2322; x_wconf 78' lang='lat' dir='ltr'>institute.</span> <span class='ocrx_word' id='word_1_168' title='bbox 1077 2271 1143 2324; x_wconf 86' lang='lat' dir='ltr'>Nihil</span> <span class='ocrx_word' id='word_1_169' title='bbox 1165 2275 1293 2338; x_wconf 80' lang='lat' dir='ltr'>equidem</span> <span class='ocrx_word' id='word_1_170' title='bbox 1314 2276 1366 2327; x_wconf 86' lang='lat' dir='ltr'>dil-</span> 
     </span>
     <span class='ocr_line' id='line_1_21' title="bbox 277 2345 1366 2415; baseline -0.001 -14"><span class='ocrx_word' id='word_1_171' title='bbox 277 2353 307 2402; x_wconf 88' lang='grc' dir='ltr'>ιιι</span> <span class='ocrx_word' id='word_1_172' title='bbox 323 2364 406 2415; x_wconf 85' lang='lat' dir='ltr'>prope</span> <span class='ocrx_word' id='word_1_173' title='bbox 425 2349 562 2402; x_wconf 86' lang='lat' dir='ltr'>simillimis</span> <span class='ocrx_word' id='word_1_174' title='bbox 581 2351 644 2400; x_wconf 85' lang='lat' dir='ltr'>huie</span> <span class='ocrx_word' id='word_1_175' title='bbox 662 2348 801 2410; x_wconf 79' lang='lat' dir='ltr'>Croltianis</span> <span class='ocrx_word' id='word_1_176' title='bbox 838 2345 961 2397; x_wconf 88' lang='lat' dir='ltr'>lioultatls</span> <span class='ocrx_word' id='word_1_177' title='bbox 987 2347 1080 2407; x_wconf 80' lang='lat' dir='ltr'>video,</span> <span class='ocrx_word' id='word_1_178' title='bbox 1108 2347 1130 2397; x_wconf 87' lang='lat' dir='ltr'>sl</span> <span class='ocrx_word' id='word_1_179' title='bbox 1155 2348 1310 2412; x_wconf 79' lang='lat' dir='ltr'>iungamus,</span> <span class='ocrx_word' id='word_1_180' title='bbox 1338 2353 1366 2400; x_wconf 90' lang='lat' dir='ltr'>ut</span> 
     </span>
     <span class='ocr_line' id='line_1_22' title="bbox 277 2418 1367 2488; baseline -0.001 -13"><span class='ocrx_word' id='word_1_181' title='bbox 277 2423 415 2484; x_wconf 84' lang='lat' dir='ltr'>omnibus,</span> <span class='ocrx_word' id='word_1_182' title='bbox 434 2424 498 2474; x_wconf 87' lang='lat' dir='ltr'>nihil</span> <span class='ocrx_word' id='word_1_183' title='bbox 514 2436 625 2488; x_wconf 84' lang='lat' dir='ltr'>prorsus</span> <span class='ocrx_word' id='word_1_184' title='bbox 636 2422 754 2473; x_wconf 84' lang='lat' dir='ltr'>lucratur</span> <span class='ocrx_word' id='word_1_185' title='bbox 765 2421 802 2472; x_wconf 90' lang='lat' dir='ltr'>le-</span> <span class='ocrx_word' id='word_1_186' title='bbox 839 2419 912 2470; x_wconf 85' lang='lat' dir='ltr'>iubet</span> <span class='ocrx_word' id='word_1_187' title='bbox 928 2435 971 2470; x_wconf 84' lang='lat' dir='ltr'>vv.</span> <span class='ocrx_word' id='word_1_188' title='bbox 989 2418 1138 2471; x_wconf 85' lang='lat' dir='ltr'>collocatio:</span> <span class='ocrx_word' id='word_1_189' title='bbox 1159 2423 1367 2486; x_wconf 62' lang='lat' dir='ltr'>Quemquam</span> 
     </span>
     <span class='ocr_line' id='line_1_23' title="bbox 278 2494 1366 2562; baseline 0.001 -14"><span class='ocrx_word' id='word_1_190' title='bbox 278 2500 337 2549; x_wconf 88' lang='lat' dir='ltr'>otor</span> <span class='ocrx_word' id='word_1_191' title='bbox 354 2495 515 2560; x_wconf 82' lang='lat' dir='ltr'>intelligens;</span> <span class='ocrx_word' id='word_1_192' title='bbox 535 2509 597 2546; x_wconf 87' lang='lat' dir='ltr'>nam</span> <span class='ocrx_word' id='word_1_193' title='bbox 607 2498 709 2546; x_wconf 80' lang='lat' dir='ltr'>utrovis</span> <span class='ocrx_word' id='word_1_194' title='bbox 721 2495 801 2546; x_wconf 90' lang='lat' dir='ltr'>modo</span> <span class='ocrx_word' id='word_1_195' title='bbox 838 2495 905 2544; x_wconf 79' lang='lat' dir='ltr'>mine</span> <span class='ocrx_word' id='word_1_196' title='bbox 915 2495 1012 2557; x_wconf 64' lang='lat' dir='ltr'>lectum</span> <span class='ocrx_word' id='word_1_197' title='bbox 1028 2494 1117 2558; x_wconf 84' lang='lat' dir='ltr'>idest,</span> <span class='ocrx_word' id='word_1_198' title='bbox 1132 2509 1272 2560; x_wconf 74' lang='lat' dir='ltr'>«pressum</span> <span class='ocrx_word' id='word_1_199' title='bbox 1285 2501 1366 2562; x_wconf 86' lang='lat' dir='ltr'>atque</span> 
     </span>
     <span class='ocr_line' id='line_1_24' title="bbox 278 2569 1367 2636; baseline 0.002 -15"><span class='ocrx_word' id='word_1_200' title='bbox 278 2571 441 2632; x_wconf 81' lang='lat' dir='ltr'>distinxeris,</span> <span class='ocrx_word' id='word_1_201' title='bbox 454 2571 506 2620; x_wconf 88' lang='lat' dir='ltr'>hoo</span> <span class='ocrx_word' id='word_1_202' title='bbox 517 2570 582 2620; x_wconf 84' lang='lat' dir='ltr'>dicit</span> <span class='ocrx_word' id='word_1_203' title='bbox 593 2571 685 2634; x_wconf 77' lang='lat' dir='ltr'>poeta:</span> <span class='ocrx_word' id='word_1_204' title='bbox 706 2573 800 2629; x_wconf 80' lang='lat' dir='ltr'>«testa,</span> <span class='ocrx_word' id='word_1_205' title='bbox 839 2569 1009 2630; x_wconf 83' lang='lat' dir='ltr'>conditum»,</span> <span class='ocrx_word' id='word_1_206' title='bbox 1033 2583 1095 2620; x_wconf 86' lang='lat' dir='ltr'>oum</span> <span class='ocrx_word' id='word_1_207' title='bbox 1112 2581 1180 2620; x_wconf 87' lang='lat' dir='ltr'>uvae</span> <span class='ocrx_word' id='word_1_208' title='bbox 1197 2573 1308 2636; x_wconf 89' lang='lat' dir='ltr'>propria</span> <span class='ocrx_word' id='word_1_209' title='bbox 1326 2572 1367 2624; x_wconf 88' lang='lat' dir='ltr'>le-</span> 
     </span>
     <span class='ocr_line' id='line_1_25' title="bbox 277 2642 1365 2711; baseline 0.002 -15"><span class='ocrx_word' id='word_1_210' title='bbox 277 2659 347 2711; x_wconf 89' lang='lat' dir='ltr'>quae</span> <span class='ocrx_word' id='word_1_211' title='bbox 373 2646 418 2707; x_wconf 81' lang='lat' dir='ltr'>pto</span> <span class='ocrx_word' id='word_1_212' title='bbox 446 2645 542 2694; x_wconf 87' lang='lat' dir='ltr'>merito</span> <span class='ocrx_word' id='word_1_213' title='bbox 567 2642 749 2708; x_wconf 72' lang='lat' dir='ltr'>appellatore,</span> <span class='ocrx_word' id='word_1_214' title='bbox 780 2645 801 2694; x_wconf 90' lang='lat' dir='ltr'>si</span> <span class='ocrx_word' id='word_1_215' title='bbox 839 2647 947 2709; x_wconf 64' lang='lat' dir='ltr'>gentum</span> <span class='ocrx_word' id='word_1_216' title='bbox 966 2645 1004 2694; x_wconf 89' lang='lat' dir='ltr'>sic</span> <span class='ocrx_word' id='word_1_217' title='bbox 1017 2645 1089 2694; x_wconf 90' lang='lat' dir='ltr'>enim</span> <span class='ocrx_word' id='word_1_218' title='bbox 1100 2643 1246 2696; x_wconf 90' lang='lat' dir='ltr'>admodum</span> <span class='ocrx_word' id='word_1_219' title='bbox 1258 2649 1365 2710; x_wconf 72' lang='lat' dir='ltr'>poetioe</span> 
     </span>
     <span class='ocr_line' id='line_1_26' title="bbox 278 2718 1366 2784; baseline -0.003 -12"><span class='ocrx_word' id='word_1_220' title='bbox 278 2719 383 2772; x_wconf 87' lang='lat' dir='ltr'>iaoilem</span> <span class='ocrx_word' id='word_1_221' title='bbox 399 2718 614 2771; x_wconf 83' lang='lat' dir='ltr'>nobissomnum</span> <span class='ocrx_word' id='word_1_222' title='bbox 631 2718 800 2768; x_wconf 82' lang='lat' dir='ltr'>adduxeris.»</span> <span class='ocrx_word' id='word_1_223' title='bbox 839 2719 981 2782; x_wconf 80' lang='lat' dir='ltr'>signifieat,</span> <span class='ocrx_word' id='word_1_224' title='bbox 1008 2719 1059 2768; x_wconf 90' lang='lat' dir='ltr'>iam</span> <span class='ocrx_word' id='word_1_225' title='bbox 1087 2731 1120 2768; x_wconf 92' lang='lat' dir='ltr'>eo</span> <span class='ocrx_word' id='word_1_226' title='bbox 1147 2720 1285 2784; x_wconf 87' lang='lat' dir='ltr'>tempore,</span> <span class='ocrx_word' id='word_1_227' title='bbox 1313 2735 1366 2784; x_wconf 87' lang='lat' dir='ltr'>qno</span> 
     </span>
    </p>
   </div>
   <div class='ocr_carea' id='block_1_5' title="bbox 276 2792 1476 2857">
    <p class='ocr_par' dir='ltr' id='par_1_5' title="bbox 276 2792 1476 2857">
     <span class='ocr_line' id='line_1_27' title="bbox 276 2792 1476 2857; baseline 0.001 -12"><span class='ocrx_word' id='word_1_228' title='bbox 276 2796 377 2845; x_wconf 87' lang='lat' dir='ltr'>Verum</span> <span class='ocrx_word' id='word_1_229' title='bbox 397 2793 448 2856; x_wconf 87' lang='lat' dir='ltr'>ille,</span> <span class='ocrx_word' id='word_1_230' title='bbox 467 2796 497 2844; x_wconf 93' lang='lat' dir='ltr'>ut</span> <span class='ocrx_word' id='word_1_231' title='bbox 515 2793 683 2846; x_wconf 87' lang='lat' dir='ltr'>acutissimus</span> <span class='ocrx_word' id='word_1_232' title='bbox 700 2792 801 2857; x_wconf 75' lang='lat' dir='ltr'>logicae</span> <span class='ocrx_word' id='word_1_233' title='bbox 839 2793 975 2844; x_wconf 87' lang='lat' dir='ltr'>conditum</span> <span class='ocrx_word' id='word_1_234' title='bbox 996 2794 1031 2844; x_wconf 88' lang='lat' dir='ltr'>sit</span> <span class='ocrx_word' id='word_1_235' title='bbox 1049 2794 1155 2854; x_wconf 83' lang='lat' dir='ltr'>vinum,</span> <span class='ocrx_word' id='word_1_236' title='bbox 1183 2797 1287 2846; x_wconf 84' lang='lat' dir='ltr'>certam</span> <span class='ocrx_word' id='word_1_237' title='bbox 1309 2797 1366 2848; x_wconf 87' lang='lat' dir='ltr'>eius</span> <span class='ocrx_word' id='word_1_238' title='bbox 1472 2828 1476 2838; x_wconf 79' lang='lat'>·</span> 
     </span>
    </p>
   </div>
   <div class='ocr_carea' id='block_1_6' title="bbox 275 2867 1367 4343">
    <p class='ocr_par' dir='ltr' id='par_1_6' title="bbox 275 2867 1367 4343">
     <span class='ocr_line' id='line_1_28' title="bbox 277 2867 1367 2932; baseline 0.003 -14"><span class='ocrx_word' id='word_1_239' title='bbox 277 2870 452 2919; x_wconf 71' lang='lat' dir='ltr'>deaurationis</span> <span class='ocrx_word' id='word_1_240' title='bbox 470 2871 528 2919; x_wconf 86' lang='lat' dir='ltr'>erat</span> <span class='ocrx_word' id='word_1_241' title='bbox 543 2868 694 2932; x_wconf 78' lang='lat' dir='ltr'>indagator,</span> <span class='ocrx_word' id='word_1_242' title='bbox 716 2868 803 2918; x_wconf 86' lang='lat' dir='ltr'>olien-</span> <span class='ocrx_word' id='word_1_243' title='bbox 839 2870 867 2919; x_wconf 84' lang='lat' dir='ltr'>et</span> <span class='ocrx_word' id='word_1_244' title='bbox 882 2867 1081 2932; x_wconf 82' lang='lat' dir='ltr'>quodammodo</span> <span class='ocrx_word' id='word_1_245' title='bbox 1098 2867 1204 2918; x_wconf 78' lang='lat' dir='ltr'>letalem</span> <span class='ocrx_word' id='word_1_246' title='bbox 1222 2869 1306 2920; x_wconf 83' lang='lat' dir='ltr'>luisse</span> <span class='ocrx_word' id='word_1_247' title='bbox 1321 2869 1367 2921; x_wconf 86' lang='lat' dir='ltr'>de-</span> 
     </span>
     <span class='ocr_line' id='line_1_29' title="bbox 278 2941 1364 3009; baseline 0.003 -17"><span class='ocrx_word' id='word_1_248' title='bbox 278 2943 352 2992; x_wconf 86' lang='lat' dir='ltr'>ditia</span> <span class='ocrx_word' id='word_1_249' title='bbox 364 2941 494 3009; x_wconf 73' lang='grc' dir='ltr'>ἐπιθέτῳ,</span> <span class='ocrx_word' id='word_1_250' title='bbox 513 2943 585 3007; x_wconf 90' lang='lat' dir='ltr'>quod</span> <span class='ocrx_word' id='word_1_251' title='bbox 597 2943 654 2994; x_wconf 88' lang='lat' dir='ltr'>sine</span> <span class='ocrx_word' id='word_1_252' title='bbox 667 2943 801 2992; x_wconf 82' lang='lat' dir='ltr'>commate</span> <span class='ocrx_word' id='word_1_253' title='bbox 838 2942 1021 3001; x_wconf 87' lang='lat' dir='ltr'>stlnatiouam;</span> <span class='ocrx_word' id='word_1_254' title='bbox 1049 2944 1140 2992; x_wconf 86' lang='lat' dir='ltr'>contre</span> <span class='ocrx_word' id='word_1_255' title='bbox 1161 2941 1271 3007; x_wconf 74' lang='lat' dir='ltr'>languet</span> <span class='ocrx_word' id='word_1_256' title='bbox 1288 2943 1364 2995; x_wconf 89' lang='lat' dir='ltr'>illud:</span> 
     </span>
     <span class='ocr_line' id='line_1_30' title="bbox 277 3015 1367 3081; baseline 0.003 -15"><span class='ocrx_word' id='word_1_257' title='bbox 277 3015 320 3067; x_wconf 93' lang='lat' dir='ltr'>illo</span> <span class='ocrx_word' id='word_1_258' title='bbox 337 3019 468 3081; x_wconf 87' lang='lat' dir='ltr'>potuisset</span> <span class='ocrx_word' id='word_1_259' title='bbox 484 3017 568 3068; x_wconf 86' lang='lat' dir='ltr'>videri</span> <span class='ocrx_word' id='word_1_260' title='bbox 585 3016 628 3067; x_wconf 83' lang='lat' dir='ltr'>vel</span> <span class='ocrx_word' id='word_1_261' title='bbox 646 3029 744 3067; x_wconf 88' lang='lat' dir='ltr'>ornans</span> <span class='ocrx_word' id='word_1_262' title='bbox 765 3017 802 3079; x_wconf 87' lang='grc' dir='ltr'>(ιιι</span> <span class='ocrx_word' id='word_1_263' title='bbox 838 3029 985 3079; x_wconf 78' lang='lat' dir='ltr'>quoeunque</span> <span class='ocrx_word' id='word_1_264' title='bbox 1005 3017 1104 3066; x_wconf 77' lang='lat' dir='ltr'>nornine</span> <span class='ocrx_word' id='word_1_265' title='bbox 1124 3029 1210 3066; x_wconf 75' lang='lat' dir='ltr'>seruos</span> <span class='ocrx_word' id='word_1_266' title='bbox 1229 3019 1367 3069; x_wconf 71' lang='lat' dir='ltr'>messem</span> 
     </span>
     <span class='ocr_line' id='line_1_31' title="bbox 277 3089 1366 3155; baseline 0.004 -15"><span class='ocrx_word' id='word_1_267' title='bbox 277 3092 356 3155; x_wconf 79' lang='lat' dir='ltr'>aiuntl</span> <span class='ocrx_word' id='word_1_268' title='bbox 375 3091 520 3153; x_wconf 82' lang='lat' dir='ltr'>dumtaxat,</span> <span class='ocrx_word' id='word_1_269' title='bbox 538 3090 581 3141; x_wconf 87' lang='lat' dir='ltr'>vel</span> <span class='ocrx_word' id='word_1_270' title='bbox 598 3092 678 3142; x_wconf 89' lang='lat' dir='ltr'>etiam</span> <span class='ocrx_word' id='word_1_271' title='bbox 694 3089 798 3152; x_wconf 84' lang='lat' dir='ltr'>laisum,</span> <span class='ocrx_word' id='word_1_272' title='bbox 838 3091 935 3140; x_wconf 76' lang='lat' dir='ltr'>lectum⁸</span> <span class='ocrx_word' id='word_1_273' title='bbox 957 3113 984 3126; x_wconf 91' lang='lat'>·-</span> <span class='ocrx_word' id='word_1_274' title='bbox 1005 3091 1105 3140; x_wconf 81' lang='lat' dir='ltr'>Lectum</span> <span class='ocrx_word' id='word_1_275' title='bbox 1125 3092 1217 3155; x_wconf 88' lang='lat' dir='ltr'>utique</span> <span class='ocrx_word' id='word_1_276' title='bbox 1229 3095 1273 3142; x_wconf 86' lang='lat' dir='ltr'>est</span> <span class='ocrx_word' id='word_1_277' title='bbox 1285 3107 1366 3144; x_wconf 69' lang='lat' dir='ltr'>econ-</span> 
     </span>
     <span class='ocr_line' id='line_1_32' title="bbox 277 3163 1366 3229; baseline 0.001 -13"><span class='ocrx_word' id='word_1_278' title='bbox 277 3167 339 3229; x_wconf 93' lang='lat' dir='ltr'>quia</span> <span class='ocrx_word' id='word_1_279' title='bbox 360 3167 473 3228; x_wconf 74' lang='lat' dir='ltr'>querelas</span> <span class='ocrx_word' id='word_1_280' title='bbox 494 3167 522 3215; x_wconf 91' lang='lat' dir='ltr'>et</span> <span class='ocrx_word' id='word_1_281' title='bbox 537 3166 612 3214; x_wconf 73' lang='lat' dir='ltr'>riam</span> <span class='ocrx_word' id='word_1_282' title='bbox 628 3166 724 3228; x_wconf 80' lang='lat' dir='ltr'>gerunt</span> <span class='ocrx_word' id='word_1_283' title='bbox 740 3163 799 3215; x_wconf 84' lang='lat' dir='ltr'>cadi</span> <span class='ocrx_word' id='word_1_284' title='bbox 838 3164 956 3226; x_wconf 74' lang='lat' dir='ltr'>ditum»,</span> <span class='ocrx_word' id='word_1_285' title='bbox 977 3177 1031 3214; x_wconf 91' lang='lat' dir='ltr'>non</span> <span class='ocrx_word' id='word_1_286' title='bbox 1049 3163 1209 3226; x_wconf 80' lang='lat' dir='ltr'>«electum»,</span> <span class='ocrx_word' id='word_1_287' title='bbox 1229 3168 1259 3216; x_wconf 89' lang='lat' dir='ltr'>ut</span> <span class='ocrx_word' id='word_1_288' title='bbox 1275 3165 1366 3217; x_wconf 82' lang='lat' dir='ltr'>volunt</span> 
     </span>
     <span class='ocr_line' id='line_1_33' title="bbox 275 3233 1367 3304; baseline 0 -12"><span class='ocrx_word' id='word_1_289' title='bbox 275 3242 386 3304; x_wconf 81' lang='lat' dir='ltr'>eoepit,</span> <span class='ocrx_word' id='word_1_290' title='bbox 399 3240 614 3290; x_wconf 87' lang='lat' dir='ltr'>vehementiores</span> <span class='ocrx_word' id='word_1_291' title='bbox 627 3241 707 3290; x_wconf 84' lang='lat' dir='ltr'>eliam</span> <span class='ocrx_word' id='word_1_292' title='bbox 719 3239 799 3300; x_wconf 65' lang='lat' dir='ltr'>inpii.</span> <span class='ocrx_word' id='word_1_293' title='bbox 835 3233 994 3290; x_wconf 83' lang='lat' dir='ltr'>Sanadonus</span> <span class='ocrx_word' id='word_1_294' title='bbox 1011 3237 1220 3290; x_wconf 85' lang='lat' dir='ltr'>etForeellious.</span> <span class='ocrx_word' id='word_1_295' title='bbox 1239 3265 1268 3276; x_wconf 92' lang='grc'>-</span> <span class='ocrx_word' id='word_1_296' title='bbox 1291 3241 1367 3292; x_wconf 83' lang='lat' dir='ltr'>Cete-</span> 
     </span>
     <span class='ocr_line' id='line_1_34' title="bbox 309 3311 1364 3377; baseline -0.001 -11"><span class='ocrx_word' id='word_1_297' title='bbox 309 3317 334 3366; x_wconf 81' lang='grc' dir='ltr'>ιι.</span> <span class='ocrx_word' id='word_1_298' title='bbox 362 3317 538 3377; x_wconf 74' lang='lat' dir='ltr'>Qeoemqoe-</span> <span class='ocrx_word' id='word_1_299' title='bbox 551 3312 662 3377; x_wconf 78' lang='lat' dir='ltr'>nornine]</span> <span class='ocrx_word' id='word_1_300' title='bbox 690 3311 802 3374; x_wconf 76' lang='lat' dir='ltr'>«Quod-</span> <span class='ocrx_word' id='word_1_301' title='bbox 838 3325 898 3362; x_wconf 83' lang='lat' dir='ltr'>nrm</span> <span class='ocrx_word' id='word_1_302' title='bbox 924 3312 1059 3375; x_wconf 85' lang='lat' dir='ltr'>speciosa,</span> <span class='ocrx_word' id='word_1_303' title='bbox 1089 3325 1143 3363; x_wconf 90' lang='lat' dir='ltr'>nou</span> <span class='ocrx_word' id='word_1_304' title='bbox 1170 3315 1261 3364; x_wconf 78' lang='lat' dir='ltr'>tamen</span> <span class='ocrx_word' id='word_1_305' title='bbox 1288 3329 1364 3375; x_wconf 81' lang='lat' dir='ltr'>vem,</span> 
     </span>
     <span class='ocr_line' id='line_1_35' title="bbox 277 3383 1365 3453; baseline -0.002 -13"><span class='ocrx_word' id='word_1_306' title='bbox 277 3402 382 3453; x_wconf 86' lang='lat' dir='ltr'>cunque</span> <span class='ocrx_word' id='word_1_307' title='bbox 400 3388 510 3438; x_wconf 87' lang='lat' dir='ltr'>taudem</span> <span class='ocrx_word' id='word_1_308' title='bbox 527 3385 644 3438; x_wconf 82' lang='lat' dir='ltr'>officium</span> <span class='ocrx_word' id='word_1_309' title='bbox 661 3387 715 3436; x_wconf 90' lang='lat' dir='ltr'>lato</span> <span class='ocrx_word' id='word_1_310' title='bbox 732 3399 802 3451; x_wconf 90' lang='lat' dir='ltr'>quo·</span> <span class='ocrx_word' id='word_1_311' title='bbox 838 3389 880 3438; x_wconf 87' lang='lat' dir='ltr'>est</span> <span class='ocrx_word' id='word_1_312' title='bbox 910 3383 989 3436; x_wconf 84' lang='lat' dir='ltr'>lectio</span> <span class='ocrx_word' id='word_1_313' title='bbox 1018 3386 1123 3437; x_wconf 81' lang='lat' dir='ltr'>Codicis</span> <span class='ocrx_word' id='word_1_314' title='bbox 1148 3388 1168 3438; x_wconf 87' lang='grc' dir='ltr'><strong>Β</strong></span> <span class='ocrx_word' id='word_1_315' title='bbox 1189 3389 1365 3452; x_wconf 82' lang='lat' dir='ltr'>antiquissimi</span> 
     </span>
     <span class='ocr_line' id='line_1_36' title="bbox 276 3459 1131 3523; baseline -0.005 -9"><span class='ocrx_word' id='word_1_316' title='bbox 276 3463 340 3515; x_wconf 88' lang='lat' dir='ltr'>dam</span> <span class='ocrx_word' id='word_1_317' title='bbox 356 3462 402 3513; x_wconf 89' lang='lat' dir='ltr'>tibi</span> <span class='ocrx_word' id='word_1_318' title='bbox 424 3461 553 3513; x_wconf 85' lang='lat' dir='ltr'>tributum</span> <span class='ocrx_word' id='word_1_319' title='bbox 573 3463 627 3523; x_wconf 83' lang='lat' dir='ltr'>ost,</span> <span class='ocrx_word' id='word_1_320' title='bbox 653 3462 683 3510; x_wconf 91' lang='lat' dir='ltr'>ut</span> <span class='ocrx_word' id='word_1_321' title='bbox 700 3461 801 3511; x_wconf 84' lang='lat' dir='ltr'>exeita·</span> <span class='ocrx_word' id='word_1_322' title='bbox 838 3459 1004 3523; x_wconf 89' lang='lat' dir='ltr'>aliorumque</span> <span class='ocrx_word' id='word_1_323' title='bbox 1020 3461 1131 3511; x_wconf 73' lang='lat' dir='ltr'>omnine.</span> 
     </span>
     <span class='ocr_line' id='line_1_37' title="bbox 276 3533 1365 3601; baseline -0.001 -13"><span class='ocrx_word' id='word_1_324' title='bbox 276 3551 320 3588; x_wconf 88' lang='lat' dir='ltr'>res</span> <span class='ocrx_word' id='word_1_325' title='bbox 337 3535 477 3601; x_wconf 79' lang='lat' dir='ltr'>aliquando</span> <span class='ocrx_word' id='word_1_326' title='bbox 492 3549 576 3588; x_wconf 90' lang='lat' dir='ltr'>unum</span> <span class='ocrx_word' id='word_1_327' title='bbox 587 3536 734 3588; x_wconf 82' lang='lat' dir='ltr'>alterumve</span> <span class='ocrx_word' id='word_1_328' title='bbox 746 3533 802 3586; x_wconf 90' lang='lat' dir='ltr'>illo-</span> <span class='ocrx_word' id='word_1_329' title='bbox 871 3534 927 3586; x_wconf 81' lang='lat'><strong>6-8.</strong></span> <span class='ocrx_word' id='word_1_330' title='bbox 944 3535 1048 3600; x_wconf 76' lang='lat' dir='ltr'>mosen]</span> <span class='ocrx_word' id='word_1_331' title='bbox 1069 3537 1164 3586; x_wconf 74' lang='lat' dir='ltr'>«Tanto</span> <span class='ocrx_word' id='word_1_332' title='bbox 1182 3539 1257 3587; x_wconf 86' lang='lat' dir='ltr'>oerte</span> <span class='ocrx_word' id='word_1_333' title='bbox 1276 3549 1308 3589; x_wconf 85' lang='lat' dir='ltr'>es</span> <span class='ocrx_word' id='word_1_334' title='bbox 1319 3537 1365 3587; x_wconf 85' lang='lat' dir='ltr'>bo·</span> 
     </span>
     <span class='ocr_line' id='line_1_38' title="bbox 276 3609 1363 3675; baseline 0.003 -15"><span class='ocrx_word' id='word_1_335' title='bbox 276 3623 336 3661; x_wconf 87' lang='lat' dir='ltr'>rum</span> <span class='ocrx_word' id='word_1_336' title='bbox 361 3611 520 3673; x_wconf 77' lang='lat' dir='ltr'>affectuum,</span> <span class='ocrx_word' id='word_1_337' title='bbox 547 3623 616 3674; x_wconf 83' lang='lat' dir='ltr'>quos</span> <span class='ocrx_word' id='word_1_338' title='bbox 640 3609 799 3674; x_wconf 79' lang='lat' dir='ltr'>significavi,</span> <span class='ocrx_word' id='word_1_339' title='bbox 838 3609 933 3669; x_wconf 79' lang='lat' dir='ltr'>nitate.</span> <span class='ocrx_word' id='word_1_340' title='bbox 951 3611 982 3659; x_wconf 91' lang='grc' dir='ltr'>ιιι</span> <span class='ocrx_word' id='word_1_341' title='bbox 998 3609 1078 3675; x_wconf 81' lang='lat' dir='ltr'>digna</span> <span class='ocrx_word' id='word_1_342' title='bbox 1095 3610 1145 3672; x_wconf 86' lang='lat' dir='ltr'>sis,</span> <span class='ocrx_word' id='word_1_343' title='bbox 1164 3623 1234 3674; x_wconf 85' lang='lat' dir='ltr'>quae</span> <span class='ocrx_word' id='word_1_344' title='bbox 1252 3611 1363 3663; x_wconf 86' lang='lat' dir='ltr'>hoodie</span> 
     </span>
     <span class='ocr_line' id='line_1_39' title="bbox 275 3682 1363 3750; baseline -0.004 -15"><span class='ocrx_word' id='word_1_345' title='bbox 275 3682 506 3735; x_wconf 82' lang='lat' dir='ltr'>velallosetiam»</span> <span class='ocrx_word' id='word_1_346' title='bbox 531 3684 726 3748; x_wconf 73' lang='lat' dir='ltr'>(progrediente</span> <span class='ocrx_word' id='word_1_347' title='bbox 738 3697 802 3734; x_wconf 86' lang='lat' dir='ltr'>sen·</span> <span class='ocrx_word' id='word_1_348' title='bbox 838 3683 924 3735; x_wconf 82' lang='lat' dir='ltr'>lausto</span> <span class='ocrx_word' id='word_1_349' title='bbox 950 3684 1119 3736; x_wconf 85' lang='lat' dir='ltr'>demovearis</span> <span class='ocrx_word' id='word_1_350' title='bbox 1145 3697 1176 3734; x_wconf 86' lang='lat' dir='ltr'>ex</span> <span class='ocrx_word' id='word_1_351' title='bbox 1203 3687 1363 3750; x_wconf 74' lang='lat' dir='ltr'>apotheca..</span> 
     </span>
     <span class='ocr_line' id='line_1_40' title="bbox 277 3757 1362 3822; baseline 0.004 -14"><span class='ocrx_word' id='word_1_352' title='bbox 277 3758 358 3808; x_wconf 89' lang='lat' dir='ltr'>tentia</span> <span class='ocrx_word' id='word_1_353' title='bbox 375 3757 428 3806; x_wconf 81' lang='lat' dir='ltr'>ianr</span> <span class='ocrx_word' id='word_1_354' title='bbox 445 3758 558 3819; x_wconf 70' lang='lat' dir='ltr'>querum</span> <span class='ocrx_word' id='word_1_355' title='bbox 574 3759 801 3810; x_wconf 69' lang='lat' dir='ltr'>etrieeemissas</span> <span class='ocrx_word' id='word_1_356' title='bbox 839 3757 922 3822; x_wconf 87' lang='lat' dir='ltr'>Epod.</span> <span class='ocrx_word' id='word_1_357' title='bbox 945 3758 990 3820; x_wconf 78' lang='grc'>43,</span> <span class='ocrx_word' id='word_1_358' title='bbox 1017 3759 1046 3809; x_wconf 83' lang='lat'>6:</span> <span class='ocrx_word' id='word_1_359' title='bbox 1078 3759 1308 3812; x_wconf 75' lang='lat' dir='ltr'>Tovem-move.</span> <span class='ocrx_word' id='word_1_360' title='bbox 1337 3787 1362 3796; x_wconf 98' lang='lat'>-</span> 
     </span>
     <span class='ocr_line' id='line_1_41' title="bbox 276 3830 1363 3899; baseline 0 -15"><span class='ocrx_word' id='word_1_361' title='bbox 276 3833 346 3894; x_wconf 83' lang='lat' dir='ltr'>iacit,</span> <span class='ocrx_word' id='word_1_362' title='bbox 359 3831 473 3895; x_wconf 57' lang='lat' dir='ltr'>patiore</span> <span class='ocrx_word' id='word_1_363' title='bbox 482 3830 620 3882; x_wconf 89' lang='lat' dir='ltr'>dumtaxat</span> <span class='ocrx_word' id='word_1_364' title='bbox 630 3835 720 3882; x_wconf 89' lang='lat' dir='ltr'>mente</span> <span class='ocrx_word' id='word_1_365' title='bbox 729 3845 803 3883; x_wconf 88' lang='lat' dir='ltr'>eom-</span> <span class='ocrx_word' id='word_1_366' title='bbox 838 3833 937 3896; x_wconf 76' lang='lat' dir='ltr'>Diprtue</span> <span class='ocrx_word' id='word_1_367' title='bbox 953 3835 1044 3884; x_wconf 86' lang='lat' dir='ltr'>autem</span> <span class='ocrx_word' id='word_1_368' title='bbox 1066 3845 1130 3884; x_wconf 88' lang='lat' dir='ltr'>eum</span> <span class='ocrx_word' id='word_1_369' title='bbox 1153 3833 1246 3884; x_wconf 83' lang='lat' dir='ltr'>induli.</span> <span class='ocrx_word' id='word_1_370' title='bbox 1273 3837 1363 3899; x_wconf 83' lang='lat' dir='ltr'>poste-</span> 
     </span>
     <span class='ocr_line' id='line_1_42' title="bbox 277 3905 1361 3972; baseline 0 -16"><span class='ocrx_word' id='word_1_371' title='bbox 277 3905 389 3972; x_wconf 83' lang='lat' dir='ltr'>plexus);</span> <span class='ocrx_word' id='word_1_372' title='bbox 408 3917 469 3955; x_wconf 89' lang='lat' dir='ltr'>seu:</span> <span class='ocrx_word' id='word_1_373' title='bbox 492 3917 696 3970; x_wconf 80' lang='lat' dir='ltr'>«quameunque</span> <span class='ocrx_word' id='word_1_374' title='bbox 713 3906 747 3956; x_wconf 91' lang='lat' dir='ltr'>ad</span> <span class='ocrx_word' id='word_1_375' title='bbox 762 3905 802 3956; x_wconf 87' lang='lat' dir='ltr'>ei·</span> <span class='ocrx_word' id='word_1_376' title='bbox 839 3905 909 3956; x_wconf 87' lang='lat' dir='ltr'>riore</span> <span class='ocrx_word' id='word_1_377' title='bbox 923 3907 1044 3971; x_wconf 89' lang='lat' dir='ltr'>tempore</span> <span class='ocrx_word' id='word_1_378' title='bbox 1070 3907 1152 3958; x_wconf 86' lang='lat' dir='ltr'>etiam</span> <span class='ocrx_word' id='word_1_379' title='bbox 1176 3909 1203 3958; x_wconf 89' lang='lat' dir='ltr'>in</span> <span class='ocrx_word' id='word_1_380' title='bbox 1225 3921 1306 3972; x_wconf 84' lang='lat' dir='ltr'>prose</span> <span class='ocrx_word' id='word_1_381' title='bbox 1324 3921 1361 3959; x_wconf 87' lang='lat' dir='ltr'>or.</span> 
     </span>
     <span class='ocr_line' id='line_1_43' title="bbox 277 3979 1359 4044; baseline 0 -14"><span class='ocrx_word' id='word_1_382' title='bbox 277 3981 377 4031; x_wconf 88' lang='lat' dir='ltr'>leolum</span> <span class='ocrx_word' id='word_1_383' title='bbox 388 3979 579 4043; x_wconf 85' lang='lat' dir='ltr'>praestandum</span> <span class='ocrx_word' id='word_1_384' title='bbox 588 3979 751 4031; x_wconf 85' lang='lat' dir='ltr'>destinatum</span> <span class='ocrx_word' id='word_1_385' title='bbox 760 3982 802 4032; x_wconf 89' lang='lat' dir='ltr'>est</span> <span class='ocrx_word' id='word_1_386' title='bbox 840 3981 962 4044; x_wconf 74' lang='lat' dir='ltr'>iungitur.</span> <span class='ocrx_word' id='word_1_387' title='bbox 981 3981 1082 4031; x_wconf 78' lang='lat' dir='ltr'>Seneca</span> <span class='ocrx_word' id='word_1_388' title='bbox 1095 3979 1129 4030; x_wconf 87' lang='lat' dir='ltr'>do</span> <span class='ocrx_word' id='word_1_389' title='bbox 1141 3980 1231 4032; x_wconf 85' lang='lat' dir='ltr'>Benei.</span> <span class='ocrx_word' id='word_1_390' title='bbox 1244 3981 1268 4042; x_wconf 87' lang='lat' dir='ltr'>l,</span> <span class='ocrx_word' id='word_1_391' title='bbox 1279 3984 1304 4040; x_wconf 84' lang='lat' dir='ltr'>l,</span> <span class='ocrx_word' id='word_1_392' title='bbox 1317 3982 1359 4030; x_wconf 84' lang='lat' dir='ltr'>lo:</span> 
     </span>
     <span class='ocr_line' id='line_1_44' title="bbox 276 4053 1361 4119; baseline -0.002 -13"><span class='ocrx_word' id='word_1_393' title='bbox 276 4055 419 4106; x_wconf 80' lang='lat' dir='ltr'>Massicum</span> <span class='ocrx_word' id='word_1_394' title='bbox 446 4053 636 4119; x_wconf 76' lang='lat' dir='ltr'>(Campanum,</span> <span class='ocrx_word' id='word_1_395' title='bbox 655 4053 703 4104; x_wconf 91' lang='lat' dir='ltr'>Od.</span> <span class='ocrx_word' id='word_1_396' title='bbox 728 4056 799 4116; x_wconf 82' lang='grc' dir='ltr'>ι’,ι,</span> <span class='ocrx_word' id='word_1_397' title='bbox 840 4055 929 4119; x_wconf 57' lang='lat' dir='ltr'>manue</span> <span class='ocrx_word' id='word_1_398' title='bbox 948 4061 983 4105; x_wconf 82' lang='lat' dir='ltr'>eet</span> <span class='ocrx_word' id='word_1_399' title='bbox 999 4056 1087 4118; x_wconf 69' lang='lat' dir='ltr'>decipi.</span> <span class='ocrx_word' id='word_1_400' title='bbox 1117 4079 1144 4092; x_wconf 93' lang='lat'>-</span> <span class='ocrx_word' id='word_1_401' title='bbox 1171 4056 1313 4117; x_wconf 77' lang='lat' dir='ltr'>Descende]</span> <span class='ocrx_word' id='word_1_402' title='bbox 1332 4067 1361 4104; x_wconf 81' lang='lat' dir='ltr'>ex</span> 
     </span>
     <span class='ocr_line' id='line_1_45' title="bbox 277 4125 1359 4193; baseline 0 -17"><span class='ocrx_word' id='word_1_403' title='bbox 277 4127 337 4188; x_wconf 69' lang='lat' dir='ltr'>tel,</span> <span class='ocrx_word' id='word_1_404' title='bbox 356 4126 428 4190; x_wconf 90' lang='lat' dir='ltr'>quod</span> <span class='ocrx_word' id='word_1_405' title='bbox 445 4125 594 4177; x_wconf 79' lang='lat' dir='ltr'>contines.»</span> <span class='ocrx_word' id='word_1_406' title='bbox 620 4128 725 4179; x_wconf 85' lang='lat' dir='ltr'>lleoum</span> <span class='ocrx_word' id='word_1_407' title='bbox 739 4127 803 4180; x_wconf 85' lang='lat' dir='ltr'>lacit</span> <span class='ocrx_word' id='word_1_408' title='bbox 839 4129 930 4179; x_wconf 88' lang='lat' dir='ltr'>horrei</span> <span class='ocrx_word' id='word_1_409' title='bbox 946 4130 1002 4180; x_wconf 87' lang='lat' dir='ltr'>sive</span> <span class='ocrx_word' id='word_1_410' title='bbox 1020 4129 1166 4193; x_wconf 87' lang='lat' dir='ltr'>apotheoae</span> <span class='ocrx_word' id='word_1_411' title='bbox 1184 4131 1241 4180; x_wconf 82' lang='lat' dir='ltr'>siue</span> <span class='ocrx_word' id='word_1_412' title='bbox 1257 4129 1359 4180; x_wconf 87' lang='lat' dir='ltr'>lumarii</span> 
     </span>
     <span class='ocr_line' id='line_1_46' title="bbox 276 4199 1357 4268; baseline 0.001 -18"><span class='ocrx_word' id='word_1_413' title='bbox 276 4201 380 4251; x_wconf 79' lang='lat' dir='ltr'>thlrer</span> <span class='ocrx_word' id='word_1_414' title='bbox 408 4199 556 4265; x_wconf 82' lang='lat' dir='ltr'>explicans:</span> <span class='ocrx_word' id='word_1_415' title='bbox 588 4203 696 4253; x_wconf 73' lang='lat' dir='ltr'>«melete</span> <span class='ocrx_word' id='word_1_416' title='bbox 723 4203 801 4254; x_wconf 82' lang='lat' dir='ltr'>Stim-</span> <span class='ocrx_word' id='word_1_417' title='bbox 839 4203 954 4268; x_wconf 85' lang='lat' dir='ltr'>pariete,</span> <span class='ocrx_word' id='word_1_418' title='bbox 974 4205 1016 4254; x_wconf 89' lang='lat' dir='ltr'>cui</span> <span class='ocrx_word' id='word_1_419' title='bbox 1029 4203 1130 4254; x_wconf 90' lang='lat' dir='ltr'>tamdiu</span> <span class='ocrx_word' id='word_1_420' title='bbox 1142 4201 1270 4253; x_wconf 75' lang='lat' dir='ltr'>acclinata</span> <span class='ocrx_word' id='word_1_421' title='bbox 1284 4203 1357 4253; x_wconf 85' lang='lat' dir='ltr'>luisti</span> 
     </span>
     <span class='ocr_line' id='line_1_47' title="bbox 276 4275 1359 4343; baseline 0 -17"><span class='ocrx_word' id='word_1_422' title='bbox 276 4288 354 4341; x_wconf 70' lang='lat' dir='ltr'>moue</span> <span class='ocrx_word' id='word_1_423' title='bbox 371 4277 405 4327; x_wconf 80' lang='lat' dir='ltr'>do</span> <span class='ocrx_word' id='word_1_424' title='bbox 425 4277 490 4328; x_wconf 78' lang='lat' dir='ltr'>oueli</span> <span class='ocrx_word' id='word_1_425' title='bbox 510 4277 737 4343; x_wconf 68' lang='lat' dir='ltr'>demersum-iopen</span> <span class='ocrx_word' id='word_1_426' title='bbox 759 4278 801 4331; x_wconf 81' lang='lat' dir='ltr'>le-</span> <span class='ocrx_word' id='word_1_427' title='bbox 839 4275 1020 4330; x_wconf 82' lang='lat' dir='ltr'>Slmiliterod.</span> <span class='ocrx_word' id='word_1_428' title='bbox 1036 4276 1064 4337; x_wconf 85' lang='grc'>3,</span> <span class='ocrx_word' id='word_1_429' title='bbox 1078 4277 1123 4336; x_wconf 75' lang='lat'>28,</span> <span class='ocrx_word' id='word_1_430' title='bbox 1136 4278 1165 4328; x_wconf 77' lang='lat'>7:</span> <span class='ocrx_word' id='word_1_431' title='bbox 1185 4277 1359 4341; x_wconf 62' lang='lat' dir='ltr'>dereputetur</span> 
     </span>
    </p>
   </div>
   <div class='ocr_carea' id='block_1_7' title="bbox 0 0 1512 4978">
    <p class='ocr_par' dir='ltr' id='par_1_7' title="bbox 0 0 1512 4978">
     <span class='ocr_line' id='line_1_48' title="bbox 0 0 1512 4978; baseline 0 1"><span class='ocrx_word' id='word_1_432' title='bbox 0 0 1512 4978; x_wconf 95' lang='lat' dir='ltr'> </span> 
     </span>
    </p>
   </div>
  </div>
 </body>
</html>
