2992 4978
486 453 545 502 Llli.
564 453 605 503 lll.
642 454 671 502 C.
689 454 746 504 llll.

460 768 825 829 EXCUBSUS

559 919 716 970 ancxir.

166 1134 256 1198 Nuper
278 1133 439 1182 Kircbuerus
457 1131 530 1196 (Nou.
555 1133 663 1195 (incesti.
688 1134 775 1183 Horat.
794 1147 820 1197 p.
840 1134 906 1195 ee),
925 1135 1067 1198 postquam
1085 1148 1179 1198 rprae-

103 1215 198 1266 clarum
223 1215 286 1267 illud
312 1219 368 1267 sive
386 1217 547 1267 Lachmanni
572 1218 628 1267 sive
646 1217 768 1268 hlainelrii
794 1217 850 1268 sive
867 1217 1004 1281 utriusque
1021 1218 1176 1279 inventum,

102 1300 184 1349 omniu
201 1301 300 1350 Horatii
318 1301 435 1350 carmina
460 1301 487 1349 et
508 1313 576 1364 quae
594 1302 786 1366 monosiropha
805 1301 892 1351 adbuc
914 1303 941 1350 et
957 1313 1026 1364 queo
1044 1300 1178 1366 distropha

102 1383 169 1433 luere
194 1385 220 1435 in
246 1385 364 1434 carmina
390 1385 568 1449 tetrastropha
597 1385 716 1436 mutandi
729 1403 751 1448 ,a
780 1384 822 1436 vel
839 1386 926 1449 potius
943 1385 969 1435 in
987 1387 1177 1448 quaternorum

101 1479 221 1517 versuum
238 1468 363 1532 strophas
380 1466 531 1530 dividendi,
551 1469 656 1519 eximiis
672 1467 796 1520 laudibus
813 1469 912 1529 extulit,
932 1470 1053 1520 nostrum
1070 1482 1178 1534 quoque

101 1563 203 1601 carmen
221 1551 311 1601 eidem
327 1549 378 1614 legi
396 1550 554 1603 submittere
573 1554 685 1604 conotus
703 1557 761 1616 est,
780 1554 821 1604 bis
838 1553 942 1604 verbis:

161 1636 262 1686 rUnum
287 1636 370 1685 restat
395 1648 521 1698 carmen,
549 1636 618 1686 Libri
636 1638 677 1687 ill.
702 1637 891 1688 duodecimum
916 1635 996 1687 illud:
1026 1637 1178 1688 miserenum

100 1722 131 1766 esi
146 1731 222 1780 neque
239 1719 323 1768 amori
341 1720 414 1780 cett,
434 1719 506 1783 quod
525 1719 698 1784 quadraginta
715 1720 830 1785 pedibus
847 1722 941 1772 Ionicis
958 1734 973 1770 a
991 1721 1094 1770 minore
1112 1734 1178 1771 eon·

99 1805 166 1852 stans
182 1815 196 1851 a
215 1802 315 1852 criticis
337 1803 424 1853 omnis
441 1805 549 1864 aetatis,
577 1804 630 1854 iam
653 1803 715 1854 inde
733 1818 748 1854 a
765 1805 860 1869 priscis
877 1805 1074 1865 Grammaticis,
1104 1805 1177 1854 varie

100 1883 213 1936 habitum
239 1897 274 1935 ac
294 1899 344 1949 per
365 1888 488 1951 strophas
511 1887 699 1949 distributum,
726 1891 833 1940 conatui
856 1890 947 1940 tamen
964 1889 998 1939 ad
1014 1886 1178 1952 reliquorum

100 1971 240 2020 carminum
266 1982 388 2020 normam
410 1971 534 2034 strophas
557 1969 683 2035 aequales
705 1971 883 2023 constituendi
901 1973 1037 2036 quaternis
1054 1971 1179 2023 versibus

100 2057 244 2104 constantes
272 2053 360 2103 adbuc
386 2052 494 2105 obstitit.
530 2056 587 2115 Quo
604 2055 638 2105 de
657 2057 776 2106 carmine
794 2054 869 2106 multi
887 2069 947 2106 esse
969 2069 1128 2120 possemus,
1156 2057 1178 2106 si

100 2136 136 2185 rel
151 2137 276 2188 codicum
294 2139 447 2188 nostrorum
464 2140 607 2190 varietates
624 2142 650 2191 in
667 2140 779 2190 lectione
797 2154 829 2190 ac
846 2153 973 2190 versuum
992 2139 1178 2190 distributione

100 2219 200 2281 eiierre,
235 2219 280 2270 vel
305 2221 393 2272 varias
417 2222 534 2272 uirorum
562 2222 704 2274 doctorum
729 2223 762 2273 de
789 2236 822 2273 eo
846 2225 992 2274 sententias
1016 2236 1177 2287 percensere

99 2302 238 2356 vellemus:
271 2303 319 2354 sed
336 2307 398 2368 post
415 2304 522 2356 doctam
539 2306 651 2358 Bentleii
668 2306 875 2371 disputationem
892 2319 988 2370 magno
1005 2307 1096 2357 critico
1113 2320 1177 2358 vere

99 2385 215 2450 dignam,
246 2399 301 2451 qua
327 2401 359 2437 ex
377 2389 581 2452 Hephaestionis
603 2392 768 2454 grammatici
784 2393 930 2456 praecepto
948 2392 999 2442 boc
1016 2405 1125 2442 carmen
1143 2391 1177 2441 ad

99 2469 178 2522 Alcaei
196 2469 336 2534 exemplar
352 2471 475 2522 versibus
491 2472 534 2523 vel
551 2473 667 2538 strophis
684 2474 760 2526 denis
777 2473 893 2539 pedibus
917 2474 1045 2526 absolutis
1066 2488 1178 2539 compo·

98 2554 170 2606 siturn
196 2569 259 2606 esse
285 2555 392 2617 docuit,
422 2555 493 2606 unde
519 2557 576 2621 ipse
602 2559 726 2621 strophas
752 2557 857 2609 duobus
883 2559 1043 2610 tetrametrls
1068 2571 1176 2622 unoque

100 2636 205 2690 dimetro
230 2639 322 2690 lonico
348 2641 510 2704 compositas
535 2641 665 2691 coniecit:
695 2655 757 2693 curn
783 2643 840 2706 ipse
858 2642 946 2702 dicat,
975 2640 1038 2692 nihil
1056 2644 1175 2704 reterre,

99 2723 299 2785 straminibus,
326 2737 359 2773 an
377 2722 482 2774 duabus
499 2727 545 2774 aul
560 2726 653 2786 unica,
680 2725 703 2777 si
725 2726 783 2776 lieri
807 2727 908 2790 possit,
935 2723 1005 2775 linea
1031 2725 1176 2789 decapodia

99 2816 213 2869 quaeque
232 2805 386 2858 scribetur:
403 2805 483 2858 liceat
499 2808 576 2860 nobis
591 2810 660 2859 hanc
672 2809 829 2859 divisionem
839 2822 989 2874 proponere
1001 2847 1006 2868 ,
1025 2821 1078 2872 qua
1089 2809 1176 2872 primo

100 2888 259 2942 Bentleianae
286 2891 414 2955 cuiusque
440 2892 565 2957 strophae
591 2905 672 2942 versu
698 2895 853 2943 tetrametro
878 2893 905 2942 in
938 2891 1015 2942 binos
1049 2891 1176 2942 dimetros

99 2971 174 3024 diviso
191 2987 302 3025 carmen
321 2975 517 3038 tetraslrapbon
535 2976 587 3025 hoc
605 2976 707 3024 existit:

218 3135 407 3200 Miserarum
430 3141 478 3198 est
500 3155 602 3219 neque
626 3135 725 3198 amori

217 3259 302 3320 liare
326 3253 457 3332 ludum,
485 3275 588 3340 neque
614 3255 698 3320 dulci

216 3377 297 3442 Mala
320 3379 393 3442 rino
417 3379 523 3443 lavere
550 3386 604 3443 aut
632 3375 807 3442 exanimari
832 3384 1008 3442 metuentes
1064 3361 1076 3382 ⁰

302 3501 436 3564 Patruae
465 3497 599 3565 verbera
622 3502 756 3582 linguae.

219 3657 288 3722 Tibi
312 3660 438 3744 qualum
466 3659 639 3747 Cythereae

217 3781 298 3844 Puer
323 3781 410 3855 ales,
442 3779 498 3844 tibi
522 3779 599 3845 telas

221 3903 446 3986 operosaeque
465 3903 624 3967 Minervae
649 3902 784 3968 studium
806 3899 924 3979 aufert,
951 3900 1110 3978 moliole,

302 4025 428 4108 Liparei
454 4024 540 4089 nitor
567 4022 685 4089 liebri:

224 4180 323 4248 Simul
345 4190 456 4248 unctos
480 4183 638 4249 Tiberinis

223 4305 381 4370 Homeros
405 4304 481 4370 lavit
506 4304 538 4369 in
564 4303 674 4378 undis,
