2986 4974
692 425 819 474 richarii
839 425 1007 476 cithiiliiuli

472 580 579 644 Latius
602 600 718 666 regnes
742 581 870 646 avidum
894 581 1058 647 domando

472 701 640 786 Spiritum,
665 703 812 788 quamsi
837 702 971 791 Libyam
994 704 1125 768 remotis
1343 704 1378 768 ic

472 821 614 888 Gadibus
638 823 751 910 iungas
773 835 805 888 et
827 834 966 910 uterque
990 827 1119 890 Poenus

640 945 765 1010 Serviat
792 947 855 1010 uni.

472 1105 595 1168 Crescit
618 1102 790 1191 indulgens
813 1103 873 1169 sibi
898 1104 988 1170 dirus
1012 1103 1170 1192 hydrops,

472 1225 538 1292 Nec
560 1225 644 1290 sitim
667 1224 771 1308 pollii,
797 1225 856 1290 nisi
880 1246 978 1292 causa
1001 1227 1103 1293 morbi

369 1425 393 1474 9.
404 1425 504 1474 lotium
512 1425 539 1474 T.
551 1451 578 1460 -
587 1425 614 1473 11
622 1463 626 1474 .
635 1425 727 1474 Pontus
735 1423 876 1474 Schrader.
890 1451 917 1460 -
929 1423 968 1472 13.
977 1425 1056 1472 duma
1066 1423 1132 1474 Cod.
1141 1422 1233 1475 Blaud.
1244 1428 1271 1476 at
1279 1424 1350 1476 llald.

303 1604 382 1667 rongi,
403 1604 488 1665 «angi
505 1615 534 1651 se
553 1615 605 1652 non
623 1603 747 1665 petitura
777 1601 825 1651 Od.
865 1600 1068 1664 byphoeninn)
1098 1600 1266 1653 demonstrat
1294 1603 1381 1667 copula

303 1677 327 1739 i,
341 1679 365 1736 a,
379 1677 423 1727 20:
437 1677 541 1740 Culpam⁸
552 1677 640 1726 cretati
648 1677 717 1739 fides,
732 1689 827 1725 «nemo
864 1681 896 1734 et,
915 1689 984 1738 quae
1003 1674 1092 1725 verbis
1108 1676 1196 1739 ipsam
1215 1677 1381 1740 sequentibus

303 1755 358 1813 est,
376 1753 420 1815 qui
433 1766 494 1802 sam
506 1749 604 1802 violare
616 1750 704 1800 velit.»
724 1751 788 1814 Epp.
803 1751 826 1810 t,
865 1748 978 1813 explicat
994 1749 1198 1813 praecedentia,
1218 1753 1295 1813 quasi
1311 1752 1383 1800 dixis·

304 1827 343 1886 16,
361 1826 532 1876 601metcens
546 1825 639 1874 mediet
659 1825 728 1886 Virg.
745 1826 826 1882 Get,
865 1827 918 1874 set:
948 1825 1093 1888 «quamsi
1115 1824 1380 1888 Libyamremclisia

303 1900 365 1950 eie:
378 1900 465 1950 Arctos
477 1901 568 1949 Oceani
576 1904 709 1948 emicantes
720 1907 837 1960 aequore·
865 1901 955 1962 Koma)
974 1899 1090 1950 Gadibus
1108 1901 1214 1962 iungas,
1234 1901 1269 1950 ita
1281 1903 1310 1950 ut
1321 1903 1383 1950 utar

302 1975 374 2037 tingi,
394 1987 427 2023 ex
438 1975 508 2023 Arati
520 1973 564 2024 lc:
583 1966 686 2043 ἄρκτοι
702 1973 827 2022 κυανέου
865 1987 917 2037 que
930 1976 1035 2026 Poenus
1046 1975 1146 2025 serviat
1157 1974 1203 2025 libi
1214 1975 1287 2025 uni.»
1314 1974 1382 2024 Haud

304 2045 522 2114 πεφυλαγμέναι
545 2041 706 2098 Ὠκεανοῖο.
742 2046 826 2097 Gloss.
865 2061 925 2098 raro
943 2051 1033 2100 autem
1056 2052 1083 2099 et
1100 2049 1218 2100 Gaditani
1241 2051 1268 2099 et
1285 2051 1383 2100 ceterae

302 2127 420 2172 renuente
436 2121 520 2172 verbo
533 2127 654 2172 calceate
666 2121 827 2172 substituere
866 2124 1122 2187 Karthaginiensium
1147 2122 1266 2174 coloniae
1292 2125 1318 2174 iu
1344 2125 1382 2174 iii·

303 2196 410 2248 volebat
421 2198 585 2248 senadonus.
620 2198 712 2262 (Fame
725 2197 776 2246 dea
789 2200 829 2247 est
865 2199 986 2263 spaniam
1011 2200 1125 2248 maxime
1146 2199 1284 2248 Baeticam
1305 2198 1386 2248 dedu·

303 2273 375 2336 apud
383 2275 486 2336 poetas,
497 2287 642 2336 nunquam,
653 2272 725 2336 quod
733 2272 826 2330 sciam,
866 2275 923 2324 ctae
948 2263 1100 2324 Poenorum
1125 2272 1232 2324 nomine
1256 2271 1387 2336 appellan-

303 2347 337 2396 ab
370 2347 515 2398 artificibus
547 2348 661 2410 antiquis
690 2359 826 2409 expressa.
866 2351 916 2397 tar.
951 2349 990 2398 Dc
1013 2347 1146 2398 Gaditanis
1164 2347 1219 2398 Cic.
1237 2360 1288 2411 pro
1309 2345 1387 2398 Balbo

304 2421 356 2472 Cir.
383 2423 517 2485 Boettiger
541 2422 574 2471 kl.
599 2423 723 2484 Schriften
745 2422 776 2469 ll.
800 2421 826 2469 S.
867 2421 910 2472 ri:
932 2423 1033 2484 Ignosco
1050 2421 1103 2482 lidi,
1121 2422 1142 2470 si
1157 2435 1237 2484 aegrae
1252 2424 1387 2472 roscium

305 2494 372 2558 ari.)
865 2495 1023 2546 inrccnltee.
1047 2496 1133 2546 Livius
1150 2496 1198 2556 28,
1217 2496 1258 2546 37.
1287 2497 1388 2559 Mater
1477 2519 1478 2538 ι

338 2570 377 2618 ic.
397 2569 528 2634 Spiritum]
551 2570 683 2630 animum,
710 2563 744 2618 τὸ
767 2568 829 2619 ἐπι·
865 2583 964 2630 eonon,
983 2570 1026 2630 qui
1042 2582 1153 2619 amamur
1169 2571 1388 2634 thcenismapi-
1477 2621 1478 2626 ,

303 2639 475 2708 dampnanda,
494 2647 523 2693 ut
539 2642 619 2694 simili
638 2644 828 2707 significatione
866 2650 967 2696 stratus.
986 2645 1025 2694 Da
1044 2645 1141 2694 celeris
1160 2643 1270 2696 coloniis
1289 2645 1352 2696 Plin.
1365 2646 1388 2703 3,

304 2715 400 2782 θυμοῦ
423 2715 514 2782 πνοάς
537 2718 602 2768 dixit
619 2719 708 2782 Eurip.
726 2720 827 2771 Phoen.
867 2721 893 2780 1,
915 2719 945 2770 ³:
965 2719 1044 2768 Oram
1060 2731 1116 2768 earn
1131 2719 1276 2768 mirumne
1287 2721 1389 2783 ονίρὶπὲε

304 2791 361 2843 iti.
386 2791 476 2844 llerm.
505 2795 532 2842 et
557 2795 720 2856 posteriores
746 2796 829 2844 Latini
865 2796 1003 2844 Poenorum
1028 2793 1182 2844 artslimcctt
1205 2795 1241 2844 Μ.
1268 2794 1387 2858 Agrippa.

303 2869 387 2930 flotam
423 2869 486 2918 Stat.
506 2867 590 2918 Theb.
607 2869 636 2929 1,
656 2869 718 2918 324:
736 2869 831 2919 attollit
867 2871 968 2918 Seneca
993 2866 1098 2918 Consol.
1119 2868 1153 2918 ad
1175 2867 1249 2918 llelv.
1269 2869 1297 2918 6:
1326 2870 1390 2930 Tarii

302 2945 379 3006 flotus
395 2944 472 2993 ducis.
509 2944 573 3002 eQui
586 2945 718 3006 pecuniae
731 2945 831 3007 cupidi·
866 2944 978 3007 Africam
994 2943 1121 3000 inmolant:
1143 2943 1218 2992 Poeni
1233 2943 1389 3005 Hispaniam.

304 3016 395 3066 datem
422 3016 513 3067 domat
540 3017 662 3080 adeoque
691 3031 706 3066 a
733 3016 830 3070 divitiis
866 3016 934 3068 Nihil
960 3018 1051 3067 autem
1076 3017 1200 3081 impedit,
1227 3029 1282 3080 quo
1306 3019 1390 3068 miuus

305 3091 495 3141 coacervandis
529 3092 664 3154 sapienter
698 3091 828 3154 abstinet,
868 3092 990 3142 Horatius
1007 3091 1239 3154 Karthaginienses
1252 3095 1279 3142 et
1290 3095 1390 3143 Poenos

304 3165 381 3214 lolius
402 3170 505 3228 regnat,
533 3167 617 3228 magis
640 3167 709 3228 regis
731 3179 830 3216 nomeu
868 3167 1056 3232 Hispanienses
1073 3173 1207 3229 iamneae
1223 3169 1333 3218 Ροσηυηι
1349 3179 1391 3231 ap

306 3241 440 3300 meretur,
470 3239 628 3303 beatiorque
655 3241 718 3303 erit,
748 3254 829 3304 quam
866 3240 979 3305 pellarit.
999 3243 1048 3291 etsi
1066 3243 1239 3306 proprienou
1252 3241 1300 3292 luit
1313 3243 1391 3292 Phoe·

306 3315 327 3364 si
345 3313 479 3364 latifundia
497 3327 546 3376 par
563 3313 678 3364 Africam
697 3318 724 3364 et
735 3316 830 3378 llispa-
867 3317 926 3368 nice
949 3317 1034 3366 maior
1057 3318 1084 3366 el
1106 3316 1205 3377 minor,
1232 3319 1262 3366 ut
1285 3319 1391 3381 propter

307 3388 377 3436 niam
406 3388 556 3447 continuet,
590 3389 688 3450 quibus
716 3389 830 3440 admini-
867 3392 918 3441 hoc
936 3391 1032 3441 dicitur
1048 3397 1157 3452 utroque
1171 3392 1296 3456 myro,
1320 3398 1390 3442 utro-

306 3460 421 3511 strandis
443 3459 538 3510 multas
561 3465 588 3511 et
607 3462 734 3514 molestas
752 3477 830 3515 curas
867 3466 1064 3527 quartanariis,
1090 3471 1193 3527 mercae
1218 3465 1342 3527 linones,
1368 3467 1390 3514 ei

306 3535 622 3597 impendatnocesseest.
640 3539 759 3601 (illapncs
767 3541 831 3588 inter
868 3539 991 3591 Paulinus
1009 3543 1099 3590 roem.
1115 3541 1159 3589 ll:
1178 3545 1283 3602 uterque
1299 3543 1389 3592 coac.

306 3609 450 3670 opesincpr
466 3611 513 3659 ori
533 3611 563 3670 3,
583 3612 629 3671 16,
648 3613 715 3676 hili»
744 3614 831 3663 llomi·
867 3614 1008 3664 Schraderi
1036 3619 1140 3676 oraque
1165 3616 1257 3665 Postea
1282 3617 1390 3666 nimium

307 3695 354 3733 nes
371 3681 518 3746 locupletes
530 3698 611 3749 saepe
624 3687 831 3751 reperdicuntur
867 3692 908 3740 est
929 3702 979 3740 nec
1002 3687 1075 3739 lacile
1100 3689 1152 3739 dici
1169 3691 1275 3753 poterat
1292 3693 1343 3742 nisi
1360 3689 1390 3740 de

306 3759 335 3806 ut
352 3755 400 3806 cd.
421 3759 450 3816 i;
469 3757 497 3816 l,
518 3759 561 3809 li:
581 3762 722 3824 drymoque
738 3766 828 3810 turres
867 3777 920 3814 uno
938 3765 1065 3826 augusto,
1083 3766 1113 3812 ut
1129 3763 1163 3813 de
1181 3763 1232 3814 hoc
1247 3765 1307 3827 ipso
1320 3763 1388 3814 Orid.

340 3833 379 3881 11.
409 3835 513 3894 uterque
540 3835 645 3898 Ροοηηε]
673 3839 760 3884 «Cum
786 3837 830 3898 qui
868 3840 929 3888 hiet.
950 3839 993 3898 ic,
1013 3838 1075 3887 829:
1096 3837 1162 3898 cete
1178 3837 1222 3887 tter
1240 3837 1388 3898 heremias,

307 3906 493 3969 Karthaginem
519 3910 546 3956 et
572 3911 671 3960 Uticam
697 3907 779 3958 habet
805 3911 830 3958 in
867 3917 951 3976 panim
975 3911 1007 3960 ab
1031 3916 1137 3973 auoque
1160 3912 1269 3962 locentm
1287 3914 1388 3967 domno,

306 3979 405 4040 Africa,
434 3981 489 4030 tuln
517 3983 561 4044 qui
586 3983 673 4042 ¹Gades
698 3982 829 4041 condidit;
867 3985 1015 4036 cornarani
1032 3986 1390 4048 quodcunquehcbilobtletel·

308 4054 426 4105 coloniae
444 4055 700 4120 Karthaginiensium
721 4055 787 4107 aliae
805 4060 831 4108 in
868 4061 906 4110 tus
922 4061 1043 4122 wicel,
1062 4063 1136 4111 huius
1151 4062 1211 4120 arth·
1226 4067 1321 4123 porcus
1336 4077 1390 4125 quc

310 4131 432 4194 ilispania
454 4144 507 4182 non
524 4131 725 4184 excludunturm
755 4136 830 4184 Gssn.
869 4137 1012 4198 quemroict
1021 4137 1067 4186 1111.
1086 4136 1217 4186 lloimsnn
1225 4137 1387 4200 reerhsmp.

311 4205 382 4254 lianc
399 4218 479 4254 unam
495 4209 598 4257 rectam
610 4220 670 4258 esse
683 4206 833 4272 explicatio-
870 4211 994 4260 coniecit:
1024 4216 1129 4274 umque
1155 4211 1271 4262 Phoebus.
1319 4212 1386 4261 Ovid.

308 4293 370 4330 uem
389 4280 462 4342 (nont
488 4284 529 4330 iat
547 4282 729 4345 Syrophoenix
748 4287 775 4332 et
793 4284 832 4332 Li·
869 4285 929 4334 llet.
952 4286 973 4344 1,
993 4285 1055 4336 ³³8:
1078 4286 1165 4336 litero
1182 4299 1241 4341 nom
1257 4287 1335 4348 replet
1349 4285 1387 4334 sut
