2986 4974
556 443 615 492 ms.
635 445 665 494 11.
701 443 730 492 c.
749 445 768 494 1.
842 413 846 418 ’

354 598 550 687 Ludumque
573 603 732 666 Fortunae
755 619 936 688 gravesque

398 722 582 808 Principum
605 722 760 788 amicitias
784 731 816 788 et
837 743 925 788 arma

314 879 464 945 Nondum
487 881 623 967 expiatis
648 891 743 948 uncta
765 880 953 956 cruoribuS‚

314 1001 522 1068 Periculosae
544 1001 676 1089 plenum
698 1023 781 1089 opus
804 1001 908 1076 aleae,

353 1125 485 1191 Tractas
508 1135 540 1189 et
561 1123 685 1190 incedis
707 1145 767 1211 per
790 1124 881 1212 ignes

399 1246 592 1334 Suppositos
615 1247 715 1313 cineri
738 1245 860 1312 doloso.

168 1447 190 1496 3.
211 1447 350 1510 pravaque
366 1445 451 1495 Bth.
473 1473 499 1481 -
519 1447 543 1494 5.
563 1445 642 1494 tincta
658 1442 742 1494 Bentl.
762 1447 830 1495 coni.

108 1637 131 1673 v.
150 1627 186 1683 2.,
213 1625 299 1687 cogita
325 1623 359 1673 de
385 1622 494 1685 siugulis
519 1623 623 1686 pugnis,
664 1620 781 1673 «bellum
801 1621 890 1684 civile,
918 1624 980 1686 quia
1002 1625 1028 1673 in
1047 1637 1091 1685 ao,
1118 1625 1188 1674 sicut

109 1701 228 1763 imprimis
256 1699 291 1750 de
325 1696 467 1758 Pharsalo,
502 1698 624 1762 Thapso,
663 1699 689 1748 in
706 1696 778 1758 alea,
797 1696 911 1761 plurima
928 1711 944 1747 a
962 1698 1083 1748 fortunae
1096 1699 1186 1750 lavore

109 1775 205 1824 liundu.
662 1773 794 1838 pendeut;
822 1775 849 1822 et
865 1773 903 1823 sic
923 1774 1035 1824 incedere
1052 1775 1103 1824 cet.
1123 1775 1184 1824 erit:

137 1851 159 1898 5.
176 1849 292 1899 Nondmo
308 1848 426 1911 σισῑσιίι]
445 1849 510 1908 Quia
527 1848 624 1897 nimiae
663 1850 765 1899 versari
783 1849 808 1898 in
826 1847 1005 1898 describendo
1022 1847 1093 1898 bello
1109 1847 1185 1912 cirili,

110 1924 180 1973 eiiam
206 1926 266 1988 posi
295 1923 437 1973 Antonium
466 1935 624 1986 oppressum
662 1922 709 1973 ubi
726 1924 860 1988 inopinata
878 1922 946 1973 mala
965 1927 992 1973 et
1002 1923 1134 1988 pericula,
1154 1925 1188 1974 si-

109 1997 275 2048 remanebant
292 1995 428 2048 scelerum
440 1995 555 2046 ciuilium
566 1994 625 2046 reli-
663 2002 708 2048 eut
725 1999 791 2061 ignis
809 1999 891 2048 cineri
913 1995 1005 2048 doloso
1023 2000 1186 2062 suppositus,

110 2073 190 2134 quiae.
203 2071 280 2135 longo
293 2073 397 2122 tantum
409 2071 626 2134 Octaviauiprin-
662 2072 751 2123 subito
772 2075 978 2137 prorumpunt.»
1013 2074 1054 2124 Me
1077 2075 1187 2124 secutus

109 2146 188 2209 cipatu
204 2146 396 2198 removendae.
416 2146 463 2195 0d.
484 2147 511 2206 t,
531 2149 559 2206 2,
578 2147 623 2196 29:
663 2150 703 2198 ast
729 2146 816 2209 Regel.
858 2146 940 2196 Nobis
965 2147 1044 2208 igitur
1064 2161 1125 2208 opus
1145 2151 1188 2198 est

110 2221 150 2270 Cui
164 2221 230 2271 datii
242 2227 333 2284 partes
349 2222 426 2270 areius
437 2222 557 2282 eapiandi
567 2222 626 2283 iup-
663 2221 788 2272 «historia
799 2219 861 2270 belli
872 2221 997 2280 intestini,
1011 2233 1091 2283 quam
1103 2221 1185 2270 edere

109 2296 183 2356 piter?
201 2325 226 2332 -
246 2294 486 2359 sincinnpoiiuta.»
504 2296 624 2346 Verbum
662 2297 797 2358 cogitaui:
831 2293 880 2344 illis
912 2293 1033 2344 «bellum
1060 2296 1184 2358 ipsum»;

109 2371 172 2432 quod
188 2370 306 2421 Bentleio
324 2371 366 2419 vix
384 2371 504 2420 Latinum
515 2369 625 2420 videha-
662 2383 715 2435 quo
733 2371 803 2430 iure,
831 2370 879 2432 ipsi
903 2369 1024 2419 uiderint.
1059 2369 1186 2420 Ceterum

110 2447 158 2506 tur,
180 2445 331 2496 firmatura
350 2443 456 2502 Silio9,
477 2445 520 2494 rs:
547 2445 624 2494 hosti·
661 2446 713 2495 hoc
735 2444 874 2494 dumtaxat
898 2457 948 2507 pro
974 2443 1048 2492 certo
1070 2444 1184 2503 scimus,

109 2520 167 2581 iique
189 2535 301 2586 mpuara
322 2521 422 2582 primus
446 2521 502 2569 Teio
524 2533 621 2570 mucre.
661 2519 819 2583 perductam
830 2517 1040 2568 luissePoliionis
1048 2518 1186 2568 historiam

109 2593 135 2642 V.
156 2597 235 2659 magis
257 2594 365 2658 volgare
388 2596 465 2644 tinctu
485 2597 546 2658 posi
563 2593 622 2656 syll.
661 2607 747 2657 usque
779 2592 815 2642 ad
847 2593 983 2644 Ciceronis
1019 2591 1185 2656 aliorumque

109 2669 136 2717 tir
160 2671 289 2733 ingratum
320 2683 416 2720 sanum
444 2669 621 2734 praebuisset.
660 2669 897 2732 proscriptionem;
911 2666 1084 2731 probabiliter
1095 2670 1186 2718 tamen

111 2744 157 2793 lida
179 2745 268 2796 auitam
291 2745 436 2806 meus,
461 2743 534 2806 quod
556 2758 624 2794 nou·
662 2757 746 2806 usque
774 2742 809 2792 ad
840 2755 958 2806 pugnum
988 2741 1185 2806 Philippensem

110 2831 179 2868 nemo
195 2821 346 2884 proposuit,
366 2820 455 2869 Latina
473 2832 526 2869 non
538 2821 623 2882 magis
660 2831 818 2881 progressus
841 2821 890 2867 est.
926 2817 974 2876 Qui
992 2830 1058 2866 vero
1077 2819 1184 2880 putant,

110 2891 195 2943 dieitur
219 2907 301 2958 quam
328 2894 485 2943 Germanice
509 2894 621 2956 Wuffai,
660 2905 724 2942 eum
750 2894 775 2941 in
799 2904 907 2942 omnem
930 2891 972 2940 sui
994 2891 1122 2954 temporis
1144 2890 1185 2939 hi-

109 2967 180 3026 ttucitt
193 2983 241 3019 oon
257 2971 325 3020 Biui.
346 2997 374 3006 —
393 2969 531 3034 cruoribus]
549 2981 625 3018 esan·
660 2967 770 3017 storiam
799 2965 833 3015 ad
862 2965 1070 3015 dominationem
1099 2977 1185 3027 usque

110 3044 178 3104 suine
195 3058 275 3110 saepe
288 3059 321 3094 ae
333 3043 421 3095 multis
433 3043 497 3094 loeis
510 3044 621 3094 effuso.»
660 3041 794 3090 Octaviani
809 3042 840 3102 (a.
855 3040 921 3101 725.)
935 3040 1095 3099 excurrisse,
1110 3051 1185 3088 mera

110 3116 146 3166 Sic
161 3117 266 3184 αἵματα
283 3119 381 3171 crebro
399 3120 471 3184 apud
488 3120 621 3182 Tragicos.
661 3115 813 3165 coniectura
831 3114 958 3164 nituntur.
1114 3119 1123 3126 ·

109 3193 222 3258 aeschyi.
241 3194 332 3260 suppl.
352 3195 414 3246 265:
434 3192 563 3246 παλαιῶν
575 3195 622 3245 aa
693 3191 717 3239 7.
736 3189 813 3253 maes]
836 3187 972 3237 Proverbii
995 3186 1114 3250 speeiem
1135 3187 1185 3236 ha-

110 3263 198 3327 μάτων
215 3267 390 3335 μιάσμασιν.
659 3266 714 3316 bet.
743 3263 848 3315 suidas:
876 3255 923 3311 Ἕν
950 3262 1018 3332 πυρὶ
1041 3259 1184 3327 βέβηκας]

138 3343 158 3391 6.
180 3332 266 3410 medas
282 3345 318 3396 de
340 3347 441 3395 incerto
462 3359 494 3396 ac
516 3344 622 3398 fortuito
660 3337 754 3392 Τοῦτο
777 3336 915 3405 ἐπιλέγειν
936 3333 993 3409 χρὴ
1017 3335 1048 3388 ἐν
1069 3341 1131 3400 τοῖς
1153 3335 1185 3388 ἐν

109 3421 197 3468 eventu
218 3421 335 3471 cuiusvis
353 3421 464 3484 incepti,
489 3421 519 3470 ut
537 3421 622 3470 ulacta
659 3413 833 3478 ἐπισφαλέσι
840 3414 890 3464 καὶ
899 3408 1088 3475 ἐπικινδύνοις
1095 3408 1185 3483 πράγ-

110 3493 146 3540 est
160 3491 222 3555 alea,
239 3487 539 3564 ἀπεῤῥίφθωκύβος.»
558 3494 622 3544 Ideo
659 3507 749 3558 μασιν
785 3488 997 3559 ἐμφιλοχωρεϊν
1039 3487 1182 3540 ἐθέλουσι.

110 3567 190 3618 autem
205 3569 385 3632 periculosum
401 3568 525 3619 Pollionis
544 3570 623 3618 vocat
660 3566 761 3619 Gallim.
781 3567 827 3630 Ep.
846 3565 892 3626 46,
916 3567 944 3614 2:
972 3557 1036 3614 ἔστι
1052 3561 1109 3634 πῦρ
1127 3559 1184 3616 ὑπὸ

111 3639 246 3705 incaptum,
266 3645 327 3707 quia
344 3645 388 3694 vix
404 3640 480 3694 aliter
498 3643 555 3693 fleri
572 3655 623 3707 po·
658 3639 694 3713 τῇ
713 3635 827 3710 σποδιῇ.
853 3638 986 3702 Meleager
1003 3640 1051 3704 Ep.
1070 3641 1116 3689 aa:
1141 3629 1184 3705 μή

111 3713 182 3778 terat,
208 3732 288 3782 quam
311 3721 389 3769 utin
410 3720 490 3769 tantis
513 3720 622 3781 tumque
659 3713 834 3788 --κινήσῃς
845 3717 936 3787 τέφρῃ
949 3711 1006 3787 πῦρ
1017 3709 1186 3782 ὑπολαμπά-

111 3789 206 3843 acribus
227 3795 343 3858 partium
366 3794 474 3854 studiis,
501 3792 621 3843 noudum
658 3807 756 3857 μενον.
776 3794 895 3855 Properi.
916 3792 943 3851 i,
963 3793 990 3853 ti,
1014 3792 1042 3840 a:
1062 3805 1186 3853 properas

111 3875 208 3924 prorsus
232 3871 340 3932 sopitis,
367 3870 439 3918 hunc
464 3865 506 3917 vel
531 3867 620 3928 illum,
658 3867 748 3916 ιιῖιὲσισ
768 3879 838 3916 nosse
858 3866 943 3928 metu,
966 3867 998 3915 lit
1017 3866 1093 3915 miser
1111 3867 1185 3928 iuno-

112 3935 169 3990 fllios
177 3954 281 4006 quoque
289 3947 317 3994 et
327 3945 428 3994 amicos
441 3955 544 4004 eorum,
557 3957 623 4006 quo-
659 3947 696 3992 tos
714 3942 820 4004 oestipia
839 3942 906 4004 serre
923 3954 970 4002 per
986 3941 1064 4004 iones.
1085 3965 1113 3975 -
1132 3941 1183 3990 Res

112 4023 164 4063 mm
187 4029 296 4080 magnae
324 4020 350 4069 in
379 4017 449 4068 bello
474 4019 621 4068 domestico
660 4014 805 4066 aPollioue
824 4017 948 4079 suscepte
961 4027 1043 4077 quam
1056 4013 1138 4064 ardua
1151 4015 1184 4065 sit

112 4088 192 4146 partes
207 4091 318 4155 luerunt,
337 4095 417 4144 etiam
434 4106 499 4144 vero
519 4091 622 4157 simpli·
660 4095 688 4141 et
705 4103 786 4154 quam
803 4103 915 4154 magnos
933 4089 1040 4154 spiritus
1055 4090 1182 4152 requirat,

113 4159 171 4210 citer
199 4166 328 4228 patefacto
360 4165 488 4218 laederet.
540 4165 623 4216 Aliter
660 4167 684 4217 ai
710 4167 771 4217 ideo
797 4167 858 4216 anta
881 4163 972 4216 oculos
996 4164 1083 4228 pouit,
1111 4163 1183 4225 quod

113 4233 215 4297 explieat
234 4241 364 4306 Doering,
392 4243 468 4293 euius
490 4243 620 4291 rationem
659 4241 798 4292 difficultas
824 4241 881 4304 ipsa
906 4241 994 4290 virum
1022 4249 1183 4303 generosum

113 4311 218 4368 praeteri
245 4315 366 4368 Ltihirer:
392 4319 428 4380 pt.
457 4329 518 4380 opus
542 4315 619 4380 deae]
658 4316 693 4366 ad
723 4328 816 4366 curam
845 4313 1036 4378 perficiendam
1066 4311 1181 4364 excitare
