3080 4980
562 435 621 486 Llll.
642 435 659 483 l.
697 436 725 483 C.
746 435 786 483 lll.

403 591 519 658 Pennis
542 611 605 656 non
627 588 746 655 homini
769 586 867 664 datis;

314 712 461 798 Perrupit
481 710 661 777 Acheronta
684 706 863 774 Herculeus
887 705 987 773 labor.

401 867 449 934 Nil
471 866 659 934 mortalibus
682 864 774 932 ardui
798 875 862 942 est3

313 988 446 1055 Caelum
467 989 574 1076 ipsum
595 987 733 1076 petimus
755 985 886 1052 stultitia
909 1005 1016 1072 neque

396 1111 459 1175 Per
480 1119 625 1175 nostrum
647 1107 786 1196 patimur
808 1104 916 1172 scelus

314 1227 472 1297 iracunda
494 1231 604 1297 lovem
626 1249 749 1316 ponere
771 1226 910 1294 fulmina.
1188 1228 1230 1290 io

205 1420 247 1470 36.
265 1419 431 1482 Perropitque
442 1431 510 1468 corr.
524 1416 566 1479 b.,
586 1415 898 1468 utrolobatGlareanus.
920 1441 947 1450 -·
966 1413 1006 1464 ³7.
1025 1413 1194 1474 ardaibSTe,

173 1497 302 1558 quattuor
322 1493 430 1553 Bland,
454 1490 539 1543 schol.
564 1493 690 1554 Franeq.‚
719 1489 802 1542 Bentl.
826 1503 858 1538 ex
875 1486 913 1554 βγ
930 1491 957 1538 et
973 1501 1013 1552 pr.
1033 1489 1062 1538 k:
1088 1491 1197 1540 arduam

174 1582 220 1619 sex
239 1569 324 1628 nott..
344 1567 449 1618 LCtFM.
470 1567 507 1632 (ut
524 1580 582 1626 nos,
600 1567 633 1629 J.)

143 1749 262 1794 scantur,
283 1735 370 1798 ipsam
382 1733 517 1784 Horatium
529 1733 669 1796 scripsisse
738 1731 779 1783 lt).
808 1729 940 1792 iracundo]
969 1728 1096 1779 Pindarus
1122 1741 1229 1792 qaoque

142 1809 181 1860 rel
198 1807 352 1860 erduiatvel
364 1809 504 1870 ardummt,
522 1822 591 1872 quae
603 1821 668 1858 sane
706 1809 781 1857 Nem.
796 1807 821 1866 6,
840 1806 879 1854 90.
899 1805 952 1854 lovi
970 1803 1060 1853 tribuit
1077 1795 1162 1868 ἔγχος
1180 1801 1230 1866 ζά-

143 1883 215 1934 iacile
233 1881 361 1934 contundi
378 1885 501 1946 poterant
517 1882 666 1932 alibrariis.
706 1895 801 1930 κοτον.
823 1907 850 1914 m
865 1892 968 1941 ponere,
988 1881 1016 1927 ut
1033 1891 1229 1941 saepenumero

173 1959 212 2008 38.
232 1957 349 2020 stultitia]
368 1952 593 2020 quiae'drivarov.
607 1959 669 2006 Pin·
706 1955 777 2018 apud
804 1954 907 2004 Livium
930 1966 1025 2015 ponere
1052 1965 1135 2000 ornae.
1175 1951 1227 2000 Cir.

143 2032 196 2081 dar.
217 2033 296 2095 Pyth.
316 2031 357 2092 to,
376 2027 458 2083 aare
476 2029 599 2094 χάλκεος
616 2024 669 2081 ori-
706 2029 839 2080 Drakenb.
859 2029 893 2079 nd
911 2030 965 2080 Liv.
979 2029 1045 2092 Epit.
1066 2027 1121 2077 Lib.
1141 2026 1181 2076 88.
1202 2040 1227 2090 p.

143 2103 227 2176 puvdg
245 2099 284 2157 od
301 2113 364 2154 ποτ’
382 2100 515 2172 ἀμβατὸς
531 2101 618 2174 αὐτῷ.
686 2068 689 2166 l
706 2104 762 2155 ibi.
788 2105 882 2164 Stuttg.

613 2313 763 2328 ffl-

478 2473 842 2535 EXGURSUS
881 2475 908 2530 l.

605 2623 767 2675 namin,

188 2789 296 2851 Operae
314 2783 429 2847 pretium
446 2791 509 2830 cum
525 2777 659 2834 videatur,
678 2774 716 2835 ut,
738 2771 782 2834 qui
801 2783 864 2820 cura
882 2768 994 2820 Holmon
1013 2767 1229 2834 Peerlkampiana

144 2872 228 2922 adhuc
249 2869 332 2926 earet,
351 2877 434 2916 unum
451 2862 547 2914 saltem
564 2857 752 2910 subtilissimae
771 2855 828 2904 eius
840 2854 960 2924 κρίσεως
977 2855 1115 2918 specimen
1133 2856 1229 2918 capiat,

144 2966 281 3017 quamque
299 2951 433 3012 ingeniose
446 2961 477 2996 ac
489 2945 573 3009 perite
585 2941 627 2992 vel
639 2942 701 2991 huic
713 2940 822 2990 carmini
834 2939 936 2988 varices
948 2939 1064 2988 secuerit
1075 2940 1155 3002 atque
1167 2942 1231 3000 poe·

144 3042 195 3088 tam
207 3039 290 3088 antea
301 3033 487 3084 molestissima
499 3027 658 3093 pinguedine
670 3022 854 3074 incredibilem
866 3023 891 3072 in
902 3021 1012 3072 modum
1020 3020 1187 3071 laborantem
1195 3019 1230 3068 ad

145 3133 264 3172 macram
282 3119 423 3170 sanitatem
441 3113 585 3170 reduxerit,
604 3109 688 3159 lector
703 3106 802 3157 habeto
814 3106 866 3155 hoc
877 3118 995 3165 carmen,
1014 3107 1043 3155 ut
1054 3098 1143 3165 αὐτὸς
1155 3097 1228 3164 aaa:

374 3200 417 3250 Sic
435 3201 460 3248 te
478 3197 538 3246 diva
555 3197 650 3260 potens
668 3192 748 3255 Cypri

406 3283 438 3332 Et
456 3281 550 3332 iratres
567 3277 697 3335 Helenae,
716 3272 803 3323 lucida
822 3272 926 3332 sidera„

374 3367 573 3426 Ventorumque
591 3362 667 3424 regat
682 3361 772 3422 pater,

406 3448 545 3498 Obstrietis
563 3444 619 3495 aliis
635 3446 743 3508 praeter
760 3443 869 3506 iapyga,

374 3534 466 3594 Naris,
486 3543 555 3594 quae
573 3528 620 3578 tibi
638 3527 770 3577 creditum

406 3615 496 3666 Debes
513 3611 648 3676 Virgilium
666 3609 763 3660 tinibus
779 3608 871 3658 Atticis

375 3699 479 3750 Reddas
496 3695 672 3755 incolumem,
691 3705 800 3757 precor,

407 3785 439 3834 Et
454 3794 547 3833 serves
565 3779 669 3829 animae
688 3775 827 3826 dimidium
844 3786 932 3823 meae.

376 3865 412 3916 llli
430 3865 512 3916 robur
529 3865 556 3913 et
573 3875 619 3912 aes
637 3859 731 3924 triplex

408 3951 483 4000 Circa
501 3948 595 4011 pectus
613 3946 682 4005 erat,
702 3943 746 4007 qni
765 3939 883 4004 fragilem
901 3939 969 3988 truci

376 4033 514 4082 Commisit
530 4029 623 4094 pelago
640 4029 726 4076 ratem

408 4115 510 4166 Primus
527 4126 578 4163 nec
594 4111 681 4174 timuit
695 4108 870 4173 praeeipitem
887 4105 1003 4156 Africum

376 4199 563 4249 Decertautem
579 4192 766 4259 Aquilonibus

408 4284 463 4332 Nec
480 4283 568 4331 tristes
587 4277 693 4342 Hyadas
711 4289 761 4325 nec
778 4274 880 4324 rabiem
902 4275 968 4323 Noti.
