2992 4978
654 385 782 434 itonniii
801 385 969 437 CARMINUM

439 551 513 627 Sub,
529 572 606 635 rege
630 550 724 617 ldedo
747 552 871 616 Marsus
894 563 926 617 et
947 549 1087 638 Apulus,

436 672 631 739 Anciliorum
654 681 686 738 et
708 672 845 738 nominis
868 683 900 738 et
921 683 1014 760 togae
1317 673 1360 738 to

479 793 607 860 Oblitus
630 803 848 882 aeternaeque
872 795 1006 872 Vestae,

521 915 676 983 Incolumi
698 917 775 982 love
798 925 830 981 et
852 914 934 982 urbe
955 917 1081 982 Roma?

435 1057 504 1122 Hoc
526 1065 656 1124 caverat
677 1077 769 1122 mens
792 1049 929 1144 provida
950 1056 1063 1144 Reguli

437 1179 663 1246 Dissentientis
685 1177 931 1246 condicionibus

481 1301 599 1368 Foedis
623 1311 655 1367 et
677 1298 826 1388 exemplo
848 1299 1003 1366 trahentis
1316 1303 1358 1367 iti

332 1445 372 1495 to.
391 1445 466 1495 Prius
483 1449 506 1494 et
523 1456 576 1494 om.
596 1443 624 1493 T.
646 1471 673 1479 -
692 1443 732 1492 ta.
751 1442 868 1492 incolomi
885 1441 930 1492 hs.
953 1471 978 1479 -
998 1443 1037 1493 to.
1051 1443 1159 1493 nubenti
1170 1443 1204 1494 de
1217 1445 1325 1496 Canten'

300 1520 369 1570 coni.
381 1521 408 1568 et
419 1531 481 1568 cum
491 1519 594 1569 comm.
605 1518 714 1581 cruquii
724 1518 752 1577 L,
764 1518 829 1566 item
838 1515 981 1578 Bentleius,
995 1519 1041 1580 qui
1052 1519 1142 1568 tamen
1154 1518 1323 1570 inAdnotatt.

298 1593 417 1658 praeiert
427 1593 534 1656 emerapli
545 1593 673 1644 trabeatis.
693 1593 732 1655 (Ut
743 1605 805 1650 uos,
824 1605 919 1643 omnes
930 1592 1028 1653 nostri,
1042 1591 1167 1652 Bentleii,
1186 1595 1324 1658 Pettierii.)

265 1715 319 1765 Liv.
333 1715 401 1780 Epit.
416 1715 536 1765 CXXViI.
552 1742 579 1750 -
593 1715 713 1778 Lauguet
726 1727 791 1779 prae
830 1714 939 1764 Vestam
951 1715 1057 1764 iiomeni
1068 1715 1168 1777 impelii
1175 1716 1269 1779 pipnto
1279 1719 1358 1766 vocat

265 1789 327 1840 lect.
339 1788 470 1840 librorum
486 1789 589 1838 tantmn
607 1803 661 1839 non
672 1790 792 1839 omnium
830 1789 932 1839 Seneca
948 1789 1072 1840 Controv.
1090 1789 1156 1850 i,3.
1171 1803 1230 1854 pag.
1244 1791 1284 1840 93.
1298 1791 1355 1855 Βὶρ.

267 1863 350 1915 altere
367 1865 394 1913 in
411 1864 493 1923 muts,
514 1875 596 1926 quam
614 1876 676 1913 cum
695 1864 793 1914 Cente-
833 1889 859 1900 -
878 1864 1000 1914 Incolumi
1014 1865 1079 1928 loce]
1096 1863 1189 1914 «Salvo
1201 1863 1356 1930 Capitolio.»

266 1951 313 1988 rus
330 1939 358 1988 et
374 1940 402 1989 T.
417 1936 501 1987 Faber
521 1939 674 1988 coniectura
691 1951 793 2002 propo-
830 1940 922 1990 Senot.

266 2013 400 2074 emeseni,
434 2011 601 2062 confirmavit
628 2026 697 2063 unus
725 2013 790 2063 Cod.
863 2013 903 2063 43.
930 2015 1041 2078 emerat]
1062 2013 1109 2063 «Et
1131 2015 1222 2063 tamen
1245 2027 1281 2064 ne
1299 2013 1356 2064 talis

266 2086 359 2138 Alteri.
379 2088 414 2150 4.,
433 2089 460 2138 iu
477 2101 531 2151 quo
548 2088 622 2138 casui
639 2087 763 2138 debetur.
829 2087 966 2152 turpitudo
984 2089 1065 2152 atque
1083 2087 1225 2150 ignominia
1237 2100 1356 2152 unquam

299 2163 324 2212 9.
342 2163 409 2228 repe]
426 2163 586 2214 invidiosum
606 2163 678 2228 apud
695 2165 793 2214 itoma-
830 2163 963 2213 Romanos
984 2162 1188 2224 dehonestaret,
1212 2161 1355 2226 providere

266 2251 315 2289 uos
338 2251 445 2289 nomen.
474 2263 501 2274 -
523 2239 626 2290 lieren
647 2239 792 2304 elipantus]
829 2235 952 2286 voluerat
979 2238 1031 2287 iam
1058 2236 1187 2300 Regulus,
1218 2239 1355 2301 specimen

267 2311 462 2364 bellicosissimi
479 2311 678 2378 italiaepopuli.
698 2313 794 2364 Liben-
830 2308 894 2361 illud
926 2323 1049 2362 summae
1083 2311 1248 2362 constantiae
1283 2315 1355 2362 cet.»

268 2390 317 2445 ter,
331 2387 484 2450 ubicunque
497 2391 595 2452 potest,
609 2402 673 2440 suae
683 2387 792 2452 Apuliae
830 2387 930 2450 Captus
953 2387 1024 2436 este
1046 2385 1311 2450 Karthaginiensibus
1331 2401 1353 2435 a.

268 2463 389 2512 meminit
408 2463 497 2525 poeta.
830 2475 857 2511 u.
877 2475 902 2510 c.
922 2459 978 2512 iae.
1016 2461 1118 2512 Crebro
1139 2461 1191 2511 hoc
1215 2460 1288 2512 idem
1314 2475 1355 2510 ar-

301 2537 341 2585 io.
360 2536 527 2600 incuterem]
540 2536 629 2587 Altera
647 2538 794 2589 iormaon-
830 2538 986 2599 gumeutum
1017 2535 1183 2586 tractabatur
1210 2535 1236 2585 in
1266 2535 1354 2586 rheto-

266 2612 353 2661 citinm
376 2613 417 2662 est
437 2613 464 2662 iu
485 2614 568 2662 inser.
587 2625 623 2662 m.
644 2614 698 2663 Lat.
717 2613 790 2665 aeti.
831 2623 890 2660 rum
913 2608 1019 2660 scholis.
1056 2609 1109 2660 Cir.
1129 2611 1184 2660 Cic.
1203 2609 1238 2660 de
1262 2610 1305 2660 Or.
1325 2609 1353 2668 3,

267 2700 331 2735 uu.
356 2687 444 2736 anab.
481 2686 543 2750 (Cir.
568 2687 791 2752 Saturnoiiormn,
829 2685 877 2746 28,
898 2682 1353 2745 i09.Val.liax.i,i,ll:iniis,

265 2761 471 2825 sperandorum.)
493 2762 562 2823 Lege
580 2761 654 2812 ovid.
674 2763 741 2814 Fest.
761 2763 791 2826 3,
830 2773 895 2822 qnae
906 2759 940 2808 ed
950 2759 1090 2809 mtodiom
1100 2758 1230 2821 relipionie
1241 2760 1352 2818 utinm,

267 2835 324 2885 ³73.
359 2835 503 2900 Nabipenes
525 2835 616 2898 clipeos
631 2839 710 2886 vocat
726 2838 791 2887 Stat.
829 2835 910 2885 nescio
933 2848 968 2883 an
992 2847 1076 2884 omnes
1091 2835 1127 2884 Μ.
1146 2833 1235 2883 Anum
1252 2833 1355 2898 iicpnins

267 2909 328 2960 silv.
342 2911 370 2971 e,
384 2912 413 2972 ἓ,
433 2910 489 2960 tet.
506 2939 532 2946 -
547 2911 628 2975 topos]
640 2913 712 2975 Virg.
725 2914 791 2963 Aen.
826 2909 991 2972 praecessent
1001 2912 1064 2968 cet.;
1081 2909 1150 2958 inter
1160 2910 1254 2972 poetas
1266 2907 1353 2958 Silium

267 2986 294 3045 t,
313 2986 377 3036 282:
407 2987 545 3048 iicrnmnos,
571 2999 658 3036 remon
682 2988 795 3036 domnos
830 2985 860 3046 6,
885 2983 933 3034 stt
956 2997 1032 3048 seqq.
1059 2975 1148 3047 (Baldo
1165 2983 1252 3046 tyrio.
1273 2985 1300 3044 t,
1319 2983 1352 3044 a,

266 3066 412 3123 peitenpne
422 3065 542 3124 wentam.
560 3060 692 3122 Florusl,
706 3061 791 3124 ine:
831 3059 943 3110 tortasse
967 3059 1045 3110 nimis
1068 3071 1162 3122 presse
1187 3059 1287 3108 lioratii
1311 3071 1355 3106 ve·

269 3135 404 3198 (Anneius)
419 3137 537 3198 patriae,
560 3138 681 3197 nonina,
705 3143 792 3202 topos,
830 3135 906 3198 stigio
929 3145 1063 3197 sequens,
1084 3131 1213 3197 pleraque
1237 3133 1299 3183 irinc
1321 3131 1353 3181 ad

267 3211 373 3273 [metam
390 3211 486 3260 oblitus.
499 3237 526 3247 -
537 3213 651 3262 Nemnis
662 3212 689 3261 h.
703 3210 719 3262 i.
733 3225 794 3262 ma·
830 3209 949 3260 Thomae
967 3209 1031 3259 Mori
1051 3208 1228 3258 constantiam
1245 3206 1353 3257 laudan-

268 3285 363 3335 uilesto
374 3298 424 3349 pro
434 3286 707 3345 «nominisliomanim
721 3284 793 3349 quod
831 3285 894 3336 dam
912 3282 1042 3345 detorsit.)

266 3361 356 3423 ipsum
378 3360 447 3409 inest
469 3359 495 3409 in
523 3372 582 3410 voc.
606 3364 686 3423 tocco.
727 3360 792 3420 Quia
864 3358 904 3411 ii.
939 3356 1136 3420 concinnitas]
1169 3369 1233 3408 casu
1264 3357 1351 3412 tertio,

268 3447 321 3484 non
338 3431 532 3496 intelligebant,
555 3433 661 3498 plurimi
679 3435 794 3499 scripto·
830 3435 861 3485 ut
877 3432 983 3494 Quintil.
1000 3435 1030 3494 8,
1049 3433 1078 3493 6,
1097 3432 1144 3483 at:
1172 3433 1262 3494 cipue
1277 3431 1353 3482 nobb

267 3521 311 3558 res
327 3507 427 3558 librarii
445 3511 593 3561 omiserunt
609 3515 646 3570 et,
666 3523 735 3573 quae
752 3511 794 3560 in·
831 3509 949 3560 dissentit

267 3580 412 3634 tolerabilis
439 3582 518 3635 lectio
549 3582 648 3648 placuit
676 3585 793 3649 Cruquio
865 3579 1352 3646 inlatranennpnbexempioper-

267 3669 299 3705 ac
316 3657 467 3719 Torrentio,
486 3661 584 3709 reiecta
602 3672 617 3708 a
634 3659 761 3710 Bentleio.
831 3659 928 3710 uiciem
940 3659 966 3707 in
984 3658 1107 3721 posteros
1120 3653 1255 3716 trahebat,
1274 3655 1352 3705 dedu-

301 3732 340 3780 ii.
361 3732 400 3780 ta.
422 3733 794 3798 Vestae10musignispignus
831 3733 921 3794 cebet,
940 3732 1034 3790 idest,
1053 3729 1192 3780 dictitabat
1202 3728 1255 3780 tale
1268 3743 1353 3780 axem·

198 3829 203 3835 ·
267 3807 325 3856 erat
353 3807 516 3857 aeternitatis
544 3810 677 3858 Romanae
708 3808 791 3859 urbis.
831 3807 905 3874 plum
923 3808 1020 3858 nimiae
1033 3805 1162 3857 facilitatis
1174 3805 1210 3855 ad
1220 3804 1353 3856 redimen-

267 3881 322 3931 Cic.
342 3879 376 3929 de
400 3881 479 3943 legg.
498 3882 528 3941 i,
553 3883 583 3932 8:
616 3883 726 3945 Vtrpines
749 3883 794 3931 Ve-
831 3883 881 3933 dos
907 3881 1029 3945 captivos
1054 3882 1108 3930 vim
1127 3881 1351 3930 etauctoritatem

265 3955 343 4005 states
359 3955 386 4004 in
401 3954 464 4005 erbe
479 3957 635 4006 custodiente
651 3957 734 4020 ipnem
744 3957 794 4019 feci
830 3957 1008 4020 perniciosam
1026 3955 1052 4005 in
1070 3955 1192 4018 posteros
1204 3953 1351 4005 habiturum

262 4029 358 4093 publici
369 4030 554 4092 snmpnamnm.
574 4032 602 4080 in
614 4029 793 4080 iureiurando
831 4043 917 4081 essen·
951 4031 1021 4079 inan.
1049 4028 1114 4079 Vide
1146 4029 1302 4080 Excursum.
1326 4051 1350 4062 -

268 4102 386 4170 Philippo
399 4104 537 4156 liacedoni
555 4105 679 4168 imposito
691 4107 792 4155 Graece
831 4107 958 4156 Ceterum
984 4103 1104 4153 trahentis
1129 4101 1243 4153 Codices
1263 4111 1351 4152 omnes

267 4182 306 4230 sie
324 4183 529 4244 expresserunt:
554 4176 608 4244 τὴν
626 4177 725 4230 ἑστίαν
742 4179 793 4245 τῆς
830 4181 938 4242 praeter
961 4178 1070 4241 cruquii
1095 4175 1282 4238 scholiastam,
1310 4173 1350 4238 qui
1405 4217 1413 4232 ,

264 4249 382 4321 Ῥώμης.
403 4253 510 4306 Diodor.
531 4255 570 4305 Fr.
591 4255 666 4306 Diod.
687 4269 712 4318 p.
734 4255 790 4305 aaa.
831 4253 926 4304 habet:
956 4253 1092 4318 atratentt]
1117 4252 1249 4303 adserenti
1271 4252 1296 4300 in
1313 4249 1350 4298 lu-
