3078 4978
566 415 665 466 hlliEli.
703 417 800 468 CARM.
819 417 850 466 V.

384 570 509 637 Tellure
532 583 681 658 porrecta
705 593 820 660 super,

340 694 446 771 Quam
468 713 531 758 non
554 713 665 760 amore
688 695 735 760 sic
756 714 830 761 meo
853 693 970 781 flagres
992 695 1036 758 uti

381 813 529 880 Bitumen
551 814 628 880 atris
650 813 788 901 ignibus.
813 852 856 862 -

341 933 408 1000 Sub
430 934 511 1001 haec
534 955 617 1022 puer
639 935 702 1002 iam
726 956 790 1003 non
813 945 848 1002 ut
869 945 943 1003 ante
966 936 1115 1004 mollibus

381 1057 498 1123 Lenirc
520 1055 630 1122 verbis
654 1057 788 1144 impias,

338 1175 404 1242 Sed
426 1176 545 1243 dubius
569 1176 655 1244 unde
678 1189 845 1266 rumperet
866 1179 1028 1245 silentium
1214 1183 1256 1246 85

380 1298 463 1364 Misit
487 1297 663 1387 Thyesteas
685 1320 817 1387 preces:

339 1422 469 1487 Venena
490 1441 641 1508 magnum
662 1421 710 1488 las
733 1423 888 1510 nefasque
911 1444 976 1488 non
997 1423 1105 1490 valent

234 1593 274 1642 st.
293 1593 342 1641 mei
360 1592 431 1655 (cum
449 1590 585 1654 Glareano)
603 1590 747 1642 Bentleius.
767 1619 796 1629 -
825 1593 866 1644 87.
889 1595 1004 1644 Venena!
1030 1607 1152 1658 mannaan
1167 1596 1220 1659 sos,

200 1665 333 1728 nefasque,
361 1680 411 1715 non
428 1667 455 1716 F.
474 1664 585 1728 (Venena
599 1667 702 1729 manico
718 1667 760 1730 sos
775 1669 894 1732 nefasque
909 1683 960 1718 non
976 1669 1074 1732 ochoi,
1092 1671 1149 1720 Non
1168 1684 1225 1722 ocr-

202 1745 255 1790 tcrc
271 1743 409 1792 bummtom
423 1743 503 1794 uicem
519 1739 797 1804 malebutBantleius.)

168 1897 254 1950 Gari:
273 1901 408 1950 utbtarat'
426 1901 543 1950 colubros
553 1900 695 1963 Dismmpit
731 1898 806 1960 hius,
826 1897 897 1949 unde
909 1899 1035 1963 loquendi
1052 1899 1192 1951 exordium
1209 1914 1255 1952 su-

168 1980 255 2024 ccntn.
291 1973 367 2025 Silius
392 1976 420 2034 8,
447 1974 507 2026 tat:
535 1980 563 2025 at
588 1975 692 2037 (novit)
731 1975 844 2024 meret.»
879 1975 917 2024 lta
941 1976 1044 2026 Drusus
1067 1989 1165 2041 exspes
1185 1977 1255 2026 vitae

169 2050 282 2100 Marsico
302 2049 380 2112 pubes
403 2051 436 2099 st
461 2049 552 2100 bcllme
571 2063 651 2100 mortu
672 2055 695 2099 ct
731 2047 872 2099 meditatas
890 2049 1107 2112 compositasque
1125 2048 1196 2100 diras
1208 2051 1256 2100 im·

168 2125 292 2185 ominans
307 2129 412 2174 nonime
428 2139 541 2188 soporem
555 2125 695 2187 Vipereum-
730 2125 856 2186 precatur
875 2122 980 2173 Tiberio
998 2123 1069 2188 apud
1087 2125 1169 2175 Tacit.
1186 2125 1253 2174 hun,

166 2211 214 2260 pata
230 2198 311 2248 herbis
328 2199 441 2249 hebetare
457 2204 480 2249 ct
502 2201 613 2248 carmine
632 2201 693 2249 den-
730 2197 758 2257 6,
778 2196 818 2248 il.
841 2225 868 2234 -
889 2197 1017 2259 thyesteas
1029 2199 1124 2262 preces]
1144 2211 1255 2262 aproru-

166 2278 223 2323 tem.
243 2271 306 2323 Geli.
322 2273 367 2333 tc,
382 2275 428 2322 tt:
446 2275 541 2324 Martio
555 2273 694 2323 bominibus
730 2271 810 2334 pitin
827 2271 912 2333 diros,
932 2270 1025 2334 quales
1042 2273 1174 2335 Thyestae
1196 2272 1255 2323 lue-

165 2373 180 2384 ·
196 2373 211 2383 ·
231 2347 387 2409 otrentum
408 2348 512 2411 penituit
530 2349 618 2398 datm
639 2353 690 2408 cst,
729 2347 790 2396 runt
806 2347 832 2395 in
851 2345 1016 2396 exsecrando
1033 2347 1127 2408 Atreo,
1147 2347 1192 2410 qui
1204 2346 1255 2396 ira-

164 2427 193 2472 ut
214 2423 365 2485 serpentium
386 2423 569 2472 vinulentorum
585 2423 691 2474 minito-
728 2421 761 2468 tri
780 2418 846 2470 tilios
865 2418 1010 2471 trucidatos
1028 2421 1054 2470 in
1071 2420 1154 2471 frusta
1170 2421 1256 2472 dissc-

165 2509 206 2548 ναι
216 2499 266 2547 sint
280 2503 303 2548 et
319 2498 498 2548 incentionibus
508 2498 692 2560 barbarumque
728 2497 786 2546 clos
812 2497 839 2545 ei
862 2497 952 2545 coctos
975 2497 1162 2560 apposueram
1198 2497 1252 2547 Cic.

164 2573 230 2622 rucis
250 2573 349 2635 sumant
376 2572 530 2622 ntcdelorum
553 2574 688 2624 mirantia.
728 2571 804 2621 Tusc.
825 2571 852 2631 l,
875 2569 921 2621 li:
949 2571 1106 2621 horcorotnr
1126 2571 1256 2621 lncnbntis

197 2646 286 2696 'tt-82.
305 2646 443 2710 infundamJ
460 2646 514 2696 Cic.
527 2645 637 2713 Philipp.
648 2649 688 2708 tt,
727 2658 786 2695 sana
802 2645 917 2695 uersibto
932 2646 1001 2706 opud
1011 2645 1122 2694 Ennium
1135 2645 1252 2708 thyestes,

165 2721 189 2770 6.
209 2721 243 2771 dc
260 2721 387 2771 Domitio:
405 2720 437 2771 At
452 2721 491 2770 bic
506 2735 587 2783 nuper
598 2725 692 2772 sororis
723 2720 837 2781 primum
853 2725 881 2770 ut
897 2721 1036 2783 ncusrcpio
1048 2725 1139 2782 pereat
1154 2721 1252 2770 Atreus

163 2796 216 2860 lilio
232 2795 324 2858 intitdit
338 2807 473 2856 venerium,
497 2809 547 2844 non
565 2797 638 2846 dedit,
660 2826 688 2834 —
725 2820 766 2830 -·
783 2792 896 2844 deinde:
914 2795 968 2855 ipsc
983 2794 1086 2843 summis
1101 2795 1255 2857 caniclinus

164 2869 318 2933 Fastidienti]
336 2881 399 2919 rme
418 2869 604 2933 aspernanti»,
622 2883 688 2932 non,
726 2869 833 2930 asperis,
852 2869 1013 2928 evisceratus,
1032 2868 1252 2930 interemimus,

164 2945 194 2994 ut
211 2942 253 2993 alii
275 2942 377 2993 volunt:
405 2945 472 3007 «qui
495 2945 606 3008 propter
623 2957 690 2994 nau·
726 2955 794 2991 samo
813 2955 934 3005 spargens
956 2941 1030 3003 tabo,
1055 2941 1126 2990 sanic
1148 2947 1171 2991 ct
1192 2955 1253 2992 sun—

164 3031 240 3070 seam
263 3018 351 3081 priora
374 3017 469 3081 philtra
487 3030 541 3067 nou
562 3019 688 3081 potavit»
725 3015 878 3080 quincotro.
899 3015 960 3078 (Cir.
975 3017 1030 3066 Cic.
1044 3017 1070 3066 in
1081 3016 1132 3066 Pis.
1147 3015 1192 3076 ts,
1210 3015 1251 3067 ta.

166 3119 194 3128 -
218 3093 315 3142 coelum
334 3093 403 3157 sidet]
428 3093 570 3156 «priusque
594 3094 689 3143 cuncta
727 3091 818 3153 Hans.)
852 3091 938 3140 Preces
963 3092 1054 3141 eutem
1080 3091 1105 3140 in
1134 3089 1253 3154 pedestri

163 3180 256 3216 rerum
284 3168 378 3216 natura
407 3167 568 3227 invertitur,
599 3168 633 3216 ita
660 3169 690 3217 ut
726 3177 834 3229 quoque
852 3165 972 3214 oratione
993 3177 1042 3229 pro
1061 3164 1253 3214 exsecrationi-

164 3239 269 3291 caelum
291 3241 360 3291 mari
382 3240 504 3291 subsidet
528 3241 601 3290 terra
622 3243 689 3292 mari
726 3238 786 3290 hus.
817 3240 916 3289 Caesar
932 3241 961 3290 B.
981 3240 1011 3289 G.
1031 3239 1062 3299 6,
1080 3238 1121 3288 tt.

163 3317 340 3380 superiecto.»
360 3341 389 3352 -
406 3315 529 3380 bitumen]
547 3315 580 3366 ad
592 3329 690 3380 augen—
758 3315 847 3364 87-90.
874 3313 979 3378 Venerio]
1002 3314 1070 3364 Vere
1090 3315 1251 3364 constructio

163 3389 227 3441 dam
254 3391 310 3440 vim
336 3389 462 3440 flammae
491 3391 625 3453 magicae,
660 3395 690 3442 ut
725 3390 793 3439 hace
811 3391 863 3440 esl:
882 3391 1006 3453 Mannum
1021 3389 1063 3451 sos
1078 3389 1253 3452 nosocomiu-

164 3467 233 3528 Virg.
257 3463 311 3514 Eel.
331 3465 361 3524 8,
384 3464 430 3516 82:
459 3465 564 3528 fropilcs
589 3466 689 3517 incende
724 3477 830 3514 nonnam
845 3465 924 3514 oican
939 3478 989 3514 non
1005 3465 1089 3514 unlsnt
1109 3469 1252 3514 corwcrtcrc

163 3537 281 3590 &lumine
297 3539 394 3588 lauram.
417 3567 444 3576 -
467 3540 540 3601 atris]
566 3541 690 3592 Bilumen
723 3551 836 3598 vonam
869 3538 897 3588 id
922 3541 980 3600 cst',
1009 3537 1103 3602 «legas
1129 3537 1250 3600 divinae,

163 3615 251 3677 ipsum
272 3614 374 3678 nlprnm
397 3613 479 3677 (Virg.
499 3616 544 3664 Ge.
564 3615 594 3675 3,
617 3614 687 3679 tot.)
725 3612 823 3676 quibus
849 3612 1018 3676 distinguitur
1042 3612 1082 3664 las
1108 3615 1135 3663 et
1157 3612 1249 3674 netas,

162 3689 261 3740 ardens
289 3691 406 3754 spissum
437 3689 540 3740 turnum
574 3689 687 3742 exhalat.
726 3701 800 3737 more
815 3687 950 3751 modoque
968 3687 1105 3738 hominum
1119 3688 1252 3751 (humanis

162 3766 219 3814 Non
238 3763 354 3828 loquitur
374 3764 417 3814 hic
434 3763 469 3815 de
487 3763 591 3828 ignibus
609 3777 689 3828 rogo·
725 3761 857 3825 sensibus)
876 3776 929 3812 non
947 3761 1035 3813 valent
1056 3769 1198 3814 convertere
1217 3764 1251 3827 (in

162 3851 239 3899 rum,
257 3841 287 3888 ul
304 3839 352 3888 Od.
372 3836 400 3900 l,
421 3840 465 3901 ta,
484 3839 525 3888 tu.
725 3838 901 3896 contrariam,
921 3837 947 3888 id
965 3840 1007 3888 esi
1023 3839 1049 3888 h.
1064 3838 1080 3888 l.
1101 3837 1250 3900 meliorem,

195 3913 300 3964 83-86.
327 3913 379 3964 Sub
395 3913 464 3977 boec]
489 3915 598 3964 «Statim
613 3915 689 3979 post-
724 3914 829 3976 partem
838 3913 948 3963 ilectere
961 3925 992 3962 ac
1004 3911 1095 3976 lenire)
1112 3913 1250 3973 veneficia,

162 3999 244 4051 quam
271 3989 379 4038 Canidia
402 3988 470 4038 hoec
492 3989 576 4039 verba
600 3989 687 4040 lecit.»
725 3985 872 4051 qualiavos
889 3988 998 4038 immani
1011 3988 1092 4038 modo
1105 3989 1249 4038 exercetis:

135 4103 137 4108 .
163 4089 190 4097 -
205 4061 290 4126 lenire]
310 4073 379 4112 «non
396 4063 450 4112 iam
468 4061 550 4113 lenire
568 4062 688 4113 tentabat
726 4075 791 4124 ergo
808 4063 890 4113 meris
906 4062 1030 4113 sensibus
1047 4062 1170 4112 humanis
1188 4059 1253 4111 mol-

162 4148 254 4198 sagas,
283 4137 381 4202 quippe
404 4137 447 4186 cui
469 4136 621 4201 desperatio
640 4137 689 4186 ad·
726 4135 848 4200 libusque
871 4136 997 4200 precibus
1014 4135 1126 4196 relictis,
1155 4135 1251 4198 quihus

162 4210 240 4262 deret
263 4210 369 4262 dicendi
391 4210 568 4263 libertatem.»
589 4241 616 4248 -
640 4212 689 4262 dn·
725 4225 774 4262 vos
791 4211 913 4274 mitigare
932 4213 983 4261 iarn
1002 4211 1131 4274 despero,
1155 4209 1189 4260 ed
1206 4223 1251 4259 rc-

162 4285 224 4350 bins]
244 4285 294 4336 rob
311 4287 451 4338 horrorem
463 4299 495 4338 oc
507 4285 625 4338 furorem
638 4285 690 4336 du·
725 4285 835 4350 ligiones
851 4299 989 4336 recurram
1002 4284 1119 4347 dirisque
1130 4297 1179 4334 vos
1193 4298 1253 4334 era-
