2998 4980
465 379 468 388 '
499 411 558 461 444,
578 411 598 460 i.
634 411 663 460 4.
682 413 746 462 xiv.

342 567 489 632 Portum!
512 568 623 633 Nonne
645 567 750 646 vides
773 579 809 660 ut

381 686 511 757 Nudum
533 689 667 776 remigio
690 688 774 756 laius

298 885 336 949 Et
357 881 461 948 malus
483 883 587 950 celeri.
604 885 734 951 saucius
756 885 860 952 Airioo

297 1007 528 1092 Antennoeque
550 989 680 1093 gemant
701 1027 740 1072 44
761 1006 832 1073 4444
854 1005 982 1074 ionibus

337 1127 395 1194 Vix
417 1126 535 1194 durare
558 1127 687 1194 44444444

172 1336 197 1388 i.
215 1334 299 1386 ictis?
314 1335 347 1386 st
363 1333 467 1400 disting.
487 1338 592 1387 censuit
607 1335 690 1386 Benil.
714 1335 832 1401 probans
848 1353 872 1402 μ
889 1340 916 1388 44
937 1336 969 1389 el.
994 1343 1095 1402 44444444
1110 1366 1124 1376 -
1141 1365 1156 1376 -

135 1417 250 1538 ᾖὲωιὲ
273 1414 305 1462 ut
325 1411 408 1462 edidit
431 1412 458 1462 F.
486 1409 597 1474 (possint
622 1413 702 1462 etiam
724 1408 777 1474 δκ.)
805 1439 830 1449 -
857 1412 881 1462 6.
905 1412 944 1478 co]
968 1413 1021 1463 44444
1037 1426 1069 1464 ex
1087 1411 1154 1464 Fior.

110 1664 239 1714 immerito
262 1663 348 1714 haesit
370 1661 504 1716 Beniioius
526 1662 560 1712 444
579 1661 627 1713 Od.
666 1676 770 1724 σας.-
742 1663 902 1714 imitatus
913 1665 954 1714 est
965 1663 1101 1714 Horatium
1113 1661 1190 1714 Cian-

111 1739 168 1799 4,,4
183 1739 226 1788 si.
246 1737 318 1800 443,
336 1738 416 1798 46,.6
451 1739 549 1789 Contra
567 1751 630 1788 eum
667 1737 737 1787 dian.
763 1736 797 1787 de
823 1738 902 1788 Coos.
928 1738 1027 1788 Honor.
1053 1739 1095 1788 Vl
1122 1739 1186 1788 iit:

111 1814 211 1876 egregie
235 1812 370 1878 disputent
396 1815 446 1864 444.
478 1813 609 1864 (44444444Ι
602 1827 629 1863 ιιι
667 1812 754 1875 ortuis
765 1812 878 1874 piratico
889 1812 1026 1874 pippis--
1011 1813 1190 1874 -niouoicqoe

109 1883 324 1952 iiauptleiiscir.
349 1888 390 1937 Vi.
408 1889 429 1938 i.
449 1901 476 1952 p.
494 1889 518 1938 4.
538 1889 631 1938 etLo-
665 1885 906 1950 coesisiiernioidcs,
923 1887 1189 1936 4444444444-

108 1961 172 2012 beck
186 1960 257 2010 Veri.
268 1975 353 2026 proco
365 1962 547 2012 einnonem.
559 1962 631 2012 Teri-
666 1961 721 2012 444444
736 1962 793 2023 ciis,
812 1959 880 2011 oria
894 1960 1059 2025 4444444444,
1076 1963 1191 2012 entonis

106 2037 152 2086 444.
166 2049 193 2100 p.
208 2035 257 2086 339
272 2049 332 2100 sqq.
351 2036 436 2088 Etiam
448 2035 553 2088 Liibker
563 2035 631 2086 mul-
665 2037 753 2086 444444
767 2036 1102 2101 fractisiodibriumpeiapi
1116 2042 1190 2087 44444

106 2113 131 2159 ia
145 2112 172 2160 in
186 2111 214 2160 h.
228 2108 245 2160 l.
263 2111 320 2161 sine
335 2109 386 2161 4144
396 2123 476 2161 44444
486 2111 627 2174 vituperet.
665 2112 777 2162 44444444·
801 2115 824 2162 et
847 2112 924 2160 cndu.
953 2137 980 2146 -
1005 2111 1058 2160 sine
1080 2111 1189 2176 [44444444]

105 2185 142 2234 Ite
160 2198 238 2248 seqq.
254 2185 328 2235 idem
342 2186 451 2250 copiose
468 2186 585 2250 disputat
603 2185 628 2236 in
666 2185 722 2236 seii.
740 2187 800 2250 pice
818 2184 895 2244 illitis,
912 2184 1009 2248 quibus
1024 2187 1132 2248 cingunt
1143 2199 1190 2236 44-

105 2259 253 2311 Horatianis
276 2273 303 2324 p.
322 2260 363 2320 7.,
388 2260 446 2324 ipse
466 2273 574 2324 quoquo
595 2260 629 2310 od
665 2261 752 2310 rinsm
766 2260 793 2309 et
808 2258 905 2320 latero,
924 2261 953 2308 ut
970 2259 1107 2309 iuncturae
1123 2273 1190 2310 oon·

107 2333 290 2384 coniunctivos
299 2334 478 2398 propendens.
493 2361 520 2370 -
530 2339 631 2398 4444444
666 2335 808 2394 timentur,
827 2333 1055 2397 quemadmodum
1073 2335 1114 2384 est
1129 2334 1187 2384 Act.

104 2435 118 2445 ·
146 2435 162 2445 -
185 2407 290 2472 possint]
321 2408 509 2460 Coniunctivos
539 2411 629 2474 recepi
666 2411 756 2473 Apost.
782 2409 823 2468 27,
848 2409 894 2458 io:
920 2401 1130 2470 ὑποζωννύντες
1152 2403 1185 2458 τι·

107 2483 218 2546 propter
239 2483 426 2533 auctoritatem
448 2483 532 2534 Codd.
557 2496 631 2534 meo-
667 2481 777 2533 uictos.
804 2484 870 2532 Sunt
879 2483 958 2546 igitur
967 2477 1004 2531 τὰ
1015 2475 1190 2548 ὑποζώματα

107 2569 166 2606 rum
191 2558 330 2620 antiquiss.
366 2559 408 2608 sio
434 2557 481 2608 Od.
509 2559 532 2620 4,
551 2557 575 2620 9,
595 2560 627 2608 i:
665 2555 723 2608 τῶν
738 2553 863 2628 τριήρων
879 2556 951 2621 opud
975 2556 1037 2607 Piot.
1063 2557 1097 2607 de
1123 2559 1186 2620 Rep.

110 2631 189 2692 Vides,
213 2637 243 2681 44
263 2632 318 2682 aiio
341 2637 387 2682 4444
403 2634 454 2683 444.
490 2633 543 2683 Sat.
559 2633 584 2693 2,
602 2635 627 2694 2,
667 2633 708 2694 40,
727 2635 784 2684 646.
804 2633 833 2683 C.
847 2631 941 2682 4414444
954 2629 1091 2696 Apollonio
1103 2631 1188 2682 iihod.

107 2705 152 2754 is:
174 2705 259 2768 Vides,
276 2711 305 2755 ut
321 2707 447 2771 desurgat.
483 2705 575 2757 Tibull.
603 2709 628 2768 2,
667 2707 691 2770 4,
711 2708 773 2758 3674
792 2703 860 2771 Νῆα
875 2703 899 2754 δ’
916 2699 1095 2768 --Ἔζωσαν
1112 2701 1191 2770 πάμ-

107 2781 130 2838 4,
148 2780 198 2829 264
223 2781 306 2844 niden,
323 2781 539 2846 444-4494444444.
563 2783 631 2832 Ρ44-
667 2795 780 2852 repexos
802 2781 957 2851 ἐϋστρεφεῖ
976 2773 1094 2831 ἔνδοθεν
1111 2774 1191 2847 ὅπλῳ

107 2857 171 2916 pert.
188 2855 213 2914 2,
230 2853 272 2915 34,
291 2857 339 2905 55:
360 2855 464 2918 44444444
478 2869 526 2919 me,
543 2861 572 2906 44
587 2870 630 2906 44-
667 2853 835 2922 Τεινάμενοι
852 2854 1012 2926 ἑκάτερθεν.
1046 2857 1095 2908 Alii
1107 2855 1191 2921 expli-

106 2943 185 2991 9ncm.
233 2930 389 2981 Rectissime
416 2933 506 2981 tamen
534 2931 568 2981 do
600 2945 629 2980 re
667 2935 729 2984 4444
745 2932 779 2982 de
797 2932 969 2992 rudentibus,
993 2932 1038 2994 qui
1055 2931 1105 2995 ipsi
1122 2945 1191 2994 quo-

107 3015 216 3065 prorsus
232 3007 314 3064 44444,
333 3017 414 3068 quem
431 3017 461 3056 se
475 3006 568 3056 videre
585 3019 631 3056 no-
668 3020 720 3071 que
732 3009 786 3056 ism
798 3007 868 3071 rupti
880 3007 945 3064 sini;
961 3003 1003 3055 aiii
1015 3005 1048 3054 de
1060 3003 1188 3056 remulco.

106 3089 166 3139 gare
179 3091 291 3141 prorsus
304 3080 469 3143 nequeatis,
485 3082 530 3144 qui
542 3081 632 3144 eppei-
668 3083 706 3132 De
722 3079 887 3140 retinaculis,
906 3081 1059 3143 πείσμασι,
1079 3079 1125 3142 qui
1148 3079 1191 3128 in-

107 3150 187 3212 14444,
216 3154 323 3216 ponitur
355 3153 525 3206 indicativus:
558 3156 628 3218 Virg.
667 3157 805 3220 terpreioti
822 3157 899 3216 sunt,
916 3167 971 3204 non
986 3155 1134 3215 cogitarunt
1147 3154 1191 3204 hio

107 3225 157 3276 Ecl.
177 3228 203 3287 44,
220 3228 250 3275 i:
268 3227 371 3290 Adspice
387 3256 401 3266 -
417 3234 446 3279 44
461 3231 561 3292 sparsit.
590 3229 629 3279 id.
668 3229 702 3280 de
719 3228 771 3278 alto
786 3229 862 3288 mori,
878 3229 904 3278 44
914 3240 967 3290 quo
979 3241 1029 3278 uec
1039 3227 1191 3279 retinaculis

106 3300 156 3351 Eoi.
182 3299 208 3362 i,
233 3303 280 3352 52:
309 3302 413 3366 Adspice
428 3331 443 3342 ·
459 3306 586 3355 4444444444
603 3310 632 3354 ut
668 3317 757 3367 neque
774 3304 879 3354 ancoris
897 3304 992 3353 4444444
1008 3302 1046 3352 444
1069 3304 1189 3366 possunt,

106 3378 198 3432 4444444.
217 3376 257 3427 ΑΙ.
277 3378 407 3428 laomor.
432 3379 499 3430 Vide
517 3381 633 3444 7844444-
667 3378 771 3429 nonde
788 3380 867 3442 portu
883 3378 939 3440 ogi;
960 3389 1123 3440 quemquam
1142 3390 1192 3442 per

105 3463 171 3502 rum.
206 3451 276 3514 Virg.
290 3455 355 3504 Aen.
380 3454 404 3512 6,
421 3454 481 3506 78οι
498 3456 586 3516 Viden,
604 3460 632 3506 44
668 3467 698 3504 44
711 3454 780 3517 fucis
795 3456 868 3503 recte
886 3453 982 3504 dicitur
1004 3452 1038 3502 de
1058 3452 1211 3502 retineres-¹

105 3527 631 3593 armiroestcotoortioecrirtnedtpo-
667 3527 708 3580 iis.
752 3529 915 3592 Properti,
945 3528 969 3588 8,
992 3529 1039 3577 ii:
1073 3529 1125 3578 Nec
1149 3528 1193 3577 tibi

105 3605 141 3650 ier
157 3602 212 3664 ipsc
227 3615 272 3650 suo
288 3615 406 3664 44444444
422 3604 475 3654 inm
493 3605 577 3668 4444444
590 3606 633 3655 44-
670 3603 797 3666 Tyrrheno
813 3604 926 3653 44444444
940 3603 1008 3666 simis
1029 3616 1117 3652 crona.
1153 3603 1191 3652 ld.

104 3678 177 3726 nore!
196 3673 235 3726 si.
253 3680 316 3726 444444
329 3703 344 3714 -
357 3679 444 3741 444444.
481 3679 580 3738 Quodsi
594 3677 632 3730 le-
668 3679 693 3740 3,
712 3679 736 3739 7,
751 3677 796 3726 494
812 3679 880 3728 Nom
890 3677 934 3728 tibi
944 3678 1194 3727 oootwniscdrcoc

105 3764 150 3814 gos
174 3755 286 3815 94444444,
308 3751 477 3804 nihilominus
504 3753 538 3816 (id
559 3755 631 3817 quod
668 3754 749 3816 lipsio
762 3753 879 3814 procedis
895 3751 1194 3802 Oomiadstriiooincuic

105 3823 223 3874 nonnulli
237 3824 434 3890 odduhitumni)
452 3827 553 3890 pendet
569 3841 585 3878 4
601 3842 627 3878 v.
667 3829 727 3892 [4444
750 3828 852 3877 cadunt.
895 3825 973 3888 (qur.
999 3825 1108 3876 Boecirh
1133 3826 1190 3874 Urio.

104 3901 179 3950 vides.
215 3899 343 3950 Videmus
360 3899 460 3951 maium
479 3901 628 3964 infractum,
668 3904 692 3952 d.
711 3907 756 3952 444.
775 3903 870 3962 Sesto,
889 3914 916 3965 p.
936 3901 1010 3950 ⁴36.»
1029 3901 1120 3963 iiius.)

105 3973 236 4037 simulque
255 3975 378 4026 eudimus
392 3977 525 4039 4444444444,
544 3979 630 4028 44444-
700 3978 725 4026 7.
752 3977 854 4040 moure]
882 3975 1032 4040 «perterre,
1051 3974 1190 4024 sustinere.

104 4061 187 4098 nuum
205 4045 273 4100 iliius
290 4051 317 4098 et
332 4052 509 4102 antennarum
520 4053 589 4102 inter
600 4065 630 4103 se
667 4052 737 4114 Virg.
756 4053 822 4101 Aen.
842 4051 867 4111 8,
885 4050 947 4099 tii:
975 4050 1084 4110 44444444
1099 4049 1193 4097 durare
1298 4063 1300 4070 ·

105 4119 285 4172 collidentium
303 4123 445 4188 fragorem.
465 4153 492 4162 -
510 4127 631 4176 7444444-
667 4126 786 4176 44444444,
821 4123 877 4174 Vni.
898 4124 981 4175 47444.
1000 4123 1024 4184 8,
1044 4123 1100 4173 338.
1127 4123 1190 4172 Stoi.

106 4201 157 4246 4444
179 4209 270 4248 novom
293 4197 358 4250 dixit
380 4201 461 4251 etiem
483 4201 570 4250 Livius
587 4201 628 4261 37,
668 4199 728 4250 Silv.
747 4201 772 4259 o,
790 4201 815 4260 2,
831 4199 893 4250 4534
912 4197 1024 4249 Durobis
1034 4209 1193 4259 4444444444

108 4269 145 4320 ii.
162 4274 189 4321 et
202 4273 296 4323 Graeci
317 4270 390 4338 νῆας
406 4274 629 4346 τραυματισθεί-
666 4276 755 4325 vics.»
782 4276 873 4324 34444.
903 4299 929 4308 -
956 4270 1068 4334 carinae]
1094 4271 1192 4322 Omnes
