2986 4974
676 415 803 465 llOIiATll
822 413 990 466 caedisti!

471 557 475 563 ¹
503 572 661 638 Mercator
682 572 824 638 exsiccet
846 569 972 637 culullis

544 695 623 759 Vina
645 695 728 782 Syra
751 701 901 780 reparata
922 711 1045 765 merce,

460 853 515 917 Dis
538 872 634 918 carus
657 851 752 938 ipsiS,
781 851 904 940 quippe
926 861 975 916 ter
997 860 1029 916 et
1051 859 1167 936 quater

462 975 551 1038 Anno
575 973 721 1039 revisens
744 993 869 1059 aequor
891 970 1081 1038 Atlanticum

504 1094 647 1182 lmpune.
693 1095 743 1160 hle
765 1104 903 1180 pascunt
924 1091 1044 1165 olivae,
1338 1090 1375 1154 lii

357 1283 396 1331 ll.
415 1283 456 1330 cui
477 1283 527 1332 illia
546 1284 579 1343 B,
602 1283 692 1332 editio
712 1284 740 1332 Τ.
766 1309 793 1320 -·
819 1285 859 1333 is.
878 1287 987 1345 poscant
1007 1293 1069 1330 cum
1093 1279 1109 1329 λ
1133 1282 1159 1330 et
1176 1282 1239 1330 Tan.
1259 1280 1345 1331 Fabro

324 1355 407 1408 Bentl.
428 1357 543 1419 (pascunt
559 1371 655 1408 omnes
672 1359 725 1408 mei
743 1360 770 1408 et
786 1355 921 1417 Pottierii.)

291 1523 404 1575 alterum
422 1527 501 1576 dedit:
527 1529 667 1590 «premant
682 1528 765 1576 vitem
783 1527 814 1588 li,
852 1526 910 1575 erat
937 1527 1047 1589 propter
1074 1524 1188 1574 Lilblreri
1217 1525 1377 1576 contrariam

291 1598 388 1662 quibus
400 1601 513 1650 Fortuna
532 1599 606 1650 dedit
622 1602 729 1651 vitem.»
753 1603 816 1650 Dn-
852 1599 1019 1650 sententiam.
1050 1599 1167 1658 Etenim,
1185 1601 1215 1647 ut
1232 1600 1285 1649 Sat.
1299 1599 1329 1658 2,
1349 1597 1376 1654 3,

292 1687 441 1736 cananaeae,
457 1676 498 1724 cui
511 1674 579 1726 ultro
589 1675 814 1726 obsecutussnm.
852 1673 913 1723 iae:
940 1687 1023 1723 socos
1038 1699 1052 1709 -
1064 1687 1153 1734 -quos
1177 1685 1236 1723 cere
1258 1673 1377 1735 peruris,

290 1750 401 1812 saepius
418 1751 499 1806 enim,
519 1762 601 1812 quam
617 1749 705 1799 adhuc
717 1749 816 1799 lactum
852 1749 890 1797 sic
907 1749 934 1798 h.
953 1747 971 1798 l.
989 1761 1113 1809 reparare
1130 1749 1171 1797 est
1189 1748 1304 1797 «mercis
1321 1745 1378 1796 loco

291 1825 345 1882 est,
382 1821 479 1886 duplici
511 1823 662 1874 huiusmodi
694 1828 817 1874 constru-
853 1821 1072 1886 (permutatione)
1099 1833 1228 1883 parere.»
1269 1819 1378 1871 Bentleii

290 1897 378 1946 ctione
391 1895 550 1948 difficiliores
562 1901 703 1962 poetarum
715 1899 818 1948 Latino-
852 1896 1034 1959 interpretatio
1074 1897 1206 1956 «condito,
1246 1895 1378 1945 medicata

290 1983 350 2019 rum
359 1968 432 2020 locos
441 1971 583 2021 commode
593 1970 727 2036 explanari
736 1984 816 2036 posse
852 1971 962 2030 nardo»,
985 1973 1115 2035 repugnat
1131 1969 1318 2022 consuetudini
1335 1972 1380 2020 La-

292 2043 588 2108 mihipersuasumest.
605 2047 726 2106 —Cules‚
740 2048 818 2096 Cam·
852 2047 931 2096 tinae.
959 2044 1047 2095 Altera
1065 2044 1143 2096 lectio
1160 2051 1189 2095 ut
1205 2045 1304 2106 aurete,
1323 2047 1378 2094 orta

290 2119 385 2182 paulae
410 2119 537 2183 oppidum
560 2121 586 2170 in
610 2133 673 2184 agro
691 2121 815 2183 Sidicino,
853 2121 1188 2180 exconinnctivoecsiccat,
1205 2118 1380 2170 falsamhanc

291 2192 372 2244 hodie
391 2194 470 2243 Calvi.
505 2195 534 2243 lu
551 2208 631 2259 prosa
649 2199 727 2245 orat:
752 2196 817 2246 «Vi-
851 2195 930 2245 inlert
946 2195 1117 2246 sententiam:
1138 2193 1201 2244 «Alii
1218 2192 1328 2244 Calibus
1342 2193 1380 2242 vi-

291 2279 357 2318 neas
375 2266 478 2318 feraces
493 2267 600 2319 Calibus
612 2269 740 2331 habeant,
760 2271 819 2334 qui·
852 2272 913 2319 neta
932 2269 966 2319 ad
984 2281 1047 2319 eum
1065 2270 1146 2319 finem
1164 2267 1260 2328 colant,
1279 2270 1310 2317 ut
1323 2281 1381 2333 pre·

291 2341 386 2392 bus'id
403 2344 536 2393 concessit
552 2345 696 2395 Fortuna.»
723 2346 770 2396 0d.
791 2347 815 2406 t,
851 2345 919 2394 tioea
948 2345 1008 2393 vina
1037 2343 1155 2394 habeant
1184 2345 1379 2393 mercatores.»

290 2417 332 2476 ΞΟ,
351 2419 380 2466 9:
400 2417 491 2467 Caleno
503 2419 575 2480 prelo
593 2421 713 2470 domitam
729 2435 815 2482 avaro,
853 2418 990 2470 Manilesto
1008 2418 1061 2468 duo
1073 2417 1142 2482 volgi
1160 2431 1258 2482 genera
1271 2414 1380 2488 παρολ-

290 2492 359 2541 inter
376 2492 435 2541 vina
454 2495 634 2554 generosiora.
853 2490 947 2559 λήλως
973 2496 1122 2557 ponuntur,
1152 2491 1214 2541 hinc
1241 2493 1380 2542 vinearum

325 2566 364 2614 tl.
383 2566 497 2629 asbret]
517 2571 660 2632 repetet»,
684 2582 746 2619 cum
768 2569 817 2619 ali·
852 2580 1039 2633 possessores,
1066 2565 1136 2617 illinc
1160 2566 1255 2616 divites
1276 2578 1381 2616 merca-

291 2653 343 2702 qua
369 2640 499 2690 aviditatis
525 2643 723 2705 significatione.
761 2646 814 2694 Cic.
853 2645 934 2693 tores.

291 2714 325 2764 ad
339 2713 427 2764 Famil.
443 2716 483 2776 l6,
502 2717 542 2765 26:
563 2718 692 2782 hyenae-
704 2720 817 2782 -surttm
888 2718 928 2767 ⁴3.
955 2718 1002 2768 Dis
1022 2730 1098 2766 caries
1118 2715 1186 2780 ipsis]
1208 2715 1278 2766 Κατ’
1299 2717 1381 2786 εἰρω-

291 2789 437 2838 ausiccoiue.
468 2789 515 2840 Od.
544 2793 571 2851 l,
599 2792 645 2852 35,
673 2793 717 2841 Ἧι
748 2794 818 2842 codis
853 2793 941 2842 vatav.
970 2791 1129 2842 «Mercatori
1154 2791 1196 2840 isti
1219 2790 1285 2841 deos
1302 2791 1380 2840 valde

291 2863 353 2913 con
369 2864 560 2926 succederetis.
582 2893 610 2903 -
628 2867 734 2932 ematis]
749 2871 814 2918 aca—
853 2867 981 2931 propitios
998 2879 1073 2926 esse,
1102 2866 1186 2928 magis
1208 2867 1281 2914 certe
1300 2877 1381 2928 quam

290 2935 354 2988 lices
372 2937 478 3000 fictiles,
498 2938 596 3002 quibus
611 2941 750 3005 pontifices
766 2944 819 2992 vir·
853 2941 964 3005 pauperi
975 2943 1081 3004 poetae,
1100 2937 1294 3002 illudprolecto
1311 2937 1381 2988 clare

291 3013 419 3075 ginesque
445 3011 564 3065 Vestales
594 3017 619 3064 in
648 3018 731 3066 sacris
757 3019 817 3066 ute·
854 3015 1033 3074 demonstret,
1064 3013 1136 3078 quod
1165 3014 1308 3076 quotannis
1334 3013 1382 3063 eli-

290 3085 414 3137 bantur.»
433 3090 523 3138 Sciron.
556 3092 622 3140 Tum
649 3091 682 3142 de
704 3092 817 3142 divitum
853 3091 958 3154 quoties
988 3090 1014 3138 in
1043 3091 1129 3138 terres
1156 3086 1235 3150 longe
1264 3090 1381 3138 remotas

291 3162 477 3224 grandioribus
505 3164 606 3228 poculis
637 3165 814 3230 (humpen).
854 3166 911 3214 sine
932 3162 985 3214 ulla
1006 3164 1107 3213 iactura
1125 3165 1152 3212 et
1169 3163 1226 3213 sine
1245 3162 1381 3226 naufragio

291 3238 344 3286 hrt.
363 3239 435 3300 poet.
456 3237 513 3289 iet.
853 3241 984 3303 penetrat.
1014 3239 1068 3300 Ego
1091 3251 1155 3288 vero
1180 3236 1294 3296 deliciis,
1322 3237 1381 3300 qui-

325 3312 363 3359 ll.
383 3313 572 3377 Sura-mmcd
591 3317 718 3368 aromatis
735 3317 815 3378 atque
854 3315 905 3366 bus
933 3311 975 3363 illa
1002 3313 1108 3374 lruitur,
1137 3313 1249 3376 spretis,
1279 3310 1382 3375 simpli-

291 3387 432 3446 uugueutis
458 3399 491 3436 ex
516 3388 590 3437 ludia
616 3391 642 3438 et
668 3389 762 3439 Arabia
790 3391 816 3440 in
854 3389 967 3439 cissimis
985 3385 1137 3451 quibusque
1156 3385 1222 3436 cibis
1239 3387 1327 3436 utor.-

291 3458 383 3518 syriae
409 3460 610 3524 Phoenicesque
632 3462 730 3526 oppida
752 3477 818 3514 con·
887 3463 926 3512 lt.
961 3461 1123 3512 indicativus
1148 3464 1256 3523 pascunt
1282 3463 1310 3510 et
1334 3473 1382 3508 au-

291 3533 375 3584 vectis
393 3536 420 3583 et
437 3533 497 3584 inde
515 3536 748 3594 Romamdelatis;
768 3551 817 3602 pro
854 3537 974 3586 ctoritate
1000 3534 1084 3585 Codd.
1110 3532 1328 3593 commendatur,
1356 3536 1383 3582 et

291 3607 332 3657 his
351 3608 427 3670 igitur
444 3613 579 3660 mercator
595 3618 713 3674 reparat,
737 3613 817 3662 vicis·
854 3613 910 3675 ipsa
928 3611 1073 3671 sententia,
1100 3623 1169 3673 quae
1187 3610 1275 3672 petius
1292 3608 1383 3671 requi·

291 3683 342 3732 sim
363 3685 453 3745 parat,
480 3687 615 3748 permutat
636 3688 696 3736 vina
717 3691 817 3738 Graeca
854 3687 887 3735 rit
904 3699 964 3735 rem
981 3687 1098 3744 certam,
1120 3685 1239 3748 praestat
1255 3683 1381 3746 optativo.

292 3759 319 3806 et
342 3756 440 3808 italica.
476 3761 702 3812 permutationem
727 3765 817 3813 autem
889 3761 929 3810 l6.
956 3759 1078 3823 cichorea]
1101 3758 1181 3819 Quasi
1204 3761 1383 3826 ιικιχορεῑον

291 3833 352 3881 ante
379 3832 470 3884 oculos
493 3832 570 3884 nobis
592 3836 667 3898 ponit
688 3839 767 3899 poeta
789 3839 819 3886 ut
855 3849 904 3901 pro
929 3831 1082 3904 κιχώριον,
1107 3831 1206 3896 volgari
1230 3833 1382 3882 Latinorum

292 3907 425 3957 actionem
450 3907 642 3960 evidentiorem
668 3915 706 3970 et,
733 3925 818 3976 prope
855 3910 1016 3975 pronuntiat.
1046 3909 1191 3958 ctcbortmm
1231 3904 1326 3956 Celsus
1353 3907 1381 3962 2,

292 3980 418 4042 dixerim,
453 3984 536 4046 magis
568 3986 699 4048 poeticam
736 3997 819 4049 quem
855 3985 902 4036 al:
926 3983 1051 4034 stoutaclto
1068 3987 1131 4044 opto
1147 3979 1321 4031 emtionibus
1338 3979 1384 4042 (ci-

292 4055 427 4107 sordidam
446 4072 477 4108 ac
494 4059 675 4123 quotidianam
692 4060 746 4109 vini
760 4072 820 4109 em·
856 4059 939 4110 chorii
951 4057 1077 4122 species),
1093 4057 1192 4106 lactuca
1204 4056 1255 4105 cet.
1272 4081 1299 4090 -
1313 4053 1382 4116 iaia]

292 4129 412 4193 ptionem
447 4133 544 4186 iactam
573 4146 605 4182 ex
634 4132 818 4196 quaesticulo,
858 4133 1043 4184 «stomachum
1060 4145 1113 4181 non
1131 4131 1286 4194 gravantes,
1309 4127 1382 4179 tacite

292 4217 375 4266 quem
409 4208 432 4256 ei
466 4209 618 4271 procuravit
646 4209 711 4270 Syra
745 4221 819 4258 merx
857 4206 1098 4272 concoquendae.»
1133 4207 1180 4270 Ep.
1208 4205 1238 4264 ἲ,
1264 4204 1310 4254 58:
1340 4207 1383 4252 out

293 4281 435 4332 commode
452 4282 566 4332 vendita.
595 4285 820 4334 Monendumhoc
856 4284 931 4347 pram
947 4283 1048 4334 Μιλυαι
1065 4279 1177 4334 idaim
1192 4280 1301 4342 corpori.
1324 4277 1382 4328 Cel-
