3002 4974
548 519 551 526 ,
619 459 620 462 ’
691 463 818 511 rroaarn
838 460 1005 512 cinnanum

474 619 615 684 Tandem
638 617 860 707 querelarum,
885 627 917 682 et
939 617 1045 703 potius
1076 637 1158 682 nova

518 743 690 807 Cantemus
713 739 847 826 Augusti
869 747 1003 825 tropaea

304 1057 458 1107 structione.
483 1056 571 1118 Eurip.
592 1055 728 1104 Phoeniss.
749 1052 825 1102 icit:
864 1045 962 1113 secere,
990 1051 1070 1099 melai
1096 1051 1224 1099 materian
1247 1055 1381 1099 perhenne

304 1127 414 1195 Λήξασ’
427 1124 560 1200 ὀδυρμῶν
577 1129 724 1194 πενθίμων
737 1124 828 1176 eada·
865 1126 976 1186 exemplo
1001 1139 1107 1188 reperim
1131 1125 1157 1173 iu
1182 1125 1217 1174 ad
1243 1125 1379 1188 l'ipreuem,
1485 1121 1486 1182 l

303 1201 406 1276 κρύων.
437 1205 478 1253 Sic
496 1204 543 1254 Od.
563 1204 591 1262 3,
610 1204 655 1262 ai,
675 1203 718 1252 69:
745 1203 827 1252 Absti—
863 1201 1011 1249 Artavasdis
1024 1200 1118 1264 fllium,
1142 1205 1254 1261 nepotem
1276 1200 1382 1262 Tiprauis

301 1282 479 1330 neto-irarum.
517 1279 594 1341 (Virg.
613 1281 678 1327 Aen.
699 1277 743 1337 to,
766 1275 823 1326 iit.
863 1276 942 1339 repis,
965 1289 1013 1336 per
1037 1273 1087 1324 Tib.
1106 1275 1244 1334 Neronem,
1271 1274 1312 1335 eei
1332 1278 1382 1322 tum
1485 1291 1486 1314 1

301 1363 396 1417 tempus
412 1355 525 1403 decutere
538 1366 640 1416 poppae
655 1353 696 1401 est
711 1351 825 1412 dativus,
864 1350 1059 1412 eretprieipeus
1069 1362 1151 1410 meres,
1164 1349 1308 1412 hamsocre.
1327 1347 1382 1398 Vel·
1485 1361 1486 1420 p

301 1433 331 1478 ut
355 1431 418 1478 Stat.
438 1427 521 1478 Theb.
546 1429 574 1487 ὅ,
599 1427 656 1477 ait.
680 1427 761 1476 labori
782 1428 824 1475 de·
863 1421 905 1472 lei.
924 1425 952 1484 i,
972 1423 1017 1473 94:
1043 1422 1164 1473 Tiberius
1181 1437 1239 1472 mem
1255 1422 1383 1486 bpimibas
1485 1431 1486 1460 1

303 1504 371 1552 stitit.
393 1503 445 1552 Cir.
460 1503 625 1552 Baehooud.
639 1501 825 1551 Gebreuebder
863 1498 987 1560 inpressas
1002 1497 1160 1558 Amanium,
1191 1499 1295 1546 redacta
1315 1511 1345 1546 eo
1359 1498 1382 1545 iu

300 1579 377 1628 Coeus
390 1578 417 1626 in
435 1578 479 1626 cler
498 1577 542 1625 let.
559 1577 712 1638 Dichterspr.
726 1590 752 1640 p.
772 1574 823 1638 li.)
859 1577 1005 1634 potestatem
1018 1573 1044 1622 P.
1062 1572 1090 1621 ll.
1107 1585 1213 1635 regnum
1230 1573 1282 1621 eires
1297 1573 1383 1621 Arte-

332 1653 371 1702 te.
390 1652 495 1715 tepuisti
511 1651 624 1714 tropaeo]
643 1653 700 1710 Quo
715 1651 823 1701 animio
860 1647 948 1695 vesei
960 1647 1038 1705 dedit·
1051 1645 1096 1695 ubi
1106 1660 1181 1695 error
1189 1645 1296 1696 ridetur
1304 1647 1381 1711 ipsius

298 1725 369 1776 luctu
387 1726 504 1776 amicum
522 1727 637 1786 avertat,
656 1737 719 1775 eum
736 1725 824 1774 borta-
861 1722 1000 1783 scriptoris
1012 1733 1062 1784 pro
1076 1721 1215 1784 Tipreei.
1242 1722 1305 1770 Tac.
1320 1724 1380 1771 Ann.

298 1803 353 1861 tur,
371 1803 505 1850 utsecum
516 1800 592 1862 quasi
605 1800 754 1849 certaturus
767 1813 824 1848 ear-
860 1797 888 1856 2,
908 1795 932 1844 a.
952 1797 1000 1845 Dio
1012 1794 1058 1856 ci,
1072 1795 1096 1844 9.
1115 1795 1257 1845 Accedunt
1274 1797 1380 1846 nummi.
1485 1807 1486 1826 ¹

297 1875 369 1924 mine
387 1876 497 1936 tropaea
514 1871 555 1922 illa
574 1872 705 1935 celebret,
725 1872 822 1938 duplex
859 1869 959 1920 Eckhel
976 1871 1018 1919 Vl.
1037 1883 1063 1933 p.
1084 1869 1131 1919 98:
1156 1871 1287 1920 CAESAR.
1306 1872 1378 1920 Dll'i.

298 1950 337 1998 sic
363 1949 531 2011 propositum
554 1960 717 2010 assequens,
745 1952 774 1998 ut
796 1951 823 1999 et
859 1945 888 1993 F.
906 1945 1005 1994 anub.
1026 1943 1131 1994 cerri.
1164 1946 1297 2008 (Armenia
1316 1959 1380 2007 genu
1485 1997 1486 2016 ἢ

296 2023 444 2084 Augustum
473 2023 583 2085 propter
613 2035 658 2071 res
691 2035 820 2086 prospere
860 2019 928 2068 llexa
937 2019 1068 2081 porrectis
1078 2018 1234 2082 suppliciter
1243 2019 1381 2078 manibus}
1485 2025 1486 2080 ξ

295 2099 384 2159 gestas
402 2094 509 2158 obliqua
527 2094 625 2157 laudet,
645 2098 672 2146 et
688 2098 821 2160 poeticam
858 2094 1014 2142 ARMENIA.
1035 2093 1140 2142 CAPTA.
1169 2093 1291 2156 (Victoria
1313 2097 1381 2144 stans
1485 2091 1486 2108 ³

295 2171 376 2233 Valgii
406 2169 557 2221 facultatem
586 2173 740 2236 praedicet,
771 2173 820 2222 etsi
860 2167 975 2218 cultrum
998 2170 1024 2218 in
1046 2169 1115 2219 tauri
1137 2169 1261 2227 iacentis,
1288 2169 1380 2226 idest,
1485 2181 1486 2228 3

294 2245 379 2308 proba
397 2244 501 2295 sciebat
518 2259 567 2296 nec
585 2246 635 2296 sibi
652 2249 820 2311 propositum
859 2244 937 2293 Tauri
949 2243 1062 2302 mentm,
1077 2241 1196 2305 iugulum
1208 2242 1342 2308 demittit.)
1353 2271 1377 2280 -

295 2333 356 2369 esse
374 2322 484 2382 Augusti
495 2323 668 2383 praeconium
681 2324 820 2384 perpetuis
858 2319 990 2379 Niphates,
1012 2319 1154 2368 Armeniae
1172 2331 1259 2368 mons.
1290 2319 1381 2368 Strabo
1485 2333 1486 2388 ᾗ

293 2395 447 2458 panegyrici
469 2397 574 2456 generis
596 2396 759 2446 carminibus
781 2397 819 2446 ie·
859 2393 1004 2456 lipsii:
1019 2385 1382 2460 leserapi'dppsve'als'g‘al-
1485 2391 1486 2438 t

294 2482 357 2518 cere
381 2482 469 2532 neque
494 2469 520 2519 id
541 2483 671 2520 ausurum
690 2470 817 2533 Valgium,
857 2482 936 2536 ρεται
961 2465 1048 2516 πλέον
1072 2467 1121 2516 καὶ
1138 2465 1267 2517 καλεῖται
1283 2465 1379 2530 Νιφά-
1485 2481 1486 2536 j

294 2544 339 2606 qui
364 2556 424 2594 sese
448 2544 609 2593 continuisse
632 2545 698 2594 intra
721 2543 818 2607 elegias
858 2557 916 2607 της.
944 2555 970 2606 p.
991 2541 1055 2590 523:
1086 2534 1105 2606 ἡ
1131 2539 1161 2591 δὲ
1187 2539 1380 2614 προσάρκτιος

292 2616 408 2666 videtur.
433 2619 600 2680 Quamquam
619 2620 699 2668 etiam
716 2621 742 2669 in
761 2619 819 2668 tali-
857 2611 954 2686 ὀρεινὴ
972 2617 1021 2666 καὶ
1038 2621 1159 2688 τραχεῖα
1180 2619 1230 2666 καὶ
1251 2613 1380 2689 ψυχρά.

293 2691 359 2750 bus,
379 2692 428 2741 elsi
451 2693 572 2740 tenuiore
595 2691 667 2752 stilo,
692 2694 818 2757 princeps
857 2694 905 2741 Dio
918 2691 962 2752 tt,
982 2693 1008 2741 3t
1023 2707 1028 2740 :
1046 2689 1322 2763 κρυσταλλώὸης
1339 2689 1381 2744 ἀεί

292 2768 333 2816 vir
344 2765 467 2817 laudibus
480 2766 568 2815 efferri
580 2770 692 2829 poterat.
726 2770 818 2818 Omnia
858 2767 927 2816 ποτέ
951 2765 1019 2816 ἐστι.
1056 2766 1158 2825 Quibus
1185 2781 1200 2816 e
1226 2767 1294 2819 locis
1319 2772 1380 2822 satis
1485 2783 1486 2786 ’

293 2842 360 2890 haee
383 2839 481 2891 blande
506 2843 586 2902 atque
612 2841 728 2902 urbane,
756 2856 818 2892 oum
857 2840 1001 2902 colligitur,
1028 2842 1164 2903 quomodo
1181 2855 1207 2892 v.
1227 2844 1326 2906 rigidas
1342 2847 1381 2895 in·
1485 2849 1486 2860 ³

292 2915 373 2964 nimia
391 2919 419 2964 et
435 2914 539 2978 putida,
568 2919 596 2964 ut
618 2915 697 2974 solet,
725 2916 819 2966 adula-
857 2915 1059 2978 terpretandum
1070 2917 1116 2976 sit,
1129 2919 1159 2964 ut
1170 2929 1234 2967 vere
1244 2919 1380 2982 proprium
1485 2939 1486 2964 ;

292 2991 363 3039 tione
387 3002 452 3040 usus
476 2991 590 3053 scriptor
616 2992 769 3053 panegyrici
791 2993 817 3040 io
856 2989 974 3052 Niphatis
987 2990 1021 3038 sit
1032 2987 1182 3052 ἐπίθετον,
1196 2989 1301 3042 scilicet
1319 2993 1381 3042 «ir-i-
1485 3001 1486 3052 j

292 3062 433 3114 Messalam
458 3061 558 3126 (Tibull.
578 3063 606 3124 l,
631 3063 665 3125 t.)
688 3066 747 3114 ⁴79:
775 3067 820 3115 Est
856 3063 962 3124 gidus»,
989 3061 1032 3112 vel
1053 3063 1151 3126 quibus
1177 3065 1323 3129 ἐπιθέτοις
1347 3067 1378 3116 de
1485 3055 1486 3116 l

291 3139 335 3186 tibi
358 3140 401 3200 eei
420 3139 498 3200 possit
519 3140 619 3212 meppie
641 3153 666 3189 se
689 3142 818 3203 accingere
856 3137 1008 3187 huiusmodi
1030 3137 1159 3190 tractibus
1180 3139 1242 3191 alibi
1259 3145 1377 3202 utuntur,
1485 3139 1486 3160 ³

291 3213 378 3274 rebus,
399 3214 516 3277 Valgium·
534 3219 636 3264 aeterno
649 3215 818 3276 propiorem
854 3212 983 3275 glacialis,
1012 3212 1112 3262 emath.
1166 3215 1214 3266 Alii
1249 3215 1381 3280 explicant

292 3288 356 3336 alter
379 3289 500 3344 Hoeerm
528 3289 562 3336 de
589 3301 642 3351 quo
668 3289 727 3340 loeo
753 3292 817 3340 satis
857 3288 942 3335 «sanis
965 3287 1021 3336 suis
1046 3299 1107 3337 sese
1129 3288 1181 3339 alte
1199 3289 1377 3351 extollentem,

292 3361 403 3424 quidem
420 3363 587 3425 noviUngeri
601 3365 749 3427 opiniones,
768 3366 816 3415 sed
856 3360 995 3421 arduum»,
1015 3365 1044 3410 ut
1061 3363 1114 3412 iam
1131 3363 1262 3414 pisander
1281 3367 1380 3430 Nipha-
1485 3363 1486 3412 j

292 3448 368 3484 meas
386 3448 438 3485 uon
456 3435 533 3486 laeio.
856 3439 901 3486 ten
918 3432 1096 3486 ἐϋσκόπελον
1112 3441 1222 3489 vocarat
1238 3441 1311 3503 apud
1323 3443 1379 3491 Sic·
1485 3439 1486 3462 ³

325 3509 365 3556 io.
386 3510 426 3557 il.
446 3511 484 3559 Da
503 3510 529 3559 b.
548 3509 564 3560 l.
584 3526 636 3564 non
655 3514 712 3564 sine
731 3515 817 3565 imctu
855 3512 974 3574 phanum
987 3513 1049 3574 Byz.
1063 3525 1089 3575 p.
1103 3512 1171 3572 594..
1190 3514 1217 3562 id
1232 3515 1305 3577 quod
1317 3513 1378 3566 nibil

293 3581 433 3632 consulere
452 3597 523 3634 nune
544 3588 617 3648 potui
639 3589 725 3651 Unger
741 3590 772 3638 V.
786 3591 815 3639 li.
855 3585 937 3635 babet
962 3587 1074 3649 proprii,
1099 3590 1129 3635 ut
1150 3586 1284 3650 singulare
1301 3591 1377 3640 huius

292 3669 319 3719 p.
333 3655 454 3706 ais-36⁴.
472 3684 497 3693 -
510 3661 623 3724 tropaeo]
636 3665 665 3711 ut
675 3661 709 3711 de
721 3663 817 3713 eadem
856 3661 953 3712 montis
965 3662 1000 3710 sit
1010 3659 1151 3710 ἐπίθετον.
1186 3663 1242 3713 lam
1253 3677 1319 3714 vero
1332 3677 1378 3716 ne-
1485 3659 1486 3682 ³

292 3743 323 3778 re
342 3729 412 3792 Virg.
432 3731 477 3780 Ge.
497 3732 525 3793 3,
550 3733 595 3783 32:
622 3735 654 3783 Et
675 3736 724 3784 duo
739 3742 819 3798 rapte
855 3739 911 3800 gari
937 3750 989 3787 non
1015 3738 1104 3800 potest
1129 3750 1144 3787 a
1169 3739 1257 3802 poetis
1282 3741 1377 3790 Latinis
1485 3785 1486 3792 ,

292 3816 371 3852 meere
385 3804 482 3854 diuerso
493 3807 725 3870 eebesteirepeeo.
745 3812 818 3860 Nouo
856 3812 986 3875 Niphaten
1003 3810 1125 3861 habiturn
1143 3825 1202 3862 esse
1220 3826 1271 3876 pro
1291 3815 1377 3864 llumi-
1485 3805 1486 3820 ¹

294 3877 430 3940 (recentia)
454 3881 545 3934 autem
569 3885 678 3945 tropaea
699 3885 817 3946 primurn
856 3899 889 3936 na
917 3887 1023 3948 (Lucan.
1050 3887 1079 3946 3,
1106 3886 1172 3938 ait:
1200 3888 1377 3950 Aranenieeeue
1485 3873 1486 3886 ¹

293 3954 356 4002 sunt
377 3954 550 4014 Armeniaca,
575 3955 609 4005 de
633 3957 730 4019 quibus
751 3959 816 4022 Epp.
855 3966 937 4010 eneis
952 3961 1167 4012 volventemsoeo
1176 3963 1311 4024 Niphaten.
1337 3964 1377 4013 Si·
1485 4011 1486 4050 ,

294 4028 322 4086 i,
347 4027 390 4087 ta,
414 4029 460 4076 iit:
491 4029 580 4080 01αωί
599 4033 693 4081 virtute
714 4034 820 4083 Neronis
855 4034 905 4084 lius
923 4033 967 4096 43,
987 4035 1052 4084 765:
1079 4037 1175 4087 Pellaeo
1187 4043 1265 4099 poete
1281 4037 1376 4099 Nipbo·

292 4101 424 4151 emenus
449 4104 535 4153 cecidit
562 4105 597 4168 (a.
617 4120 642 4155 u.
663 4107 743 4170 m),
772 4107 817 4158 ubi
854 4109 1043 4160 teeAstrineit.
1078 4112 1171 4162 laven.
1191 4113 1220 4173 6,
1240 4112 1305 4163 409:
1330 4113 1376 4162 lasa

292 4175 353 4226 vide
373 4177 442 4227 bion.
462 4179 560 4240 ancyr.
575 4179 617 4230 ed.
632 4183 722 4232 Franz.
735 4196 762 4247 p.
776 4182 816 4232 35:
854 4183 979 4246 Niphaten
1005 4185 1034 4235 ln
1047 4187 1154 4249 populos
1169 4199 1312 4250 mapeoque
1327 4185 1376 4236 illic

292 4251 437 4301 Areeeeiem
461 4253 583 4303 meiomm
610 4256 736 4317 interfecto
760 4270 818 4320 repe
853 4261 1226 4312 eueeteerueteeen'iiiiwio.
1240 4261 1373 4313 Claudiae.

291 4327 345 4376 eius
360 4327 539 4379 ermetem
551 4341 648 4392 postem
658 4331 819 4393 prouinciam
853 4334 1373 4398 111.cons.tien.7t:eeeecespieitoii,
