2992 4978
307 465 369 528 370
650 495 653 500 -
693 468 820 519 nonam
840 469 1009 523 cannarum

436 624 503 690 Vim
527 633 737 710 temperatam
760 623 791 688 di
816 645 948 713 quoquc
971 627 1154 714 provehunt

477 747 511 808 ln
535 745 655 822 maius;
680 743 766 812 idem
790 748 890 814 odere
912 749 1000 815 vires

521 873 625 939 Omne
648 872 737 938 nefas
760 872 867 937 anime
890 884 1066 940 moventes.

432 1032 534 1098 Testis
557 1053 704 1098 mearum
726 1031 927 1098 centimanus
952 1029 1040 1120 Gyas

433 1154 688 1230 Sententiarum,
712 1163 807 1219 notus
830 1163 863 1219 et
883 1153 1027 1240 integrae

474 1277 625 1342 Tentator
647 1275 750 1342 Orion
772 1273 917 1350 Dianae,

513 1398 663 1484 Virginea
685 1396 826 1463 domitus
849 1399 972 1484 sagitta.

371 1578 412 1627 69.
432 1577 502 1638 epae
519 1575 536 1626 d
555 1577 584 1639 (t)
603 1577 639 1626 L:
657 1578 731 1641 pipere
747 1575 859 1636 unsre,
880 1578 920 1638 ct,
940 1578 1022 1640 Gemi
1038 1589 1102 1626 cum
1120 1576 1238 1628 Bentleio
1255 1579 1304 1628 iit.
1318 1579 1350 1640 444

333 1665 398 1713 nos,
416 1652 449 1714 J.)
471 1677 498 1687 -
518 1652 558 1700 te.
577 1652 765 1703 Sententiarum
780 1657 870 1713 notus,
889 1657 911 1700 et
928 1653 1044 1715 intepree
1060 1653 1120 1702 Lct.

301 1812 329 1872 8,
356 1811 403 1860 te:
432 1809 488 1860 Bia
512 1807 543 1859 di
567 1811 616 1860 καὶ
641 1807 827 1876 μεγάλαυχον
867 1813 934 1867 cet.;
962 1809 1078 1872 denique
1101 1822 1127 1858 v.
1148 1812 1323 1861 eentmtiaimn
1342 1809 1376 1858 ιιΙ

300 1879 428 1946 ἔσφαλεν
446 1883 477 1934 ἐν
488 1881 593 1952 χρόνῳ.
613 1886 703 1949 Eurip.
722 1886 761 1935 Fr.
775 1887 827 1935 Te·
866 1886 923 1948 ipso
945 1897 1013 1934 sono
1035 1897 1161 1947 magnam
1181 1885 1262 1936 habet
1279 1887 1377 1949 dignita·

301 1949 401 2009 mente.
424 1961 472 2008 ri:
499 1953 594 2024 Ῥώμη
617 1955 648 2009 ιε’
667 1958 690 2026 y·
708 1951 827 2026 ἀμαθὴς
867 1962 921 2009 tem
938 1960 1019 2022 atque
1038 1960 1205 2022 gravitatem.
1225 1987 1250 1996 -
1266 1961 1376 2011 ceterum

301 2029 439 2096 πολλάκις
458 2035 546 2085 τίκτει
562 2029 688 2100 βλάβην.
866 2035 892 2084 in
918 2033 1043 2084 omnihus
1071 2033 1259 2085 huiuscemodi
1285 2029 1377 2097 ἀθετή-

332 2109 372 2159 et.
392 2110 465 2159 edere
480 2109 554 2174 vires]
577 2110 666 2173 Eurip.
684 2107 741 2159 llel.
760 2109 826 2159 903:
866 2123 947 2158 σεσιν
965 2121 1058 2158 earirm
1076 2109 1229 2160 inventores
1241 2123 1331 2174 parum
1341 2121 1378 2158 eo·

300 2188 383 2248 μισεῑ
396 2179 452 2254 γὰρ
469 2178 486 2233 ὁ
503 2179 572 2247 θεὸς
589 2179 642 2250 τὴν
658 2181 736 2245 βίαν.
776 2187 828 2234 Ter
865 2184 993 2246 getarum,
1013 2183 1073 2246 quis
1090 2182 1133 2232 cui
1149 2182 1222 2233 bono
1239 2183 1303 2235 tales
1314 2183 1377 2234 loces

300 2257 421 2309 consulto
446 2261 579 2322 repetitur
604 2273 629 2309 v,
661 2260 715 2320 ois3
754 2259 827 2322 quod
865 2261 930 2322 ipsis
958 2259 1099 2322 suspectos
1127 2257 1262 2309 inculcare
1290 2262 1317 2310 et
1337 2271 1378 2308 vo-

298 2335 402 2384 lantum
420 2333 498 2384 abest
518 2338 548 2384 ut
564 2335 660 2385 merito
677 2336 828 2399 reprehen·
865 2332 944 2384 luerit
966 2337 994 2382 et
1016 2333 1141 2396 potuerit.
1177 2335 1244 2384 Nam
1267 2347 1332 2398 quae
1350 2333 1377 2382 de

299 2419 360 2457 sum
386 2409 419 2458 sit
444 2408 478 2458 ab
502 2407 609 2460 Editore
628 2409 769 2471 leidensi,
798 2413 828 2459 ut
865 2408 909 2458 lali
928 2409 1103 2473 perversitate
1121 2407 1171 2458 sibi
1190 2409 1314 2460 confinxit
1334 2409 1375 2458 lll’.

298 2483 398 2545 optime
417 2485 579 2546 respoudeat
595 2485 690 2546 poetae
717 2483 827 2534 consilio
865 2484 937 2533 omni
956 2482 1142 2547 probabilitate
1162 2485 1253 2533 critica
1266 2485 1376 2535 destituta

298 2555 455 2608 an'iolentia
472 2571 504 2608 ac
522 2557 648 2622 superbia
667 2573 715 2611 nos
728 2560 828 2610 delror-
865 2559 935 2608 sunt.
964 2584 991 2592 -
1015 2557 1097 2622 notes]
1123 2557 1202 2608 Orion
1228 2562 1334 2623 propter
1356 2555 1376 2606 ld

300 2631 382 2681 tandi.
865 2633 954 2696 ipsum
971 2633 1086 2682 maxime
1104 2638 1190 2694 notite,
1218 2634 1292 2698 quod
1307 2641 1376 2682 ausus

331 2706 372 2755 69.
392 2705 470 2770 Gpat]
488 2707 554 2757 Vide
572 2709 620 2759 Od.
639 2711 670 2772 2,
690 2711 736 2770 i'l,
757 2709 797 2760 tt.
866 2710 907 2758 est
935 2709 1038 2757 tentare
1061 2709 1173 2757 Dianam
1201 2709 1325 2773 inteprom
1349 2705 1377 2754 ab

330 2780 370 2830 te.
390 2781 430 2830 it.
450 2782 649 2849 Sententiarum]
674 2785 827 2834 «veracium
865 2795 951 2844 eaque
975 2783 1081 2833 occisus
1105 2785 1146 2832 est
1168 2783 1194 2832 in
1217 2783 1303 2834 insula
1322 2780 1376 2833 liele
1473 2781 1474 2824 l

297 2857 486 2906 monitorum.»
527 2859 628 2908 Locum
654 2859 725 2910 hunc
751 2861 828 2911 alleri
864 2856 907 2906 vel
931 2857 1005 2908 Chio.
1026 2859 1080 2907 Cic.
1105 2860 1177 2908 Arai.
1201 2856 1258 2909 lio.
1284 2857 1377 2921 Eupho·

298 2931 449 2982 Priscianus
465 2944 525 2995 pag.
545 2932 603 2982 748.
622 2935 731 2985 Putsch.
751 2936 827 2985 Butt-
864 2933 932 2981 rion.
956 2931 1033 2982 liein.
1059 2943 1119 2994 pag.
1146 2932 1202 2982 464.
1232 2934 1279 2984 Est
1300 2935 1376 2982 annm

298 3019 413 3057 mannus
430 3005 538 3068 Mythol.
560 3009 584 3057 2.
604 3021 664 3072 pag.
683 3009 741 3060 369.
764 3024 826 3060 cum
864 3007 944 3055 Orion
962 3005 1084 3066 Horatio,
1103 3008 1134 3054 ut
1150 3005 1208 3057 aliis
1225 3007 1295 3071 apud
1312 3001 1378 3069 Apel-

298 3084 410 3146 propter
426 3083 580 3147 repetitum,
598 3088 629 3134 ut
645 3083 712 3146 volt,
732 3099 765 3134 ex
776 3085 824 3136 Od.
863 3078 916 3129 lod.
932 3080 1000 3142 i‚t,
1020 3081 1044 3130 3.
1063 3076 1201 3146 γηγενής,
1219 3095 1282 3132 cum
1294 3081 1377 3132 Phere-
1472 3125 1473 3134 ,

298 3157 326 3217 2,
355 3157 400 3218 47,
429 3156 468 3208 tt.
494 3155 628 3208 ἐπίθετον
654 3161 823 3220 centimanus,
864 3154 948 3216 cydcs
974 3168 1037 3207 eum
1063 3156 1178 3218 Neptuni
1208 3159 1236 3206 et
1262 3153 1375 3218 Euryalus

298 3233 356 3280 tum
372 3235 484 3296 propter
500 3233 666 3284 mentionem
684 3235 753 3295 Gyae
765 3238 827 3298 post
864 3229 947 3280 fllium
960 3231 1077 3282 iecisset.
1097 3231 1220 3296 (Prorsus
1232 3231 1334 3282 diverse
1345 3229 1376 3278 la·

298 3306 438 3367 Gigantum
449 3319 567 3370 pugnam
584 3321 678 3359 rursus
690 3309 824 3370 iniectam,
864 3304 927 3355 bula
949 3295 1091 3355 enarl'atur
1110 3305 1145 3356 ab
1163 3307 1256 3357 Ouidio
1274 3307 1337 3356 Fast.
1353 3305 1375 3360 5.

299 3380 356 3428 tum
380 3381 491 3445 propter
516 3395 540 3430 v.
564 3383 756 3444 sententiarum,
784 3385 826 3434 ni·
864 3380 1102 3444 53⁴.)-intepreeJ
1116 3379 1375 3443 «intactaevtrginiss

299 3453 363 3514 mis,
386 3455 416 3504 ut
432 3454 480 3514 ait,
503 3455 659 3519 pedestrem
677 3457 825 3508 orationem
863 3453 967 3505 Nullam
979 3455 1045 3516 hoc,
1064 3457 1094 3505 ut
1105 3467 1241 3506 nonnemo
1254 3457 1324 3504 rems
1335 3453 1374 3503 est.
1471 3499 1472 3530 p

299 3525 436 3589 redolens,
455 3529 540 3580 totam
552 3531 690 3594 stropham
703 3545 752 3596 pro
763 3531 827 3584 sub-
863 3529 947 3579 habet
963 3529 1149 3580 offensionem.
1168 3531 1236 3580 Nam
1254 3531 1276 3580 si
1290 3531 1376 3578 leren-

300 3599 388 3650 diticia
413 3600 514 3653 habuit.
557 3604 709 3656 Buttmanni
735 3609 826 3656 autem
864 3605 916 3654 ilus
939 3603 1030 3654 dicere
1053 3605 1139 3668 potuit
1161 3604 1225 3653 llec.
1245 3605 1275 3664 4,
1293 3604 1321 3662 2,
1337 3599 1375 3648 7⁰³

300 3675 454 3738 opinionem
479 3689 542 3728 cum
567 3677 624 3728 aliis
650 3684 759 3731 secutus
785 3684 827 3732 est
863 3681 1024 3742 Narratque,
1050 3684 1080 3728 et
1100 3679 1174 3742 oirpo
1196 3679 1229 3729 ιιὸ
1250 3691 1276 3728 ee
1290 3679 1375 3736 tatano

301 3749 381 3798 etiam
399 3749 513 3800 Liiblrer.
550 3754 651 3803 Varum
671 3756 828 3805 centimanus
863 3755 1009 3805 etiamtum
1024 3753 1084 3803 siet:
1104 3753 1195 3816 quidni
1211 3745 1377 3802 lloratiustb·
1470 3813 1471 3822 ἵ

302 3827 462 3888 perpetuum
486 3830 513 3876 ot
533 3827 702 3890 aptissimum
723 3830 828 3880 utrobi·
864 3827 950 3880 solute
972 3829 1099 3891 inteprem
1122 3840 1172 3891 pro
1195 3824 1315 3877 inviolate
1336 3831 1376 3884 tp·

302 3910 354 3961 que
379 3901 422 3948 est
442 3901 514 3962 Gyae
535 3899 679 3964 ἐπίθετον,
707 3905 737 3952 ut
758 3904 828 3954 diruis
864 3902 964 3968 pellere
982 3903 1100 3966 potuerit
1114 3903 1245 3952 Dianam?
1260 3927 1285 3939 -
1300 3899 1376 3949 letto·

302 3983 411 4035 semper
425 3973 553 4025 Hannibal
559 3991 565 4036 ;
589 3973 657 4026 duos
675 3979 765 4028 autem
783 3979 827 4028 Gi·
865 3977 912 4041 ter]
923 3990 991 4026 nove
1002 3975 1114 4027 tortasse
1124 3975 1225 4026 dictum
1236 3977 1314 4040 (cerie
1324 3966 1376 4020 alibi

302 4049 412 4110 gentum
435 4045 524 4099 dedita
548 4063 631 4114 opera
653 4049 743 4102 denuo
767 4065 827 4102 me·
865 4065 936 4103 nunc
962 4064 1015 4101 non
1040 4052 1203 4112 invenitur),
1233 4051 1327 4102 iactum
1347 4039 1374 4092 td

302 4121 416 4172 moravit
446 4125 507 4185 pest
534 4123 728 4188 digressionem
755 4125 827 4176 illam
865 4114 1375 4198 Graecumv.neipaerrig‚ernpir1ir

302 4196 328 4245 in
356 4194 481 4260 Apollinis
512 4196 620 4250 laudem
652 4213 683 4250 ac
711 4197 828 4266 γνώμας
865 4217 935 4274 pepe,
953 4205 1084 4267 γυναῖκα.
1469 4205 1470 4210 ’

302 4271 462 4334 sequentes,
486 4275 515 4322 ut
535 4271 603 4324 illico
620 4273 828 4338 intelligeremus
899 4277 939 4326 ta.
962 4277 1003 4326 te.
1037 4275 1271 4341 Virginea-septim]
1297 4269 1373 4348 liipltj·
1469 4279 1470 4293 ¹

303 4344 387 4395 verba
404 4360 430 4395 v.
447 4347 487 4396 7³.
506 4347 600 4398 iniecto
616 4349 733 4400 monente
752 4349 830 4400 Tetra
866 4349 907 4401 lus
918 4362 961 4414 ap.
975 4349 1070 4400 Athen.
1085 4351 1110 4411 6,
1123 4364 1149 4414 p.
1163 4351 1212 4401 22³
1229 4365 1258 4401 a:
1275 4347 1374 4412 Amori
