3078 4978
626 480 629 486 ,
710 417 838 468 Hostili
856 417 984 468 EPODON

436 575 601 642 Iniuriosis
622 574 734 641 aridus
756 575 860 642 ventis
882 573 984 648 ferar,

437 697 530 765 Cales
558 697 692 764 venenis
714 695 841 763 officina
864 693 1031 763 Colchicis.
1201 679 1205 684 ’
1354 696 1389 758 33

438 821 529 899 Quae
552 817 625 884 finis
646 828 701 886 aut
723 817 812 906 quod
833 837 887 884 me
910 824 1019 884 manet
1041 815 1263 904 stipendium?

437 939 561 1018 Ellare3
585 939 692 1006 iussas
713 959 786 1006 cum
811 937 877 1006 lide
896 957 1020 1025 poenas
1043 936 1144 1013 luam,

438 1065 572 1128 Paratus
596 1061 742 1148 expiare,
767 1081 827 1128 seu
850 1059 1041 1148 poposceris

376 1309 417 1360 ³8.
435 1309 559 1369 mutus,
585 1307 690 1370 septam
714 1307 736 1357 st
755 1307 899 1370 poposceris
915 1305 1019 1358 Gentm
1035 1307 1159 1370 iuuencis,
1188 1309 1241 1360 etue
1257 1307 1365 1360 mendaci

345 1384 403 1445 ipro
429 1383 498 1434 Voles
521 1395 625 1446 sonere,
655 1381 689 1432 i'u
709 1383 819 1445 pedico,
846 1387 874 1432 tu
893 1382 941 1446 pia
965 1381 1083 1434 malebat
1098 1381 1236 1436 Bentleius
1258 1385 1285 1436 ln
1301 1383 1362 1435 tdd.

345 1459 446 1520 (sonere
461 1455 562 1508 scilicet
579 1473 610 1518 κ,
629 1471 648 1517 χ
666 1456 734 1518 duo,
753 1471 794 1522 pr.
813 1455 846 1518 β,
866 1460 893 1508 et
909 1456 1009 1521 aliquot
1025 1457 1161 1520 Pottiertll

312 1685 433 1748 pretatur
450 1683 637 1746 «perpetuum,
656 1693 760 1744 acrem,
785 1695 837 1732 non
876 1683 945 1734 haec
961 1693 1069 1734 summa
1084 1682 1178 1733 iniuria
1199 1685 1228 1734 et
1244 1679 1391 1734 contumelia

313 1757 558 1820 languescentem.»
576 1757 675 1807 Contra
687 1756 751 1807 dicit
761 1757 840 1807 Bent-
877 1759 933 1819 est,
961 1758 1066 1808 cineres
1088 1756 1234 1810 inventos
1260 1758 1350 1824 sperat
1369 1783 1391 1791 -

313 1832 396 1892 letus,
413 1831 501 1894 ferrers
515 1829 687 1895 praeterens:
706 1833 779 1882 «Non
790 1843 840 1881 au·
877 1832 948 1894 occe
964 1830 1030 1896 flou]
1048 1831 1105 1883 lloc
1124 1844 1209 1884 sensu
1227 1845 1308 1897 saepe
1322 1843 1391 1883 usur-

313 1908 383 1966 tem‚
401 1905 522 1968 eiectas,
540 1904 710 1956 translatione
722 1919 738 1956 a
749 1906 840 1956 vernis
877 1907 942 1969 pant
958 1918 1019 1969 gea.
1037 1905 1127 1958 iemia.
1155 1907 1213 1959 Cic.
1232 1906 1267 1958 tle
1285 1905 1392 1970 Lepci.

314 1979 426 2031 tionibus
443 1981 564 2044 sumpta,
587 1980 670 2031 virere
685 1979 755 2032 belle
774 1979 841 2031 dici·
877 1981 923 2042 22,
936 1982 985 2031 so:
1004 1994 1070 2044 puae
1084 1981 1142 2046 finis
1157 1980 1388 2046 commatice.

314 2057 370 2115 tur,
397 2054 496 2106 idcirco
520 2055 601 2106 etiam
624 2056 743 2120 flumine,
770 2067 840 2119 quae
878 2055 979 2107 Atticus
994 2056 1067 2121 apud
1083 2057 1137 2107 Cic.
1156 2055 1193 2107 ad
1208 2052 1388 2118 ntt.s,to,t:

315 2131 371 2180 toto
394 2143 493 2194 genere
517 2129 609 2195 dispar
632 2132 698 2182 est.»
727 2129 840 2181 llolman
878 2143 943 2192 quoe
959 2129 1026 2180 enin
1043 2130 1102 2194 fluis
1118 2127 1351 2196 emmone?
1368 2151 1389 2164 -

315 2202 473 2269 Peerlkamp
485 2204 579 2266 vireta,
599 2205 779 2268 quodverum
794 2216 842 2268 pu·
880 2203 1006 2270 σοὶοὴίσίε]
1033 2204 1159 2256 «Medeae
1181 2215 1347 2257 venenorum
1361 2201 1391 2252 si·

316 2280 366 2340 tat,
389 2275 502 2343 explicat
519 2277 663 2344 «tulgane»,
683 2290 842 2344 comparans
879 2277 1022 2331 millimis.»
1040 2278 1089 2329 0d.
1106 2279 1138 2342 2,
1156 2278 1204 2342 43,
1226 2281 1252 2332 8,
1267 2307 1295 2318 -
1316 2279 1395 2341 atton·

317 2351 400 2402 Plaut.
414 2353 580 2404 Menaechm.
597 2355 626 2416 5,
645 2355 674 2416 2,
693 2355 737 2406 76:
769 2353 843 2404 Viden
879 2354 957 2415 dium]
979 2352 1142 2405 vocabulum
1159 2357 1203 2406 est
1220 2353 1349 2414 medium,
1372 2351 1395 2399 ut

317 2430 345 2475 tu
361 2427 398 2476 itti
415 2427 499 2478 oattm
513 2426 615 2479 virere?
634 2429 663 2478 tlt
678 2428 768 2479 viridis
780 2439 843 2478 cco-
876 2429 1029 2492 praemium,
1041 2441 1151 2490 merom
1165 2429 1192 2478 h.
1207 2427 1225 2480 l.
1239 2422 1397 2492 igitursmul

316 2501 385 2550 nitur
417 2501 483 2552 colos
514 2503 557 2551 lic
587 2503 739 2565 temporibus
768 2507 845 2563 atem
880 2507 922 2567 ta,
949 2515 1066 2568 poenas,
1086 2516 1151 2564 non,
1179 2506 1211 2555 ut
1235 2503 1277 2555 ulii
1302 2499 1395 2558 volum,

316 2575 412 2639 fronte!
431 2576 534 2626 Verum
548 2577 647 2626 rectior
661 2577 844 2642 interpretatio
883 2591 966 2643 «opus
982 2591 1086 2643 poenae
1104 2576 1164 2630 loco
1181 2579 1351 2630 iniunctum.»

318 2651 360 2700 est
376 2649 410 2700 de
427 2650 553 2702 flammae
571 2648 717 2712 sulfureae,
736 2649 845 2715 qualem
915 2653 947 2705 38
963 2679 978 2690 -
993 2651 1036 2706 to.
1065 2654 1186 2718 coplata]
1217 2665 1320 2720 «poena
1341 2651 1394 2700 ate

319 2722 424 2776 exhalat
440 2726 537 2788 Aetna,
556 2723 645 2776 colore
662 2727 732 2776 inter
745 2725 844 2790 privum
883 2728 1025 2780 constitute
1041 2729 1175 2793 pellentur
1191 2726 1331 2780 subeunde
1347 2723 1395 2774 lue·

317 2800 432 2850 viridem
445 2801 472 2850 et
489 2798 643 2852 caeruleum
664 2801 762 2852 medio.
797 2803 846 2852 lte·
882 2815 912 2853 re
929 2804 1040 2868 peccate
1060 2814 1137 2865 mea,
1166 2803 1225 2854 sive
1242 2797 1392 2867 poposceris.

319 2874 406 2939 liquuc
425 2874 494 2926 duae
511 2873 639 2926 lectiones
655 2877 753 2940 partim
769 2888 845 2928 mero
882 2879 913 2928 ut
928 2873 1097 2942 ἑκατόμβην
1113 2889 1164 2942 pro
1179 2875 1288 2943 piaculo
1299 2873 1393 2926 otiorum

320 2951 406 3002 errori
422 2948 556 3001 debentur
572 2949 678 3014 (mm),
695 2952 793 3015 partim
804 2951 846 3000 in·
883 2953 953 3003 cet.»
970 2952 1086 3015 reptare
1110 2956 1211 3002 centiam
1231 2949 1336 3002 tetemet
1353 2943 1393 2996 οὗ

319 3022 487 3089 terpotationi
505 3023 624 3089 (cireen
642 3038 692 3090 pro
709 3037 762 3089 qua
779 3024 847 3076 alie·
883 3039 979 3092 perse
996 3029 1102 3078 rectum
1119 3028 1174 3090 est,
1192 3027 1285 3078 tamen
1300 3023 1395 3088 propter

321 3100 384 3150 runt
400 3100 505 3149 Lucret.
524 3100 554 3160 2,
573 3097 636 3150 tot:
663 3100 772 3150 ltctrntis
786 3113 847 3152 cero
885 3113 1048 3154 consensum
1074 3101 1160 3152 Codd.
1183 3101 1320 3168 entim.
1341 3093 1394 3146 reti·

320 3175 385 3238 sura't
400 3173 499 3239 inritus
514 3175 621 3237 impetus
636 3174 730 3226 demae
746 3177 774 3226 et
786 3176 847 3226 Vir·
884 3175 1009 3227 ciendum
1022 3187 1084 3226 esse
1096 3173 1247 3226 ridebatur.
1259 3201 1285 3211 -
1296 3167 1395 3222 iracundae¹

321 3249 498 3315 gil.1tea.l‚
525 3249 587 3300 oto:
615 3252 783 3314 flaminesque
805 3251 848 3314 ῆι-
883 3250 950 3315 lprc]
968 3249 1063 3302 Dedite
1080 3261 1162 3314 opera
1179 3241 1394 3317 nicanriperstr

320 3329 411 3377 renes.
433 3326 472 3375 Ac
488 3335 570 3376 namo
586 3326 666 3388 negat
682 3335 732 3389 per
748 3337 778 3376 se
795 3326 848 3376 hoc
885 3323 979 3376 leviter
997 3337 1030 3376 ac
1051 3336 1136 3389 prope
1154 3322 1259 3375 occulte
1276 3315 1391 3374 discessit.

322 3401 397 3451 recte
415 3399 482 3460 dicit
507 3409 603 3449 verum
622 3397 711 3450 obstat
733 3400 850 3450 auctori-
885 3401 916 3451 ut
931 3401 959 3450 in
975 3397 1025 3450 illis
1041 3412 1068 3448 v.
1087 3399 1134 3450 ao:
1152 3399 1246 3449 Amuto
1262 3399 1311 3448 oet.
1328 3389 1394 3444 illast·

322 3474 458 3526 tascodd.
471 3473 627 3538 antiquiss..
646 3471 744 3538 quibus
756 3474 849 3537 utique
886 3485 947 3525 mm
963 3473 1079 3524 mendaci
1095 3473 1155 3535 lura
1172 3473 1296 3538 ambigue
1312 3461 1394 3531 sigali

324 3547 514 3613 obtemperare
531 3547 698 3600 satiustluxi.
723 3548 849 3599 Ceterum
887 3549 931 3600 cat
947 3550 975 3599 et
990 3559 1060 3612 quae
1078 3549 1140 3598 ante
1161 3547 1256 3613 (Epod.
1273 3545 1306 3608 t.)
1328 3549 1395 3592 mea·

324 3623 463 3673 construe:
481 3622 577 3673 siceota
592 3623 699 3687 domm
712 3623 852 3674 comear-
888 3623 933 3673 tite
955 3625 1015 3673 erat
1034 3623 1062 3673 ln
1083 3621 1237 3674 infamanda
1254 3616 1354 3674 Canidia
1372 3611 1395 3662 ct

324 3696 365 3746 det
388 3696 415 3744 in
439 3696 520 3749 ieta
541 3699 656 3761 semida,
686 3698 736 3750 etat
762 3695 848 3748 schol.
888 3709 957 3763 quae
974 3697 1120 3750 mentietur
1136 3709 1199 3748 eam
1220 3691 1352 3749 laudando.
1370 3709 1392 3726 -

326 3771 453 3832 iungunt:
472 3770 500 3820 tn
515 3771 611 3824 Sicana
625 3773 713 3823 tecte.
887 3773 984 3836 εοηαή]
1001 3774 1033 3826 llt
1044 3769 1126 3840 ἠχεῖν
1143 3771 1233 3838 (Sepla.
1245 3767 1332 3823 Tracti·
1343 3761 1393 3846 ⁶⁶⁶

358 3842 447 3894 33-36.
466 3844 617 3897 donecctmr
628 3847 691 3910 oet]
705 3847 851 3898 «continuo
888 3848 1000 3900 Theocr.
1023 3847 1054 3908 2.
1073 3847 1122 3898 36:
1163 3842 1198 3897 τὸ
1227 3843 1341 3907 χαλκίον
1361 3845 1395 3894 vt

327 3931 457 3972 exerceas
475 3921 546 3970 artes
564 3923 624 3972 tuas
634 3923 766 3987 magices,
786 3925 852 3974 tam-
888 3917 980 3984 τάχος
1004 3912 1079 3982 ἔχει.
1115 3920 1290 3973 Pseudanacr.
1308 3917 1333 3974 t.
1352 3909 1392 3968 Η·

327 4009 409 4061 quam
435 3996 457 4047 si
480 3996 536 4060 ipsa
555 4007 630 4048 esses
647 3997 750 4049 oiflclna
768 4010 852 4050 veae·
889 3994 962 4061 apud
972 3996 1065 4060 pectes
1077 3995 1213 4048 transitive
1225 3993 1286 4059 (Tib.
1297 3987 1350 4050 Η.
1358 3981 1392 4032 ⁶⁰

328 4083 425 4122 norum
441 4067 652 4135 sempercalcns
670 4072 735 4135 igni,
754 4085 852 4138 quoea
890 4069 965 4122 ovid.
993 4069 1054 4122 liet.
1085 4071 1129 4130 tt,
1155 4069 1222 4121 205:
1250 4073 1273 4118 te
1293 4066 1392 4140 W

329 4147 535 4209 praeparentur,
570 4157 615 4196 me
641 4145 773 4196 conticere
799 4159 852 4198 non
890 4143 1135 4209 nmtraeonetuat),
1154 4143 1302 4208 etmarias.
1313 4131 1391 4214 ¹⁶⁶¹?-

330 4219 450 4280 desines,
469 4219 556 4272 donec
571 4220 638 4271 cinis
655 4231 733 4270 naeus
747 4219 774 4269 in
786 4233 854 4271 ven·
894 4248 921 4258 -
934 4219 969 4271 Tu
977 4219 1081 4284 pudice]
1094 4219 1190 4270 «hasce
1202 4215 1291 4268 laudes
1301 4207 1343 4262 tihi
1354 4208 1393 4254 tn·

330 4295 371 4344 tos
383 4293 576 4359 disperatum
592 4321 619 4332 -
636 4291 774 4359 iniuriosis]
792 4295 854 4359 quia
891 4294 973 4346 boam
985 4296 1065 4360 atque
1077 4293 1112 4346 ad
1127 4291 1231 4346 caelum
1241 4285 1392 4342 tectiorem·-
