3002 4974
498 474 558 524 LlB.
577 475 607 524 ll.
644 475 672 524 C.
691 473 744 524 ΧΠ.
1099 472 1161 536 273

87 633 178 694 Assyria
202 631 310 693 bombyx
326 631 398 696 apud
420 634 473 681 luv.
494 633 546 681 Sat.
567 632 596 681 ll.
616 633 656 682 66.
685 645 716 680 ea
735 629 894 696 appellatur,
914 645 983 696 quae
1002 645 1034 682 ex
1053 631 1161 682 Senibus

84 727 128 780 per
137 718 264 778 Assyrium
282 718 307 766 in
318 717 423 778 Syriam
439 714 610 766 deserebatur
628 715 661 778 (v.
676 716 764 766 lleinr.
778 715 812 766 ad
824 714 841 766 l.
860 719 886 766 el
903 715 1041 766 iiiillmaun
1053 729 1079 779 p.
1093 717 1160 776 205.)

87 801 143 851 llam
160 800 243 865 lipod.
258 800 301 860 43,
314 800 339 850 9.
358 800 547 850 Achaenmiam
563 801 674 849 nardum
691 804 731 849 est
747 801 844 850 nardus
860 801 948 850 Indica
963 813 1013 864 per
1024 799 1160 850 Persidem

87 885 108 932 in
123 885 223 946 syriam
242 882 341 944 delata,
369 886 398 932 ut
414 884 461 934 od.
481 884 523 933 ill.
543 883 570 942 l,
590 883 631 934 ii.
650 884 840 934 Achaemenium
856 889 949 934 eostam
966 883 1086 933 indicum
1105 887 1159 942 est,

88 981 108 1016 u,
124 967 195 1016 ond.
215 968 282 1018 Past.
302 968 320 1016 l.
340 966 397 1017 344.
433 967 465 1016 Ei
481 969 633 1016 turumissa
649 967 682 1016 ud
698 967 826 1029 Euphrate
843 965 906 1017 ibid:
927 969 968 1017 iii.
989 968 1044 1016 720.
1074 967 1161 1017 indiea

88 1063 139 1100 esse
155 1050 246 1112 turifer
262 1049 337 1100 indiis
353 1049 479 1100 declarat.
524 1052 606 1101 Cuius
623 1052 728 1114 generis
745 1051 815 1101 haud
834 1051 915 1100 dubie
933 1055 974 1101 esi
991 1053 1071 1102 etiam
1087 1053 1163 1112 Assy-

87 1135 132 1183 n'us
146 1135 208 1184 odor
225 1133 297 1197 apud
314 1132 407 1184 Catull.
426 1135 471 1194 68,
492 1134 547 1185 443.
568 1137 595 1184 el
610 1135 706 1196 Assyrii
723 1136 810 1184 adorea
826 1148 868 1200 ap.
887 1135 943 1185 Tib.
958 1136 976 1184 l.
995 1135 1024 1193 3,
1038 1136 1061 1184 i.
1082 1149 1162 1199 quem

88 1216 187 1268 Orellius
206 1215 329 1277 contulit,
356 1217 401 1280 qui
427 1217 498 1281 apud
515 1219 696 1282 Lampridium
714 1231 739 1268 v.
759 1216 858 1281 Heliog.
879 1233 902 1268 c.
922 1219 962 1269 30.
982 1221 1069 1270 odoras
1085 1221 1164 1270 Indici

88 1300 251 1366 appellantur.
286 1299 568 1362 uuintoniam.
598 1301 677 1366 (apud
694 1299 797 1366 Tibull.)
825 1301 908 1352 verba
927 1316 989 1364 quos
1004 1305 1080 1352 mittit
1097 1305 1164 1353 dives

87 1385 204 1434 Panchaia
227 1398 321 1434 merces
345 1385 440 1446 Eoique
464 1385 558 1435 Arabes
579 1386 684 1449 pinquis
708 1391 731 1436 et
754 1386 858 1448 Assyrio
880 1400 912 1436 eo
936 1388 1023 1438 minus
1041 1387 1162 1438 dubitare

87 1471 225 1531 patiuntur,
254 1470 316 1532 quin
342 1481 447 1518 merces
473 1467 650 1530 intelligantur
675 1469 797 1529 indicae,
825 1483 894 1534 quae
921 1483 970 1535 per
989 1469 1164 1534 Babyloniam

88 1555 135 1603 sire
159 1553 296 1616 Assyriam
321 1553 595 1617 mesopotamiamque
622 1553 648 1602 ln
666 1553 770 1616 Syriam
789 1551 975 1616 deportantur,
1003 1568 1065 1604 cum
1083 1555 1163 1604 etiarn

88 1638 215 1687 Petronius
233 1651 256 1688 e.
277 1637 333 1686 449.
352 1650 378 1686 v.
397 1636 421 1686 9.
449 1638 474 1686 in
493 1651 535 1685 vv.
563 1635 667 1696 Assyrio
684 1637 803 1686 concham
819 1637 940 1688 laudabat
956 1639 1026 1688 mites
1048 1639 1074 1687 in
1095 1640 1165 1688 ωιάα

87 1734 153 1770 mare
170 1722 306 1771 Persicum
323 1721 469 1783 significet,
489 1721 515 1770 in
533 1733 586 1782 quo
604 1722 652 1772 sita
671 1724 712 1770 est
729 1719 814 1771 insula
830 1721 908 1784 Tylos
924 1722 1075 1785 marparitie
1092 1721 1165 1772 cele-

88 1804 194 1854 benima
222 1803 294 1867 (Plin.
318 1805 349 1854 ll.
376 1805 406 1853 N.
424 1805 467 1853 Vl.
488 1805 528 1854 32.
548 1805 634 1854 Strah.
662 1805 727 1854 liVi.
747 1805 791 1868 3.).
828 1806 872 1856 llis
895 1803 960 1856 loeis
983 1806 1047 1856 mihi
1064 1805 1166 1870 proba-

89 1891 136 1948 tur,
159 1889 272 1948 Assyrios
288 1901 381 1936 enerues
397 1889 505 1938 omuino
523 1887 629 1952 intelligi
647 1901 694 1938 eas
711 1887 811 1947 solere.
831 1903 899 1953 quae
918 1903 951 1939 ex
968 1888 1040 1940 india
1060 1893 1087 1939 et
1104 1891 1164 1940 Asia

89 1971 167 2022 media
183 1971 311 2021 oriundae
329 1973 425 2034 partim
442 1984 491 2034 per
508 1985 583 2022 mare
596 1973 746 2034 Persicum,
770 1975 865 2037 partim
879 1974 1018 2024 itineribus
1031 1975 1167 2024 terrestri-

90 2055 132 2105 bus
147 2058 172 2106 in
190 2057 409 2120 Mesopotamiam
427 2056 585 2119 syriamque
604 2055 769 2106 deteruntur.
806 2059 941 2108 Eiusmodi
959 2059 1067 2126 φορτία
1084 2060 1165 2108 etiam

89 2138 124 2188 illa
136 2132 270 2210 Ἀσσύρια
286 2139 366 2188 luisse
384 2142 508 2203 apparet,
528 2139 625 2202 quibus
643 2141 788 2203 antiquitus
806 2141 848 2192 usi
865 2142 1012 2191 Phoenices
1030 2143 1167 2191 mereatu-

89 2237 139 2273 rsm
161 2237 223 2274 aum
245 2223 351 2273 Graecis
377 2223 540 2272 exercebant
562 2225 594 2286 (r.
615 2223 712 2274 llerod.
732 2225 751 2274 i.
772 2225 816 2286 4.).
852 2225 885 2274 Et
908 2225 1033 2286 Assyriae
1060 2226 1167 2274 nomine

90 2321 134 2356 non
149 2307 228 2358 modo
246 2307 370 2370 Assyriae
388 2309 511 2372 propriae
526 2307 631 2371 (Herod.
646 2309 698 2357 Vll.
713 2308 778 2369 63),
798 2308 847 2358 sed
858 2307 1021 2371 Babyloniae
1039 2310 1120 2358 etiam
1138 2311 1166 2357 et

90 2392 284 2456 Mesopotamiae
301 2388 413 2464 popplos
432 2390 504 2454 (Plin.
524 2392 555 2441 ll.
575 2393 605 2442 N.
624 2392 666 2440 Vl.
680 2391 731 2453 30.)
751 2404 814 2440 cum
830 2392 894 2455 ipsis
907 2393 980 2455 Syris
998 2393 1062 2444 olim
1079 2405 1166 2456 aeque

90 2477 287 2540 comprehensos
305 2475 386 2525 luisse
404 2477 510 2524 constal
526 2479 606 2538 atque
625 2475 760 2526 communi
779 2476 885 2525 nomine
904 2477 995 2538 Syriae
1014 2477 1167 2540 Mesopota-

90 2559 161 2610 miam
178 2561 259 2610 etiam
276 2573 338 2609 eum
355 2557 500 2621 Babylonia
519 2561 545 2608 et
562 2560 669 2622 Assyria
689 2561 721 2622 (v.
741 2557 828 2610 strab.
847 2561 912 2610 livi.
933 2561 956 2610 4.
975 2575 1002 2625 p.
1022 2560 1069 2612 332
1088 2573 1164 2624 seqq.

91 2641 145 2692 Plin.
163 2645 192 2694 ii.
212 2645 243 2694 N.
262 2644 293 2692 V.
313 2643 373 2706 l3.).

147 2729 189 2779 llis
206 2729 334 2791 expositis
350 2727 454 2788 Assyria
464 2728 575 2788 hardla,
593 2725 800 2789 revestitores,
818 2729 948 2790 Assyrium
959 2729 1031 2790 litua,
1050 2729 1168 2790 Asanam

91 2817 203 2860 motor
228 2825 280 2861 non
305 2811 339 2861 ad
362 2812 467 2872 Syriam
489 2814 637 2875 portusque
661 2813 688 2862 et
705 2811 802 2877 oppida
820 2813 901 2862 maris
921 2813 1014 2862 interni
1031 2814 1166 2876 pertinere

91 2892 253 2954 videbuntur,
273 2893 344 2944 unde
362 2907 469 2945 merces
487 2893 546 2946 illae
564 2896 589 2945 iu
607 2894 709 2946 ltaliam
726 2895 913 2959 portabantur,
940 2896 989 2946 sed
1007 2897 1042 2945 ad
1059 2909 1091 2947 ea
1108 2897 1165 2960 ipsa

92 2973 140 3025 loea
163 2981 300 3041 spectare,
336 2991 368 3027 ex
394 2977 491 3041 quibus
517 2980 610 3028 Graeci
635 2977 795 3043 plerumque
820 2983 984 3029 mercatores
1010 2980 1036 3029 in
1062 2981 1166 3042 Syriam

93 3064 228 3124 propriam,
256 3061 322 3111 mari
349 3063 453 3112 interno
471 3065 497 3112 et
514 3063 648 3127 Euphrate
671 3063 857 3123 terminatam,
882 3062 1046 3112 deferebant.
1083 3065 1115 3113 Et
1132 3065 1166 3113 ita

92 3143 263 3196 malobathrum
274 3147 378 3208 synam
389 3147 471 3196 etiam
488 3149 515 3195 et
530 3161 604 3196 mera
621 3147 689 3208 syra
707 3147 779 3208 iiior.
794 3145 841 3196 0d.
855 3147 874 3195 l.
888 3145 915 3194 34
928 3185 933 3206 ,
948 3146 998 3208 is.)
1017 3146 1052 3196 ad
1070 3147 1166 3198 eadem

94 3223 130 3274 illa
145 3226 198 3278 loca
216 3230 355 3280 referenda
371 3233 476 3280 erunt.»
495 3232 654 3292 scnaoaran,
674 3231 857 3292 praelatior.
873 3228 1065 3291 (saarbrucken
1083 3231 1165 3294 4847.)

94 3321 116 3370 n·
133 3311 146 3359 i
163 3325 218 3376 son-

176 4435 257 4486 llonir.
274 4453 328 4485 voa.
347 4441 363 4486 1.
396 4451 434 4486 au.
452 4450 529 4485 aaron
546 4439 580 4484 iii.
