3014 4978
513 439 573 490 nili.
589 439 631 490 lll.
668 441 697 490 C.
715 438 813 490 XXVll.

441 1041 882 1106 mum

286 1213 405 1300 impios
428 1232 544 1300 parrae
567 1212 741 1280 recinentis
764 1233 860 1280 omen

155 1387 378 1529 mmmmm.
391 1391 459 1455 νοις.
478 1392 516 1442 Ad
532 1391 677 1452 θειιιιεειιι,
696 1395 723 1442 ει
740 1393 778 1444 sio
796 1391 881 1443 codd.
902 1393 992 1442 nostri.
1013 1395 1058 1456 (si
1070 1395 1172 1446 addunt

202 1480 216 1516 o
303 1506 308 1516 .

155 1623 249 1675 xxvii.
264 1626 338 1676 «Non
349 1623 426 1676 malis
439 1623 565 1688 equidem
577 1625 644 1674 omi-
680 1625 891 1688 reprehensione
914 1627 1009 1690 dignus
1031 1630 1073 1679 est
1094 1631 1205 1679 ornatus

126 1697 197 1748 mbas
215 1701 253 1760 ιε,
272 1697 393 1760 Galatea,
413 1711 495 1763 mam
511 1701 566 1748 ιειιι
578 1698 643 1748 ιιιιι-
679 1700 814 1764 poeseos,
835 1700 884 1750 ssd
901 1701 936 1751 ad
953 1702 1010 1766 ipsa
1027 1702 1092 1753 ortis
1107 1715 1205 1753 aroana

125 1773 164 1822 tus
178 1773 294 1834 dimitto,
314 1772 350 1824 ab
367 1773 474 1832 itinere,
497 1773 570 1836 quod
587 1785 643 1823 me·
680 1774 776 1824 reterri
793 1775 890 1836 debet,
917 1776 1015 1839 quibus
1030 1777 1136 1841 penitus
1153 1779 1205 1828 ini-

125 1845 223 1908 ditaris,
240 1847 401 1908 deterrebo‚
420 1849 502 1898 immo
520 1847 642 1898 deosve-
681 1850 759 1900 iiatus
787 1853 847 1900 erat
879 1851 960 1902 etiem
993 1850 1074 1903 Balde
1103 1854 1203 1902 noster.

125 1919 245 1982 notabor,
271 1925 304 1972 ιιι
323 1921 402 1972 bonis
419 1920 514 1972 avibus
532 1923 557 1970 te
576 1933 643 1985 pro-
680 1923 839 1989 Exsmplum
867 1928 925 1976 esto
953 1926 1024 1988 Loro
1048 1927 1207 1991 mttoporoo

125 1992 199 2044 licisoi
220 1995 344 2055 iubeant;
368 1994 418 2046 sed
439 1994 501 2045 licet
517 2007 581 2044 eves
599 1994 642 2043 iti·
678 2000 765 2062 Lyric.
783 1999 814 2059 i,
832 2000 873 2050 tl.
891 2001 957 2064 opp.
976 2001 1107 2051 llonachii
1129 2001 1203 2052 4739.

124 2069 176 2118 neri
192 2073 236 2120 tuo
250 2069 393 2130 addicant,
411 2070 509 2133 cogita,
528 2081 640 2132 quaeso,
679 2074 707 2123 T.
721 2075 740 2122 l.
759 2086 786 2137 p.
805 2073 845 2124 33.
874 2073 1032 2124 incredibile
1050 2077 1141 2125 autem
1153 2076 1203 2135 εει,

125 2155 198 2205 quam
219 2157 317 2207 graves
338 2145 390 2195 hoc
411 2145 482 2208 ipso,
510 2144 583 2207 quod
600 2144 642 2193 in·
680 2159 747 2211 quas
764 2147 790 2196 in
807 2148 888 2197 tricas
906 2160 967 2198 sese
985 2149 1205 2200 coniecerintln-

124 2219 180 2277 stat,
198 2220 260 2269 anni
282 2222 406 2283 tempore
424 2219 598 2281 tempestates
615 2217 641 2266 in
680 2222 823 2284 ter-protes.
843 2221 920 2282 Quid,
934 2222 1041 2286 quodi-¹.
1052 2225 1082 2272 Α.
1093 2221 1204 2273 schulze

124 2293 184 2341 mari
208 2293 271 2344 oriri
297 2292 409 2343 soleant.
451 2293 522 2343 Cave
548 2292 640 2354 igitur,
680 2308 713 2346 eo
731 2307 818 2358 usque
834 2307 995 2360 progressus
1011 2298 1062 2357 est,
1080 2299 1111 2348 ut
1127 2295 1206 2347 Gala-

124 2376 153 2414 ne
170 2365 213 2416 tibi
235 2367 324 2418 iraudi
345 2368 379 2416 sit
401 2380 444 2427 ea,
468 2379 550 2430 ιιιιειιι
570 2377 642 2416 nunc
680 2371 751 2419 ιεειιι
769 2381 819 2432 pro
831 2367 927 2419 infelici
938 2367 1027 2433 puella
1039 2369 1205 2434 ahdugosto

124 2439 219 2493 caelum
246 2440 382 2502 ostendit,
415 2442 555 2491 serenitas.
600 2440 642 2490 Sic
679 2444 754 2508 rapta
771 2440 814 2492 vel
836 2445 948 2494 Romam
966 2442 1060 2494 allecia
1077 2443 1203 2506 haberet,

123 2513 221 2580 Europe
239 2529 349 2580 quoque
367 2513 430 2566 olim
441 2528 491 2580 per
503 2517 642 2566 externam
680 2531 762 2582 quam
779 2518 806 2568 in
822 2518 937 2582 patriam
949 2518 1038 2568 redire
1050 2518 1149 2570 misere
1160 2532 1207 2568 ou·

123 2589 185 2640 tauri
209 2590 233 2640 ei
256 2587 453 2640 adblandientis
475 2590 594 2654 speciem
615 2590 641 2639 in
679 2593 799 2657 pientem
817 2593 903 2644 amico
920 2591 1068 2643 velificatus
1094 2594 1122 2643 in
1136 2592 1205 2646 Urbe

123 2659 238 2716 taudem
258 2663 369 2714 inducta
390 2665 418 2713 ει
434 2675 540 2714 summo
561 2663 642 2714 enimi
679 2667 796 2718 retinere
813 2669 893 2732 posta
911 2669 1022 2718 conatus
1039 2668 1092 2716 siti
1113 2671 1206 2733 Aeque

123 2749 214 2801 angore
225 2749 359 2804 oppressa
369 2739 423 2799 est,
449 2738 536 2788 donec
553 2739 643 2788 Venus
678 2755 746 2792 vena
758 2743 800 2791 εει
816 2741 978 2792 Groteiendii
994 2741 1082 2806 opinio
1103 2740 1204 2804 (Philol.

123 2823 178 2862 eam
198 2812 392 2865 consolaretur.
419 2813 458 2862 lta
475 2813 504 2862 tu
522 2824 640 2876 quoque,
679 2817 710 2868 ll.
737 2816 762 2865 i.
789 2828 816 2879 p.
843 2815 912 2878 ssi.)
937 2814 1080 2878 significari
1104 2813 1206 2866 aslum

123 2887 168 2936 etsi
184 2887 297 2940 tortasse
310 2899 425 2952 prosper
436 2887 487 2937 erit
497 2885 643 2950 proiectio-
680 2887 781 2940 Gallam
799 2902 814 2938 ι
831 2889 970 2953 Propertio
987 2889 1016 2949 3,
1036 2889 1079 2948 ιι,
1099 2888 1140 2939 38.
1159 2901 1207 2939 ce-

123 2960 159 3010 nis
183 2965 243 3013 tuae
270 2961 358 3013 exitus
384 2961 420 3025 (id
446 2961 519 3025 quod
542 2960 589 3010 tibi
610 2972 643 3009 ex
680 2962 820 3014 lehretem.
843 2989 870 2998 -
884 2963 996 3022 Quando
1008 2975 1118 3012 carmen
1130 2975 1207 3013 com·

123 3035 205 3086 animo
226 3036 318 3101 opto),
343 3038 433 3086 tamen
454 3036 478 3086 si
493 3034 643 3100 perstiteris
680 3038 798 3104 positum
814 3037 861 3098 ειι,
880 3049 931 3086 nos
942 3036 1014 3086 latet.
1033 3035 1154 3086 Nonnulli
1165 3049 1208 3086 ra·

123 3109 253 3162 initinere
271 3112 324 3162 isto
342 3109 527 3174 suscipiendo,
553 3107 643 3160 multis
681 3113 770 3164 ierunt
781 3110 816 3161 ad
827 3123 851 3160 a.
866 3110 922 3161 733.
941 3109 1044 3173 (Similis
1056 3112 1206 3173 argument

123 3183 256 3237 timoribus
273 3184 439 3248 agitabere.»
456 3185 530 3235 ilaue
541 3180 644 3248 simpli-
682 3189 724 3238 est
743 3185 872 3249 Propertii
896 3186 924 3246 ι,
948 3184 973 3235 8.
998 3187 1026 3234 ει
1047 3183 1122 3235 Ouid.
1145 3187 1204 3236 Am.

123 3258 252 3312 oissliuem
269 3261 403 3310 rationem
419 3258 465 3310 ubi
485 3269 642 3322 sequamur,
681 3264 712 3322 3,
735 3260 786 3325 ιι.)

124 3333 180 3384 niul
198 3335 280 3386 hebet
291 3334 442 3384 inconcinni
453 3333 579 3384 carminis
591 3332 645 3382 exi-
714 3339 739 3388 i.
753 3337 778 3387 i.
795 3333 895 3398 impios]
914 3331 984 3384 Talia
996 3333 1099 3394 omina,
1118 3332 1205 3398 qualia

123 3409 264 3472 lususque
280 3407 391 3458 exordio
409 3411 548 3472 repugnat.
574 3405 645 3460 llbe—
682 3412 726 3462 hio
741 3411 939 3468 memorantur,
956 3406 1105 3470 Aeschylus
1116 3411 1204 3459 Prom.

123 3482 176 3530 rior
186 3486 277 3534 autem
295 3479 400 3532 tabulae
418 3483 453 3533 de
465 3483 587 3547 Europae
600 3493 646 3531 ει·
682 3485 744 3538 tsi:
773 3480 903 3544 ἐνοδίους
926 3479 1095 3547 συμβόλους
1117 3485 1204 3533 ιοεει.

123 3557 212 3618 positio
224 3557 348 3608 eiusdem
364 3569 476 3624 prorsus
488 3556 593 3620 generis
605 3556 647 3604 oet
684 3585 712 3598 -
727 3558 832 3622 «ιιιιριιε
846 3555 939 3621 (qumis
955 3558 984 3606 ιιι
1001 3559 1074 3606 corte
1093 3569 1146 3607 non
1164 3558 1206 3620 es)

123 3631 197 3694 atque
210 3633 258 3684 od.
272 3633 302 3693 3,
315 3633 361 3694 ιι,
374 3632 414 3682 33.
429 3632 463 3682 do
475 3633 645 3696 Hypermne-
683 3633 833 3684 tristissimo
846 3632 935 3682 omine
947 3631 973 3681 in
985 3631 1149 3695 proiectione
1161 3632 1209 3683 oh·

123 3707 174 3756 stra
197 3709 329 3769 narratio,
357 3721 472 3773 querum
495 3707 589 3757 neutra
610 3704 645 3754 ed
683 3709 802 3766 veniant,
830 3719 881 3757 nec
902 3708 993 3756 ιειιιειι
1014 3719 1062 3756 eos
1079 3710 1208 3757 revocent

123 3782 245 3834 carminis
257 3782 361 3833 initium
373 3785 400 3833 ει
413 3781 572 3848 primarium
584 3792 647 3830 oon-
683 3783 717 3834 ab
735 3783 854 3846 incepto,
882 3779 950 3830 adeo
967 3781 997 3830 nt
1017 3781 1043 3832 in
1060 3781 1208 3845 perniciem

124 3853 207 3906 sliam
223 3856 389 3920 regreditur,
415 3857 512 3908 sedin
533 3853 646 3905 liberam
683 3858 788 3908 ruant.»
816 3883 843 3892 —
868 3854 977 3919 porros]
1003 3855 1208 3918 Venderburgio

123 3932 286 3989 emoriar
302 3945 319 3982 a
335 3927 420 3998 μύθῳ
437 3929 526 3995 aliquo
550 3929 647 3980 excite·
684 3932 782 3982 eadem
797 3931 904 3981 videtur
919 3931 989 3990 avis.
1017 3943 1086 3994 quae
1106 3931 1132 3980 in
1150 3930 1208 3980 dia·

125 4005 185 4066 ιειιι,
203 4005 266 4056 alibi
279 4007 360 4056 otiam
375 4006 410 4058 ab
426 4003 645 4069 historiaalique,
683 4005 753 4056 lecto
770 4005 872 4056 Veneta
895 4017 1041 4067 possesso,
1068 4005 1094 4054 in
1119 4001 1208 4065 lingua

124 4079 151 4128 ut
161 4079 251 4143 lteguli
264 4081 312 4131 od.
326 4081 356 4143 3,
370 4081 394 4142 5,
408 4080 459 4140 ι3.,
478 4080 553 4130 cuius
562 4077 647 4130 simil·
683 4078 772 4130 ltalioe
800 4079 936 4130 communi
963 4079 1054 4128 ειυειια
1081 4077 1206 4136 vocatur,

123 4149 181 4203 lma
193 4157 236 4204 est
247 4155 419 4220 compositio,
439 4156 575 4218 evagatur.
599 4155 649 4204 Ta·
685 4153 755 4206 ulula
772 4155 941 4215 flammeolo,
959 4151 1134 4210 Sotktormle,
1152 4150 1208 4212 t'es-

124 4223 153 4276 lis
174 4231 266 4280 eutem
290 4231 376 4281 exitus
399 4243 468 4292 non,
491 4233 521 4280 ut
537 4229 647 4294 quidem
683 4230 750 4292 [roto
774 4227 817 4278 vel
832 4228 979 4291 l'emoooie,
1006 4227 1081 4277 cauus
1099 4224 1208 4274 contum

124 4300 282 4368 interpretes
293 4303 396 4368 volunt,
415 4315 507 4356 merus
519 4316 551 4356 ac
562 4316 647 4370 prope
685 4305 846 4356 nocturnum
863 4315 913 4368 1²¹⁰
930 4301 1023 4356 ¹¹¹⁰fl¹⁸
1041 4299 1151 4365 ΝΜΟ
1163 4299 1209 4394 ΙΨ
