3078 4978
634 467 636 474 '
715 459 843 510 itonam
861 458 988 510 Epopon

473 621 533 681 dut
554 614 655 682 herba
678 613 797 702 lapathi
819 625 910 702 prata
933 613 1068 680 amantis
1091 624 1124 680 ct
1145 615 1232 702 gravi

515 735 636 802 Malvae
660 735 808 802 salubres
831 736 978 824 corpori,

390 839 396 866 ⁴
473 855 527 924 Vel
550 877 632 944 agna
652 857 742 924 lestis
764 877 861 924 caesa
883 855 1117 923 Terminalibus

514 978 568 1045 Vel
591 977 717 1045 haedus
740 989 872 1066 ereptus
894 977 981 1066 lupo.

471 1101 537 1167 Has
559 1099 642 1165 inter
663 1097 777 1186 epulas
799 1109 834 1164 ut
857 1099 944 1166 iuvat
965 1109 1074 1187 pastas
1097 1121 1176 1168 oves

514 1219 630 1287 Videre
652 1231 864 1307 properantes
886 1219 1035 1298 domum,

470 1341 587 1409 Videre
611 1341 715 1408 lessos
736 1361 902 1408 vomerem
923 1343 1088 1409 inversum
1109 1342 1212 1409 boves

513 1461 603 1530 Collo
625 1461 788 1530 trabentes
810 1461 981 1552 languido,

302 1719 389 1778 Romi,
408 1718 540 1780 melenus
556 1713 639 1766 bacas
656 1716 768 1780 pingues
786 1713 826 1766 ie-
896 1717 937 1766 33.
964 1716 1005 1768 63.
1034 1716 1141 1781 Posith
1169 1716 1390 1770 «discumbentes

302 1797 376 1853 runt,
395 1793 447 1856 ipsi
460 1791 566 1855 pinyoee
583 1789 715 1840 dicuntur.
863 1791 1049 1842 edoceam.»
1069 1817 1097 1828 -
1116 1792 1188 1857 ditis]
1205 1791 1298 1844 Tibull.
1318 1795 1347 1854 2,
1364 1795 1389 1854 4,

334 1867 420 1918 ill-63.
439 1865 543 1929 lupotln']
555 1861 701 1926 λάπαθον,
720 1864 827 1915 saoee
862 1866 908 1916 23:
929 1865 1218 1927 mrbeqmvenenm,
1231 1869 1313 1918 atteri
1325 1868 1391 1918 benc

300 1943 444 2006 emptor,
476 1953 567 1989 muner
594 1939 690 1989 Latinis
718 1938 824 1989 dicitur.
862 1939 936 2004 nono
954 1940 1043 1990 coloni.
1060 1967 1087 1976 -
1112 1941 1227 2005 moen]
1249 1942 1344 1992 orator
1354 1941 1390 1992 de

301 2015 415 2068 Lucilius
436 2015 507 2080 apud
530 2015 584 2064 Cic.
603 2013 637 2064 dc
655 2013 728 2064 Finn.
746 2014 776 2075 2,
794 2013 824 2075 8,
863 2015 975 2077 ilamsp.
992 2027 1064 2078 resp.
1082 2014 1127 2063 494
1147 2027 1278 2065 momen
1292 2017 1392 2066 αυιιιιιὸ-

299 2092 347 2143 ii:
367 2091 512 2154 Otupotlre,
530 2093 558 2139 et
568 2089 666 2139 lactere
675 2101 770 2138 necesse
780 2093 824 2150 eet,
860 2101 909 2148 no,
928 2089 1042 2152 imagine
1062 2085 1096 2138 eb
1113 2087 1210 2153 apibus
1223 2091 1347 2154 repente.
1360 2117 1388 2127 -

261 2185 265 2196 ι
299 2167 408 2230 scendet
426 2166 485 2228 qrrcr’
501 2165 549 2214 stet
567 2165 619 2212 sat.
638 2163 667 2224 3,
686 2162 716 2224 4,
734 2163 776 2212 39.
795 2189 823 2199 -
862 2163 962 2212 tirecm
979 2161 1048 2225 eet]
1078 2163 1140 2225 quia
1160 2161 1236 2214 loeus
1254 2165 1281 2214 in
1298 2164 1390 2214 medio

298 2240 388 2306 praet]
412 2251 508 2302 «aegro
531 2251 564 2288 ex
586 2235 645 2288 alvo
671 2237 822 2288 adstricta.»
861 2239 1003 2300 simseret,
1014 2237 1264 2301 nonodparietem.
1284 2237 1388 2289 colum.

302 2313 540 2378 -UMclecemd
569 2313 596 2372 4,
622 2311 666 2372 34,
692 2312 735 2362 464
762 2311 825 2361 44444
861 2313 1004 2373 3344
1022 2313 1051 2372 4,
1070 2312 1118 2362 494
1146 2313 1392 2377 Conmetleitti-

297 2390 463 2439 maloce-
498 2386 620 2450 salubres]
647 2387 708 2449 quia
734 2383 824 2435 alvum
860 2387 914 2451 cue)
930 2349 1036 2436 nettlros
1050 2388 1121 2436 eirea
1131 2387 1223 2438 Lerern
1233 2389 1331 2438 dorniei
1347 2389 1389 2451 so-

298 2461 427 2515 molliunt.
447 2460 586 2520 Celsusi,
605 2461 652 2510 394
671 2461 824 2510 mummo-
860 2473 965 2523 marre
988 2461 1143 2523 semidae-em
1163 2475 1261 2524 eerrtper
1278 2463 1388 2526 spreturi.

296 2541 380 2586 vent-
392 2535 529 2596 -mctoae,
548 2536 686 2596 tapetam.
711 2532 821 2586 Martia}
860 2533 980 2596 Silius'l,
999 2537 1064 2585 4434
1088 2541 1112 2586 et
1127 2537 1181 2586 ritu
1192 2539 1318 2600 perpesse
1334 2539 1391 2587 neci

299 2611 344 2670 40,
366 2609 413 2670 tt,
434 2609 467 2658 7:
497 2610 691 2659 Exoneraturas
712 2613 824 2658 vestrm
859 2609 922 2660 Ante
943 2609 1012 2672 [ocos
1029 2622 1137 2660 mmor.
1156 2609 1221 2661 Plin.
1243 2611 1310 2662 illst.
1329 2613 1388 2661 Nat

234 2675 238 2684 ’
298 2685 359 2735 milri
377 2683 462 2734 villica
481 2683 579 2733 mdooe
597 2683 694 2733 Attulit.
715 2710 743 2720 -
764 2683 824 2732 Ter-
859 2684 962 2746 28,20:
980 2683 1177 2748 fumarium,
1196 2686 1391 2747 quosemilie

296 2759 443 2823 mireottbos]
459 2758 570 2808 r11.Kal.
585 2757 719 2820 44444433.
734 2755 822 2818 Febr.)
859 2758 980 2807 ammonit.
1008 2783 1036 2794 -·
1067 2759 1220 2823 renidentes]
1249 2773 1303 2810 non
1334 2760 1390 2810 nub

297 2833 371 2884 ovid.
396 2835 464 2883 Fost.
488 2834 518 2893 3,
545 2833 605 2882 6334
635 2831 773 2894 δρανρίιιιι·
800 2835 824 2881 et
859 2833 919 2894 igue
936 2829 1128 2895 refulgentes»,
1154 2832 1221 2882 sed:
1242 2835 1305 2897 equi
1322 2836 1389 2886 tersi

297 2921 371 2959 caeso
382 2908 519 2957 cornmreeie
532 2907 660 2956 renotem
671 2919 753 2969 epea,
771 2906 823 2955 Nee
859 2908 922 2956 sunt
937 2918 969 2956 ac
987 2904 1061 2970 politi
1072 2924 1095 2966 ,ι
1123 2907 1388 2971 reinpebobete

296 2983 411 3046 9444434444
427 2983 519 3032 lacteae
535 2995 592 3031 erem
608 2981 654 3030 sibi
674 2993 757 3042 porco
778 2981 824 3029 dce-
859 2981 936 3030 Voss.
962 2979 1002 3030 Ad
1018 2992 1130 3040 vernes,
1148 2983 1178 3030 ut
1193 2979 1304 3033 volebat
1321 2985 1387 3034 ttul-

296 3063 348 3108 trtr.
370 3083 397 3092 -
414 3057 508 3105 hoedus
524 3055 636 3119 eruptus]
655 3052 765 3106 Martial.
780 3055 821 3114 40,
859 3055 976 3118 garsirus,
1003 3067 1029 3104 v.
1055 3054 1194 3104 renidentes
1212 3054 1256 3105 vel
1277 3061 1389 3122 propter

295 3132 341 3194 43,
370 3131 410 3182 44.
442 3131 468 3181 in
485 3130 593 3193 frugalis
615 3143 715 3180 coenae
739 3141 823 3193 appa-
859 3128 1020 3192 positionem
1036 3127 1130 3178 reterri
1147 3131 1388 3192 nequit—imita·

295 3209 369 3258 ratu:
398 3205 498 3255 Haedus
522 3204 653 3254 inhumani
677 3209 768 3265 raptus
790 3203 823 3252 ud
859 3205 902 3253 tus
918 3203 960 3254 est
975 3204 1098 3253 nostrum
1114 3201 1204 3253 locum
1223 3204 1386 3264 Μαι-44444449,

295 3293 339 3332 ore
353 3280 415 3342 tupi.
435 3277 522 3328 Sioda
534 3277 608 3328 lucro
620 3277 822 3341 quodammodo
859 3277 908 3338 38,
926 3278 976 3326 344
995 3277 1104 3341 tieem
1121 3289 1237 3328 ιιι-αιιιιιι
1256 3280 1330 3329 lactei
1349 3281 1387 3343 se·

295 3357 406 3414 coenat,
436 3365 498 3402 cum
523 3351 645 3402 homines
669 3351 757 3401 minus
780 3354 823 3400 at·
858 3363 917 3400 eum
938 3363 1032 3401 oenoe
1062 3351 1095 3402 444
1123 3351 1200 3416 torae
1225 3353 1301 3415 sectos
1322 3353 1387 3404 lucet

295 3429 360 3479 tenti
387 3426 422 3476 ad
443 3439 502 3477 rem
523 3424 626 3474 haedos
644 3437 659 3474 ιι
674 3423 742 3488 lupis
768 3425 822 3475 iam
859 3427 893 3476 ad
908 3427 987 3476 beree
1002 3426 1075 3476 sibe.

295 3503 436 3554 admorsos
453 3499 570 3551 abiicere
582 3497 693 3549 soleant.
722 3499 823 3559 Quam-
891 3500 923 3550 37
940 3525 956 3536 -
972 3499 1013 3549 ’40,
1044 3501 1135 3552 «Haec
1156 3499 1203 3550 ubi
1226 3513 1323 3552 secum
1346 3500 1385 3551 lo-

295 3589 377 3640 quam
404 3575 493 3638 opinio
518 3575 576 3624 erat
598 3569 634 3622 τὰ
651 3569 822 3644 λυκόβρωτα
859 3576 937 3625 cutus
963 3576 1021 3624 erat
1037 3573 1133 3635 Alfius,
1152 3573 1322 3626 debitoribus
1339 3589 1386 3640 ep·

295 3646 428 3720 πρόβατα
439 3645 474 3698 τὸ
486 3649 573 3720 κρέας
583 3645 761 3715 γλυκύτατον
770 3661 823 3698 πα·
858 3647 974 3712 pellatis,
1011 3648 1046 3700 ad
1072 3648 1134 3700 idus
1152 3647 1310 3700 solvendum
1334 3649 1383 3700 sibi

294 3724 398 3794 ρέχειν,
418 3720 484 3772 Plut.
503 3725 627 3787 Sympos.
640 3723 669 3784 2,
688 3723 712 3772 9.
732 3747 756 3760 -
775 3736 822 3772 oe-
859 3725 934 3773 curat
950 3735 1060 3773 omnem
1075 3724 1218 3787 pecuniam
1238 3723 1323 3774 tenori
1340 3724 1385 3774 dn·

293 3796 538 3860 montanorum]
560 3798 631 3859 virg.
650 3794 704 3846 Eel.
723 3797 753 3858 3,
772 3796 819 3846 634
858 3801 929 3859 tam,
959 3811 1012 3860 qua
1035 3797 1144 3847 iamiam
1166 3800 1241 3848 emat
1263 3798 1382 3862 praedia,

222 3863 225 3874 '
293 3871 395 3934 Aspice,
410 3868 690 3933 aretrcioporesemnt
702 3882 822 3932 suspenso
858 3871 908 3922 ssd
942 3883 1036 3921 rursus
1070 3869 1222 3922 stimulante
1256 3872 1381 3931 44444444,

293 3945 398 3995 inureret.
422 3945 497 3995 ovid,
511 3945 579 3993 Fast.
593 3943 622 4002 3,
635 3940 698 3992 tot:
719 3943 823 4005 Tempus
859 3945 965 4009 quaerit
980 3944 1105 3996 Kalendis
1120 3945 1249 4012 proximis
1269 3947 1382 3996 eandem

292 4023 363 4081 erat,
382 4031 515 4080 oreooemo
532 4015 821 4080 inperator-teutmaro·
858 4019 942 4069 tenori
965 4019 1044 4079 dere;
1072 4020 1140 4070 adeo
1161 4020 1329 4080 inconstans,
1354 4021 1382 4069 nt

292 4100 343 4145 tro
362 4093 538 4144 proverbium
553 4092 625 4141 erat:
643 4088 694 4150 βοι
704 4089 821 4142 λυθέντι
858 4097 1031 4158 postpaucos
1042 4093 1101 4145 dies
1117 4092 1382 4158 consiliumegrieul-

292 4183 378 4256 epyoo
399 4159 592 4218 ἐπιτιθεται*
576 4179 594 4214 ο
611 4159 696 4230 ζυγὸς
716 4161 818 4216 καὶτὰ
857 4169 950 4219 terroe·
943 4171 1118 4232 inposterum
1129 4169 1298 4219 exercendae
1309 4179 1382 4235 prer-

292 4237 384 4307 σκεύη
406 4235 445 4308 τῷ
463 4235 660 4307 δυνατωτάτῳ.
696 4241 816 4294 Euststh.
857 4253 904 4292 sus
914 4240 1047 4292 abuerat
1066 4241 1197 4306 Alfius]
1214 4242 1294 4307 Apud
1306 4242 1381 4293 Cice-

294 4319 320 4368 in
338 4315 386 4365 0d.
405 4313 436 4374 lt,
454 4329 480 4378 p.
501 4315 573 4366 4373.
857 4327 952 4368 renem
969 4319 1010 4367 cst
1026 4315 1158 4382 c.1lttee,
1176 4316 1380 4382 etapudseue·
