3012 4978
653 481 656 487 ·
687 449 815 499 Honnril
842 448 1010 500 cantilauit

510 608 598 674 Notis
621 605 749 673 condita
771 604 860 670 lastis

554 727 684 795 inclusit
706 725 847 793 volucris
870 724 950 790 dies.

468 891 540 969 Quo
562 887 641 974 sugit
661 905 778 960 venue,
802 883 880 960 heu,
904 903 1012 970 quove
1035 879 1146 948 color?
1169 881 1289 948 decens

469 1011 540 1089 Quo
563 1009 692 1074 motus?
715 1006 794 1094 quid
815 1005 916 1072 babes
939 1003 1038 1080 illius,
1063 1003 1164 1078 illius,

511 1133 604 1210 Quae
626 1128 770 1216 spirabat
792 1147 943 1202 amoma,

553 1253 645 1331 Quae
668 1271 719 1315 me
742 1259 915 1336 surpuerat
937 1246 1028 1322 mihi,

471 1409 556 1475 Felix
580 1419 653 1496 post
677 1407 841 1483 Cinaram,
865 1416 1006 1494 notaque
1028 1416 1060 1472 et
1082 1404 1197 1472 artium

367 1611 406 1658 ti.
426 1622 522 1670 quoque
540 1607 565 1656 d.
588 1635 614 1642 -
634 1606 673 1656 ⁴8.
692 1607 760 1655 color
777 1603 881 1654 weita?
899 1606 952 1666 (lue
974 1605 1065 1664 unct.
1082 1633 1108 1640 -
1129 1605 1168 1654 49.
1186 1605 1302 1667 sperabat
1317 1606 1343 1654 T.

300 1789 397 1852 inquit,
417 1787 458 1834 lte
476 1797 555 1834 ornas
574 1784 634 1834 Cois
651 1781 770 1832 vestibus
787 1785 826 1832 at»
861 1782 945 1831 diani:
965 1793 1050 1844 «quae
1068 1782 1196 1844 optimum
1214 1782 1266 1831 mei
1284 1787 1383 1845 partein

300 1875 353 1925 que
366 1858 589 1920 unionibus,quo
602 1857 688 1906 iunior·
698 1855 823 1905 videaris.
862 1854 951 1906 furtim
969 1856 1033 1905 mihi
1051 1855 1217 1905 ademerat.»
1247 1855 1313 1906 liele
1325 1858 1382 1920 qui-

301 1939 392 1998 Neque
416 1933 486 1982 enim
504 1932 671 1996 propositum
690 1933 765 1979 tuum
782 1932 825 1979 at·
862 1929 925 1980 dam
943 1931 1149 1994 interpungunt:
1168 1929 1251 1980 milii?
1267 1933 1347 1981 Folia.

301 2011 391 2072 tingis,
422 2019 484 2057 cum
501 2008 563 2067 dies,
590 2005 617 2055 id
639 2007 692 2065 est,
719 2007 826 2068 tempus
894 2004 982 2055 at-at.
1002 2007 1279 2071 FeliopottCinoram]
1293 2005 1383 2064 «Felix,

300 2085 378 2146 lugan
404 2081 553 2132 condiderit
577 2079 661 2131 semel
700 2079 755 2143 (ein
782 2079 826 2141 fiir
862 2079 978 2129 maxime
1002 2083 1112 2144 propter
1136 2079 1229 2130 laudes
1260 2082 1383 2135 sinceras,

300 2158 409 2220 weram)
428 2159 456 2207 et
472 2155 622 2215 incluserit,
642 2154 669 2204 id
687 2157 740 2214 est,
761 2165 826 2202 cou—
862 2165 929 2216 quas
941 2156 1002 2216 post
1015 2153 1139 2203 Cinaram
1157 2154 1212 2216 (od.
1227 2154 1252 2214 l,
1270 2156 1295 2215 l,
1310 2155 1383 2218 3sq.)

300 2234 420 2296 signarit,
456 2232 482 2281 in
509 2231 593 2290 lastis,
629 2231 675 2292 qui
700 2227 825 2279 omnibus
862 2228 915 2276 vita
933 2227 1086 2278 defunctam
1110 2227 1156 2277 tibi
1182 2229 1384 2292 impediebam,

301 2308 380 2358 nimis
397 2307 451 2356 noti
463 2307 536 2364 sunt,
555 2317 639 2354 annos
651 2305 724 2354 tuos:
743 2303 827 2365 siqui·
863 2305 890 2352 et
914 2305 1055 2366 propterea
1077 2303 1202 2354 omnibus
1224 2307 1287 2354 nota
1310 2309 1386 2368 atque

301 2382 363 2431 dem
389 2393 497 2439 omnes,
533 2391 648 2442 quorum
678 2380 730 2428 boc
756 2379 825 2427 scire
863 2379 999 2440 acceptam
1037 2375 1109 2428 Multi
1138 2379 1187 2428 tria
1222 2381 1389 2452 constituunt

301 2457 426 2514 interest,
462 2453 546 2518 probe
579 2455 689 2515 norunt,
729 2451 826 2516 quibus
862 2450 980 2501 ἐπίθετα
989 2466 997 2500 .·
1022 2452 1099 2515 socies
1122 2453 1186 2515 [elio
1209 2458 1322 2516 motuque
1334 2457 1386 2516 port

301 2527 457 2579 consulibus
474 2529 535 2576 nata
553 2528 589 2576 sis
606 2530 725 2590 quotque
742 2539 826 2576 annos
863 2527 985 2576 Cinaram
1008 2532 1032 2576 ot
1057 2526 1154 2590 (iacies)
1180 2534 1320 2591 protom
1345 2543 1387 2578 or-

302 2615 460 2653 numeres.r
496 2601 601 2651 Condito
628 2603 718 2651 autem
746 2602 825 2663 lungo
862 2601 942 2650 timo:
971 2601 1021 2651 sed
1046 2599 1116 2652 malo
1144 2605 1304 2652 construere
1328 2615 1386 2653 cunr

302 2689 364 2728 cum
381 2691 406 2726 v.
425 2682 553 2738 ternpore,
573 2688 625 2724 non
643 2687 705 2724 cum
721 2689 746 2724 v.
766 2676 824 2736 dies,
862 2675 997 2725 Bentlelo:
1016 2679 1039 2724 et
1055 2681 1115 2725 nota
1132 2689 1240 2739 quoque
1252 2684 1386 2740 mutarint

302 2751 374 2817 quod
391 2762 470 2801 suum
493 2749 575 2800 babet
594 2749 729 2800 ἐπίθετον
753 2751 826 2800 votu-
862 2750 958 2799 ortium
974 2748 1064 2811 suda,
1082 2750 1116 2800 ab
1128 2750 1254 2801 omnibus
1267 2751 1387 2802 celebre·

302 2829 363 2886 ort's,
383 2839 433 2876 nec
452 2825 505 2875 duo
523 2826 629 2888 recipit,
648 2825 714 2875 dum
728 2831 827 2874 Ποπι-
864 2826 902 2884 ta,
922 2827 951 2873 ut
962 2823 1095 2884 oum,
1110 2824 1138 2874 6:
1157 2826 1237 2874 Notus
1253 2827 1281 2876 ia
1296 2828 1388 2890 fratrer

298 2915 366 2965 pora
383 2915 416 2951 ox
433 2899 545 2950 aliorum
567 2901 691 2964 opinione
714 2899 759 2950 tali
780 2913 826 2950 ca-
862 2899 941 2948 ooimi
964 2900 1074 2960 poterut
1104 2923 1130 2934 -
1157 2899 1243 2964 sodes]
1270 2903 1386 2951 Donatus

302 2976 367 3026 reat.
395 2967 455 3036 (Cir.
470 2974 617 3037 llertzberg
629 2975 733 3025 Comm.
747 2977 824 3038 Prop.
862 2973 897 3023 ad
914 2973 1020 3023 Terent.
1039 2973 1104 3022 Eun.
1124 2975 1154 3034 2,
1168 2974 1196 3035 3,
1210 2975 1243 3024 o:
1264 2975 1285 3024 0
1300 2976 1387 3038 [orion

301 3064 328 3115 p.
348 3050 424 3110 355.,
451 3050 497 3111 qui
513 3049 583 3098 lianc
601 3048 740 3111 sequitur.)
769 3049 826 3098 Noli
855 3048 1000 3120 poletrum
1026 3047 1137 3098 «taciem
1160 3048 1241 3099 modo
1259 3063 1315 3100 nou
1332 3063 1388 3115 por·

302 3127 419 3187 cogitare
436 3137 498 3174 oum
512 3121 642 3173 nonnullis
655 3121 697 3172 vel
709 3123 743 3173 de
760 3123 826 3173 sim·
863 3124 919 3172 tem
930 3124 1050 3187 corporis
1067 3122 1144 3183 dicit,
1163 3123 1212 3173 sed
1231 3126 1316 3175 totam
1328 3137 1387 3188 spe·

301 3198 415 3265 plicibus
440 3197 603 3248 Kalendariis
629 3195 670 3246 vel
696 3197 730 3247 de
755 3198 826 3248 Actis
863 3198 950 3258 ciem,
964 3199 1386 3262 quaeoppareteteerniturn-

302 3273 415 3333 diurnis,
428 3272 477 3322 sed
490 3272 523 3322 de
534 3273 618 3322 Fastis
629 3271 825 3324 consularibus.
863 3273 958 3321 ortirtm
969 3272 1118 3336 Graiorum]
1137 3273 1226 3332 «Quae
1239 3277 1316 3324 motu
1326 3287 1386 3323 ocu-

305 3375 332 3386 ·-
347 3349 431 3400 Minus
440 3348 513 3396 recte
522 3349 613 3397 autem
622 3347 731 3410 quidam
741 3360 828 3411 nuper
862 3345 963 3406 lorum,
977 3345 1193 3410 superciliorum,
1206 3349 1322 3398 cervicis
1332 3344 1387 3411 pla-

302 3429 373 3473 ootos
391 3424 470 3486 [oswi
489 3421 607 3472 contudit
627 3435 689 3471 cum
708 3422 827 3470 menori-
864 3423 932 3470 cet.»
951 3421 1042 3470 Senot.
1062 3420 1167 3470 Codicis
1184 3419 1305 3472 Blandin.
1319 3419 1386 3485 apud

303 3497 429 3560 lassauit
445 3495 493 3546 0d.
511 3496 538 3557 3,
557 3497 601 3556 tl,
615 3496 640 3547 l.
660 3494 727 3556 etl,
742 3495 787 3558 tl,
802 3495 825 3546 l.
864 3498 892 3544 P.
906 3495 1037 3544 Naeuium
1055 3495 1128 3544 llisc.
1142 3494 1170 3554 3,
1185 3495 1225 3544 li.
1247 3494 1388 3546 Aoslmili-

337 3572 446 3620 tl-ao.
465 3571 548 3634 oenus]
576 3571 701 3635 opristina
719 3573 763 3620 tua
779 3583 828 3620 ve·
865 3571 906 3619 ter
923 3570 1027 3619 Comm.
1050 3571 1149 3633 Cruq:
1178 3570 1268 3629 «Quae
1291 3569 1386 3628 oculis,

238 3685 246 3698 .
302 3647 395 3696 nustas
413 3648 440 3694 et
457 3647 566 3709 gratia.»
591 3645 620 3683 -'
643 3646 741 3710 decern]
760 3645 826 3696 itale
865 3645 930 3694 nutu
947 3643 1164 3708 superciliorum,
1187 3645 1302 3695 cervicis
1318 3643 1389 3694 volo·

303 3719 365 3770 olim
388 3732 449 3769 cum
475 3734 500 3769 v.
528 3721 596 3770 color
621 3719 826 3784 coniungebant.
864 3717 977 3778 bilitate,
997 3719 1090 3783 capitis
1107 3720 1202 3783 gratia,
1221 3721 1303 3770 totius
1314 3719 1389 3769 deni-

303 3793 408 3854 Quintil.
428 3795 454 3852 t,
472 3795 516 3854 lo,
534 3795 580 3844 26:
604 3796 723 3856 corporis
742 3797 829 3844 αεοωιε
865 3805 917 3857 que
935 3793 1055 3857 corporis
1073 3795 1147 3843 motu
1169 3791 1283 3856 placet·
1310 3793 1389 3842 Vide·

303 3874 326 3918 et
347 3874 421 3930 apios
448 3872 542 3928 motor,
569 3870 613 3929 qai
631 3869 725 3917 diodor
743 3864 828 3938 eripe-
864 3871 908 3917 tur
926 3871 1015 3918 tamen
1027 3867 1153 3931 amplecti
1164 3879 1219 3917 uon
1236 3866 1325 3917 solum
1342 3859 1388 3916 eri-

302 3944 385 4009 erata,
398 3943 606 3992 ertoecesrortur.
620 3967 648 3978 -
664 3942 739 4001 tutte,
752 3944 826 4008 ι’ῑιέιις]
864 3941 990 4011 ρυθμίαν
1021 3942 1154 4005 corporis,
1189 3953 1285 3991 verum
1310 3942 1389 3991 etiam

302 4021 340 4070 Ex
357 4029 483 4070 sermone
501 4017 606 4080 poetico
624 4017 701 4077 quasi
716 4018 828 4068 conlun-
865 4020 951 4067 ortem
963 4015 1094 4082 psallendi
1105 4015 1282 4079 canendique.
1297 4016 1349 4066 Cir.
1361 4028 1386 4062 r.

303 4096 402 4146 duntur
419 4093 486 4142 illios
496 4090 782 4154 Lycetetiltiorsociei.
798 4121 826 4130 -
865 4092 889 4140 7.
916 4093 945 4141 ln
961 4091 1003 4142 his
1020 4092 1092 4142 enim
1110 4089 1209 4140 ultimis
1227 4103 1270 4139 vr.
1287 4091 1387 4141 amicae

302 4167 450 4231 aitpoerot]
477 4166 656 4229 surripuerat,
676 4167 705 4215 ut
725 4167 778 4217 Sat.
800 4168 826 4228 2,
865 4166 946 4216 iacies
955 4168 981 4217 et
992 4167 1046 4216 tota
1056 4177 1189 4229 persona,
1206 4167 1237 4215 ut
1247 4166 1282 4214 ita
1292 4164 1385 4223 dicem

304 4243 331 4302 3,
353 4243 419 4294 333ε
446 4243 557 4304 nuptu,
582 4242 686 4291 Lucret.
709 4242 737 4302 2,
761 4241 826 4291 3⁴3:
866 4240 1042 4292 contunditur.
1063 4267 1091 4276 -
1112 4237 1386 4302 &metm-potent]

302 4329 418 4378 surpere,
453 4329 485 4366 ex
511 4327 562 4366 usu
587 4316 719 4366 sermonis
744 4316 829 4378 quoti-
867 4315 968 4367 «donee
986 4315 1083 4367 edecta
1100 4316 1134 4366 sit
1150 4327 1225 4379 par.»
