2992 4978
489 483 549 533 Lm.
567 484 608 534 lll.
644 484 672 533 C.
691 484 743 534 xli.

296 678 433 744 Patruae
455 677 592 758 verbera
613 676 750 764 linguae.

136 835 198 903 Tibi
220 836 352 924 qualum
376 835 556 925 Cythereae
579 857 661 923 puer
683 833 767 912 ales,
792 835 847 900 tibi
870 835 949 902 telas

136 957 364 1046 operosaeque
385 958 548 1024 Minervae
570 957 711 1024 studium
732 955 847 1034 aufert,
871 957 1030 1036 Neobule,
1148 963 1168 1025 5

300 1078 447 1166 Liparaei
469 1078 552 1143 nitor
573 1075 687 1155 Hebri,

155 1316 178 1366 6.
196 1315 298 1378 lipsrsi
314 1314 361 1374 Td,
379 1313 463 1364 Bentl.
488 1341 516 1351 -
542 1313 591 1364 Vv.
610 1315 634 1364 6.
654 1327 731 1378 seqq.
753 1315 842 1378 sors,
869 1317 1005 1379 squaru
1025 1317 1135 1370 Belloro-

121 1391 221 1453 ptonts,
248 1391 333 1454 Neque
346 1391 586 1454 pspn--oictss,
604 1389 709 1439 Simw
724 1416 734 1425 ·
749 1391 823 1440 mats
838 1392 870 1441 1.t
897 1391 963 1453 (non
982 1391 1132 1460 Cruquius).

125 1464 166 1516 lllo
191 1465 273 1516 modo
294 1465 424 1516 ordinavit
445 1475 539 1515 versus
561 1462 644 1513 Aldus
662 1463 723 1514 inde
743 1463 778 1514 ab
795 1477 820 1516 a.
840 1466 912 1515 15111.
932 1479 965 1516 ex
982 1470 1136 1520 auctoritate

124 1541 188 1602 ficti,
207 1543 237 1591 ut
252 1539 370 1602 videtur,
402 1539 467 1590 cod.
485 1536 707 1589 vindobonensis.

95 1746 207 1810 percelli,
226 1759 335 1798 summo
352 1759 452 1809 angore
470 1745 548 1804 allici,
565 1743 612 1793 ubi
648 1741 794 1808 μεδέουσα
814 1741 1029 1815 πολυφράδμων
1042 1741 1172 1819 'impoti-

95 1824 204 1872 severior
228 1823 312 1873 etiam
336 1823 412 1885 patre
435 1821 545 1884 patruus
563 1831 612 1868 nos
649 1833 693 1884 πη.
724 1820 780 1869 lam
791 1821 818 1870 in
830 1822 1019 1885 antiquissimis
1030 1824 1094 1874 artis
1105 1838 1172 1888 ope-

96 1895 233 1960 increpat·
279 1897 331 1945 sat.
355 1896 386 1954 Ξ,
405 1894 436 1952 3,
454 1893 503 1944 88;
532 1907 564 1943 ns
579 1893 613 1942 sis
649 1893 724 1944 ribus
741 1895 844 1958 Cupido
861 1895 1005 1947 estalatus.
1042 1899 1173 1951 Videllil·

94 1976 192 2030 pamm
207 1971 279 2022 mibi.
298 1967 428 2030 Manili,
445 1967 505 2020 ist:
538 1969 612 2018 Tuto-
650 1966 737 2031 lingen
757 1969 832 2020 Used.
851 1972 919 2021 Mon.
940 1972 959 2020 1.
979 1973 1007 2022 Τ.
1026 1973 1050 2022 5.

95 2046 155 2096 risus
169 2045 333 2109 strperes'liom
351 2045 470 2106 palmitis
491 2045 610 2108 viperam
682 2045 706 2093 s.
736 2045 760 2094 6.
797 2045 932 2109 Opsrosas]
963 2039 1110 2117 Ἐργάνης.
1143 2075 1169 2086 -

96 2119 142 2170 Cic.
159 2133 207 2184 pro
225 2117 317 2172 Caelio
335 2119 362 2168 11
377 2133 382 2166 :
407 2119 455 2180 (tut
471 2119 498 2168 in
514 2119 613 2180 reliqua
649 2117 765 2182 Narbata]
783 2132 882 2170 nomen
893 2133 1022 2171 sonorum
1034 2135 1066 2172 ax
1077 2125 1174 2175 Archi-

94 2195 140 2244 cs'is
153 2197 307 2256 militasset,
325 2221 358 2232 --
372 2194 421 2258 fait
435 2195 462 2242 in
477 2193 613 2243 ποιοπιιιο
649 2193 719 2244 lechi
745 2193 907 2245 carminibus
933 2195 1115 2260 desumptum.
1145 2214 1171 2264 p.

93 2271 209 2329 miricis
232 2254 341 2333 quirent
364 2273 486 2331 palmus,
515 2281 611 2329 causor,
649 2267 707 2318 tat.
725 2267 826 2330 Bergk:
856 2267 894 2316 Ei
915 2266 970 2340 γὰρ
986 2261 1028 2318 ὦν
1043 2268 1110 2336 ἐμοὶ
1126 2275 1174 2340 γέ-

95 2347 213 2408 mapister.
235 2372 264 2381 -
284 2343 397 2407 vertes]
416 2343 446 2402 Q.
467 2342 560 2393 Cicero
578 2341 613 2391 ad
649 2355 729 2390 νοιτο
760 2347 844 2412 χεῖρα
872 2339 1042 2410 Νεοβούλης
1066 2343 1173 2412 θιγέειν

95 2417 157 2468 Fam.
177 2420 220 2480 16,
240 2419 292 2468 26:
322 2417 455 2468 Vsrbsrooi
475 2421 499 2466 te
515 2416 613 2480 copita-
648 2415 708 2466 κτλ.
722 2443 749 2452 -
775 2417 1014 2484 Liparaei-Hebri]
1033 2421 1105 2470 Sicut
1121 2422 1168 2472 od.

94 2491 159 2542 tionis
174 2495 250 2543 tacito
269 2495 404 2542 dumtseat
419 2491 538 2541 consido.
570 2491 612 2540 Sic
649 2491 763 2553 3,1,13,
782 2492 900 2554 Enipeus,
919 2491 1036 2544 fluminis
1053 2496 1107 2546 noti
1123 2510 1173 2547 no-

95 2563 290 2632 ἐπιπλήσσειν,
321 2561 503 2628 ἐπικόπτειν,
532 2559 612 2636 ἐπιρ-
648 2581 711 2618 men
728 2566 852 2617 tribuitur
868 2568 1020 2618 huiusmodi
1040 2583 1172 2634 personae

94 2633 226 2708 ῥαπίζειν,
246 2641 397 2705 obiurgare.
648 2643 807 2704 amatoriae,
826 2641 999 2706 superaddito
1010 2646 1112 2708 patriae
1124 2661 1174 2698 no-

122 2715 143 2768 l.
161 2716 278 2781 quantor]
297 2715 467 2776 «calathum,
487 2717 612 2779 metony·
649 2719 734 2777 mine,
753 2719 782 2766 ut
799 2717 922 2766 Χππυιίοι
939 2718 1057 2780 Piresia,
1085 2721 1175 2772 llari-

95 2791 154 2841 mice
178 2806 229 2857 pro
251 2790 392 2842 lanificio.»
418 2791 510 2840 Senon.
545 2791 612 2854 Sap·
648 2805 696 2841 nos
708 2791 809 2852 camo,
828 2791 855 2840 id
873 2789 945 2854 quod
957 2791 1175 2846 consertadcer-

94 2865 140 2926 pho
156 2881 181 2930 p.
201 2867 260 2916 649.
280 2865 381 2928 Bergk:
411 2859 535 2914 Γλύκεια
554 2861 613 2928 μᾶ·
649 2869 704 2916 tam
735 2864 852 2928 aliquam
886 2878 1031 2929 personam
1067 2866 1174 2920 lectoris

94 2953 149 3010 περ,
176 2935 260 2993 οὔτοι
286 2935 412 3004 δύναμαι
434 2939 540 3009 κρέκην
560 2935 612 2989 τὸν
649 2941 732 2989 menti
749 2938 995 2990 demonstrandam.
1017 2965 1043 2976 —
1068 2942 1173 3007 lipara,

94 3009 178 3078 ἴστον,
190 3012 282 3082 Πόθῳ
293 3011 419 3080 δάμειοα
431 3011 532 3076 παῖδος
543 3012 612 3086 lipa-
649 3015 765 3063 maxima
781 3011 927 3062 insularum
939 3011 1090 3066 Aeoliamm
1106 3017 1176 3068 inter

93 3085 165 3140 11ναν
189 3090 223 3142 δι’
246 3085 425 3161 Ἆφρόδιπαν.
469 3089 545 3153 Apud
563 3091 612 3138 Se·
649 3086 750 3137 ltaliam
762 3087 789 3135 et
800 3084 922 3136 Siciliam.
936 3113 963 3122 -
976 3088 1052 3152 nitor]
1066 3090 1173 3154 «decor,

94 3175 180 3218 necem
198 3163 311 3232 (Hippoi.
331 3165 398 3227 1111.)
416 3164 534 3216 Phaedra
547 3164 612 3227 Hip-
649 3160 828 3226 pulcherrima
840 3161 952 3211 forma.»
974 3163 1081 3214 charito
1092 3179 1118 3230 p.
1132 3168 1173 3220 26.

93 3237 168 3303 polyti
189 3253 283 3292 amore
301 3241 396 3306 capta:
423 3239 534 3289 Palladis
549 3239 613 3288 telas
650 3237 737 3300 lips:
756 3231 810 3302 τὴν
823 3231 1018 3307 μαρμνοογῆν
1034 3235 1086 3290 τοῦ
1103 3238 1174 3292 κάλ-

93 3321 177 3364 υοοοπι
191 3317 224 3366 111
240 3317 307 3364 inter
322 3315 391 3376 ipsas
403 3314 613 3376 permutabuntur
649 3309 726 3372 λονς.
755 3312 1170 3368 Nexussententiammhicest:

93 3401 183 3440 manus.
207 3389 363 3441 lanificium
374 3391 465 3438 autem
476 3387 547 3452 apud
560 3389 613 3438 lio-
650 3385 770 3437 «Hebrus
795 3387 859 3436 mihi
885 3385 972 3436 aufert
997 3401 1076 3439 omne
1102 3390 1175 3444 aliud

94 3475 179 3516 manos
193 3477 303 3528 semper
318 3462 390 3514 laudi
408 3463 455 3513 luit
465 3462 611 3526 virginibus
649 3461 781 3520 studium,
819 3459 978 3524 simulatque
1004 3474 1067 3513 eum
1094 3465 1173 3518 video

94 3549 121 3586 ac
143 3541 283 3600 matronis,
314 3540 349 3589 ita
374 3540 403 3588 ut
426 3539 453 3587 in
479 3539 610 3602 inscripti.
649 3535 691 3586 vel
707 3535 799 3586 videre
817 3536 881 3586 mihi
904 3537 998 3587 videor
1022 3539 1171 3604 natantem,

94 3623 208 3664 mearum
227 3616 282 3665 Lat.
296 3615 326 3664 N.
340 3613 413 3664 1860.
433 3613 546 3663 summis
557 3614 612 3662 vir·
649 3611 820 3674 equitantem,
834 3613 1004 3661 venantem.»
1017 3613 1065 3672 Qui
1075 3620 1175 3677 puncto

94 3686 186 3738 tutibus
203 3687 409 3753 aequiparetur:
433 3689 543 3738 llrmn.
562 3700 612 3736 rm-
649 3685 812 3748 distinguunt
828 3687 890 3749 post
900 3698 926 3736 v.
938 3684 1022 3747 Hebri,
1041 3687 1110 3740 hanc
1122 3692 1173 3741 mi-

94 3773 184 3812 rssrrr.
211 3775 357 3814 rnosrrrrr.
380 3775 514 3812 rmrcrrrs.
533 3775 611 3813 cass·
649 3773 699 3810 nus
724 3761 814 3824 aptam
843 3761 1004 3810 sententiam
1034 3761 1096 3812 inde
1125 3765 1174 3816 eli-

94 3847 154 3892 orm.
186 3851 321 3888 rmrrrcro.
355 3849 511 3887 errrorem.
539 3847 609 3886 νινε.
649 3837 733 3885 ciunt:
754 3834 884 3885 «simulac
900 3835 1034 3886 donatarii
1045 3837 1169 3898 Tiberim,

95 3919 143 3960 ran.
171 3924 323 3972 snrrmsors.
353 3923 467 3963 cernam.
495 3923 609 3962 rnoasrs.
648 3909 912 3973 evaditequsscet.n
941 3911 996 3960 Nec
1007 3913 1094 3963 minus
1107 3913 1172 3965 salso

94 3996 199 4038 rsrrrrs.
213 4001 279 4038 rrrr.
293 4013 320 4024 -
335 4001 401 4051 puer
418 3985 477 4051 ales]
497 3987 608 4051 Cupido.
649 3997 765 4048 nuperus
777 3983 871 4048 aliquis
883 3985 1024 4049 interpres,
1038 3991 1171 4038 commate

94 4057 143 4106 Ales
155 4073 202 4123 pro
220 4060 333 4112 «alatus»
347 4063 388 4111 est
399 4063 452 4110 iam
464 4060 536 4123 apud
546 4061 611 4110 Tra·
647 4060 708 4125 post
731 4072 757 4108 v.
782 4059 857 4108 Hebri
874 4058 977 4121 deleto,
1005 4062 1168 4112 construxit:

95 4132 175 4193 girum
193 4135 255 4200 (Cic.
269 4135 304 4186 de
316 4138 371 4186 inv.
386 4136 414 4196 1,
430 4135 495 4196 ist:
513 4135 611 4198 Aspucs
647 4135 729 4186 Simul
744 4135 812 4184 nitor
821 4134 896 4184 Hebri
913 4134 1028 4184 humeros
1042 4136 1105 4184 lavit
1116 4139 1167 4187 cet.

96 4203 197 4268 inpones
212 4211 290 4261 alites.
311 4211 445 4274 Oppianus
457 4208 513 4259 llal.
527 4208 551 4268 l,
562 4209 607 4258 27:
647 4211 715 4262 Vera
737 4210 828 4272 utique
846 4210 914 4259 haec
931 4211 973 4260 est
989 4210 1167 4261 constructio:

96 4276 155 4330 Εἴτε
179 4283 213 4334 σὲ
237 4287 285 4336 καὶ
309 4281 496 4356 πτερύγεσσιν
512 4279 609 4353 ἀειρό-
643 4297 709 4346 puer
736 4285 787 4334 ales
823 4285 907 4346 (amor
939 4283 1024 4345 tuus),
1064 4282 1091 4331 id
1118 4285 1167 4346 est,

97 4368 176 4416 μενον
193 4355 274 4410 θεὸν
291 4354 390 4431 ὄρνιν
409 4361 489 4410 Tim
502 4355 609 4420 Πάφον
645 4359 749 4420 Hebro,
762 4357 1023 4420 ommutescere,
1037 4357 1167 4408 simotcet.
