2992 4978
697 481 826 532 nontin
843 479 1013 532 carthuitii

438 642 510 720 Quo
533 636 646 705 Chium
667 636 770 722 pretio
792 635 909 702 cadum

484 762 680 836 hiercemur‚
704 759 777 847 quis
800 777 917 844 aquam
940 765 1098 843 temperet
1119 754 1245 844 ignibus

440 883 512 960 Quo
533 879 710 968 praebente
731 879 864 946 domum
886 887 918 944 et
939 887 1039 964 quota

481 1000 619 1088 Pelignis
643 1020 773 1067 caream
795 996 980 1086 frigoribus.
1007 1007 1104 1065 taces.

437 1161 486 1226 Da
507 1159 603 1225 lunae
625 1177 765 1245 propere
788 1176 908 1230 novae,

343 1358 421 1408 o-t.
440 1355 671 1418 anChiumcet.]
690 1352 834 1404 «Adsum-
871 1353 938 1414 qaod
970 1351 1085 1401 balneam
1117 1350 1239 1416 calfacias
1265 1351 1381 1414 oportebit.

310 1444 399 1483 mam:
418 1431 447 1479 tu
464 1429 611 1492 antiquitati
628 1427 735 1486 studes;
753 1439 834 1490 prae·
870 1427 938 1475 Ante
964 1437 1076 1475 coenam
1102 1427 1173 1476 enim
1196 1425 1291 1476 balneo
1308 1424 1383 1475 calido

309 1506 425 1557 sentium
442 1501 600 1553 obliviscere
619 1503 646 1552 et
665 1502 730 1561 hoc,
761 1499 833 1562 quod
870 1499 1028 1560 utebantur,
1042 1499 1097 1548 Cic.
1111 1511 1160 1563 pro
1174 1501 1259 1550 Deiot.
1273 1501 1299 1550 t:
1318 1498 1384 1549 ahot

309 1592 380 1630 nnnc
403 1579 482 1628 unice
500 1577 633 1640 agendum
659 1576 712 1636 est,
742 1575 832 1624 tanes:
870 1588 930 1636 aaa,
955 1575 1107 1636 primariam
1123 1574 1294 1633 commacu
1312 1577 1337 1623 et
1350 1587 1384 1622 tv·

308 1655 400 1717 quanti
425 1664 547 1702 emamus
569 1651 623 1700 vini
641 1650 699 1700 Chii
715 1647 831 1706 cadum;
870 1648 930 1697 dora
946 1647 1077 1710 calefacti,
1095 1653 1218 1698 montalto
1236 1645 1384 1709 tenpoiisad

309 1728 368 1791 quis
394 1723 555 1776 convivator
575 1723 724 1786 (parochiam
747 1720 833 1771 iacete
869 1722 991 1785 stipidum
1009 1721 1132 1781 eribant,
1161 1723 1236 1771 certo
1262 1721 1330 1786 apud
1346 1723 1384 1770 Pe·
1485 1705 1486 1746 ἶ

308 1801 372 1851 dicit
388 1801 442 1848 Sat.
461 1799 488 1858 t,
502 1797 531 1857 8,
545 1796 596 1859 36.)
613 1795 740 1845 balneum
757 1806 835 1858 para·
870 1797 939 1846 tron.
958 1795 998 1846 28.
1020 1823 1048 1832 -
1067 1796 1132 1846 Mira
1149 1795 1272 1859 proiecto
1290 1796 1337 1846 ΗΡ.
1349 1797 1383 1844 est
1485 1835 1486 1842 ,

307 1877 383 1924 turns
400 1872 522 1933 adeoque
540 1869 651 1919 domum
668 1880 835 1932 suamprae-
870 1871 1071 1935 interpretatio:
1102 1883 1206 1934 eaquae
1233 1870 1383 1928 calcinum,
1485 1891 1486 1924 ς

307 1947 413 1997 hiturus
425 1947 460 1995 sit
470 1944 548 1994 nobis
559 1958 581 1988 ιν
595 1943 656 2006 (duo
669 1944 736 1992 haec
749 1955 834 1992 mem·
870 1945 969 2007 inquit,
988 1945 1029 1994 est
1040 1957 1109 2008 opus
1120 1945 1263 1996 sordidum
1274 1946 1300 1995 et
1310 1946 1383 1994 servis

306 2021 357 2071 bra
375 2021 448 2070 arcte
466 2017 651 2080 coniungenda
669 2016 774 2066 diversa
787 2029 833 2064 ra·
869 2019 1037 2081 proprium.»
1074 2019 1159 2082 (quasi
1183 2033 1251 2070 vero
1271 2020 1320 2068 hoc
1340 2031 1383 2068 non

307 2096 379 2145 tione
391 2093 463 2143 idem
473 2091 621 2155 significant
629 2092 644 2154 ι)
662 2091 759 2154 «quota
767 2090 833 2139 hora
869 2103 920 2154 per
953 2104 982 2141 se
1019 2090 1232 2154 intelligeretur,
1271 2091 1383 2143 balneum

308 2183 341 2220 eo
358 2181 402 2219 me
426 2167 576 2228 conteram,
604 2164 765 2217 subtrahens
788 2177 833 2214 me
870 2165 959 2228 ipsum
967 2167 1156 2228 praeparatum
1168 2164 1384 2223 esseatnmultsl)

308 2242 417 2294 tandem
440 2242 503 2291 huie
524 2240 626 2303 frigori,
659 2237 737 2302 quale
766 2237 834 2288 solet
873 2238 985 2299 «aquam
1002 2239 1097 2301 (pergit
1113 2239 1257 2303 interpres)
1275 2241 1301 2290 h.
1314 2239 1330 2290 i.
1346 2249 1385 2302 pro

308 2329 369 2368 esse
386 2317 413 2366 in
430 2314 568 2378 pelignis.»
602 2316 642 2365 De
654 2311 777 2376 symbola
795 2309 834 2362 lo·
867 2313 958 2375 pluvio
983 2313 1146 2376 acceperim.
1191 2313 1258 2373 Quis
1288 2318 1384 2368 acrem,

307 2391 409 2454 quitur,
436 2390 462 2438 in
479 2401 533 2451 qua
550 2400 618 2438 nnus
640 2386 754 2451 praehet
775 2384 834 2436 hal-
870 2386 948 2448 dieit,
975 2386 1117 2437 humidum
1143 2389 1170 2437 et
1187 2387 1326 2451 trigidum,
1348 2385 1385 2448 qui

306 2476 405 2524 neum,
436 2461 593 2521 triclinium,
623 2459 721 2520 lectos,
750 2473 831 2520 vasa;
871 2475 905 2511 ex
930 2460 1026 2524 pluviis
1050 2462 1076 2510 in
1107 2460 1204 2512 domos
1232 2461 1385 2527 penetravit,

308 2537 391 2588 ceteri
401 2537 494 2585 vinum
510 2536 538 2584 et
549 2533 624 2584 cibos
636 2535 730 2584 emunt
741 2547 773 2584 ac
784 2547 834 2599 per
871 2537 1005 2601 temperat
1030 2534 1176 2599 ignibant»
1210 2537 1307 2588 Omnia
1330 2536 1386 2584 haec
1485 2595 1486 2598 Ἴ

308 2621 402 2660 servos
418 2607 569 2659 afferendos
595 2609 697 2657 corant.
734 2609 832 2670 (Longe
871 2621 982 2674 prorsus
1007 2601 1133 2670 ἄπιστα,
1163 2623 1197 2660 ne
1214 2611 1336 2674 graviore
1350 2621 1387 2658 vo

308 2685 400 2734 autem
417 2681 505 2732 diiiert
522 2683 575 2732 Sat.
596 2683 624 2741 l,
643 2682 672 2741 5,
691 2681 738 2731 38:
774 2683 835 2732 lliu-
872 2682 971 2734 cabulo
988 2685 1057 2734 utar.

306 2771 371 2808 rona
394 2755 530 2819 praebente
557 2757 674 2817 αοναννα,
715 2747 834 2817 capacite
904 2757 928 2807 8.
957 2757 1078 2821 Petiyriie]
1107 2757 1214 2808 Minime
1233 2759 1288 2810 hoc
1304 2753 1387 2818 signin
1485 2783 1486 2788 κ

307 2832 431 2892 atinam,
450 2831 498 2881 uhi
513 2831 547 2880 de
560 2827 725 2880 deverticulo
747 2831 773 2878 in
791 2829 835 2878 iti·
872 2832 928 2891 oet,
947 2843 978 2882 se
995 2831 1068 2894 apud
1082 2829 1216 2894 Pelignos,
1239 2825 1387 2883 Corfiniirei
1485 2821 1486 2856 i

307 2919 373 2958 nere
390 2904 521 2968 loquitur,
540 2917 593 2954 non
605 2903 639 2954 de
652 2904 792 2966 convivio.)
805 2931 832 2940 -
872 2903 1013 2966 Sulmone,
1030 2907 1133 2954 versari
1151 2905 1271 2970 indeque
1291 2909 1387 2958 hamam
1485 2919 1486 2940 t

309 2978 531 3043 Citium-calam]
550 2978 592 3028 Sic
609 2989 721 3040 prorsus
736 2978 831 3028 Athen.
871 2981 1030 3040 venturum,
1061 2978 1111 3029 sed
1141 2978 1231 3030 «domi
1260 2994 1291 3032 se
1318 2980 1387 3042 hiant

309 3055 333 3104 l.
351 3066 379 3117 p.
398 3053 422 3104 3.
442 3052 476 3103 l.:
496 3045 707 3119 ὁ·ΧῐοςἼων
723 3067 834 3122 νραγῳ-
871 3055 927 3118 pati
947 3067 1012 3104 vere
1031 3052 1185 3116 Pelignnm,
1212 3067 1270 3118 quo
1292 3056 1318 3105 in
1334 3063 1388 3104 con-
1485 3091 1486 3132 p

309 3126 373 3179 δίαν
397 3123 520 3193 νικήσας
542 3119 695 3193 Ἀθήνησιν
721 3123 834 3194 ἑκάστῳ
872 3127 943 3177 vivio
961 3126 1237 3178 seliberaturussit.»
1252 3155 1281 3165 -
1293 3129 1388 3190 mora

308 3199 368 3253 τῶν
380 3196 539 3267 Ἀθηναίων
555 3193 645 3252 ἔδωκε
660 3200 736 3251 Χῖον
753 3198 836 3272 κερά-
873 3205 963 3252 autem
975 3203 1005 3251 ut
1015 3200 1112 3250 caleret
1123 3200 1171 3250 Od.
1185 3200 1213 3261 3,
1227 3201 1277 3262 at,
1290 3202 1330 3252 at.

308 3291 387 3341 μιον.
430 3277 556 3328 Thasium
572 3277 665 3326 vinum
682 3277 835 3326 ceterorum
905 3275 930 3325 9.
965 3277 1021 3325 lam
1045 3275 1210 3336 φαντασίας
1245 3288 1298 3339 ope
1323 3270 1389 3324 Tele·
1427 3313 1430 3324 .

309 3351 439 3415 optimum
455 3348 515 3415 μετ’
525 3342 667 3414 ἀμύμονα
677 3349 753 3400 Χῖον
764 3343 836 3401 ἅλα·
871 3349 957 3413 phum
981 3361 1035 3398 nna
1060 3361 1155 3400 secum
1177 3349 1204 3398 in
1227 3350 1318 3412 ipsum
1333 3357 1389 3397 oon·

309 3438 365 3474 κον
387 3424 452 3474 dicit
468 3424 629 3488 Hermippus
650 3423 723 3487 apud
739 3424 834 3474 Athen.
871 3424 973 3474 vivium
985 3423 1090 3488 abripit.
1111 3424 1185 3484 «lta,
1197 3423 1339 3486 pincerna,
1355 3421 1390 3469 in·
1485 3441 1486 3488 3

310 3499 334 3547 l.
360 3511 420 3562 pag.
447 3497 488 3548 αθ.
508 3511 532 3548 e.
565 3521 592 3532 -
622 3497 722 3559 Apum
747 3497 834 3548 schol.
873 3498 930 3560 quit
946 3497 1074 3548 testinans
1090 3499 1182 3562 poeta,
1208 3497 1244 3548 da
1263 3493 1388 3561 poculum.
1485 3503 1486 3564 i

310 3569 393 3620 reiert
403 3572 437 3622 ad
449 3584 524 3632 eam,
543 3583 595 3634 qua
613 3583 719 3623 merum
736 3572 837 3622 misce·
873 3570 946 3635 qnod
963 3572 990 3622 in
1001 3584 1086 3622 novae
1102 3571 1180 3622 lunae
1196 3571 1330 3622 honorem
1343 3565 1390 3619 eiti-
1485 3565 1486 3568 ’

310 3642 406 3693 batur:
426 3659 503 3695 «nam
520 3645 659 3710 tepefactis
676 3647 753 3709 aquis
765 3644 837 3696 nole·
873 3644 977 3695 batur.»
1006 3646 1127 3708 (Genitivi
1141 3646 1221 3695 huius
1238 3647 1265 3696 in
1283 3641 1390 3710 potando
1485 3675 1486 3710 3

310 3715 376 3768 hant
400 3719 492 3768 Graeci
517 3718 655 3783 (Graecei)
683 3719 745 3771 vina
766 3721 837 3770 tem-
873 3715 1389 3784 usitatiexemplahnbesadvv.lti.ll·l

310 3803 433 3856 perere.»
466 3793 567 3842 Verum
585 3792 653 3842 haee
669 3793 725 3843 tam
743 3794 836 3857 exigua
873 3793 957 3857 Fingit
973 3806 1038 3857 ergo
1050 3806 1111 3845 esee
1122 3794 1285 3858 νουμηνίαν
1296 3793 1391 3842 noctur

310 3877 374 3930 pars
399 3866 457 3914 erat
482 3866 608 3925 convivii,
639 3867 669 3914 ut
689 3867 733 3916 vix
758 3867 837 3930 digna
873 3863 1390 3931 numqnesimultempueconviviisisn'r

311 3941 399 4000 esset,
419 3951 488 4002 quae
500 3941 768 3992 commemoraretur.
787 3943 838 3992 lm-
874 3941 952 4000 iieat;
978 3954 1072 3992 novom
1093 3943 1185 3992 autem
1207 3941 1296 3990 imam
1316 3939 1389 3988 inter·
1485 3967 1486 4008 3

310 4025 357 4064 mo
381 4025 435 4063 una
461 4014 503 4064 eet
527 4013 698 4077 interrogatio
723 4015 779 4076 quit
796 4041 838 4052 --
874 4015 973 4079 pretori
1006 4013 1097 4066 lunam
1135 4015 1267 4065 orientem
1300 4009 1387 4062 nolim.

313 4087 535 4150 oum-mea,
554 4086 581 4136 id
592 4088 650 4148 est,
670 4089 750 4148 «Quis
761 4101 838 4152 prae·
875 4087 1093 4152 quandoquidem
1123 4089 1177 4138 hoc
1204 4088 1284 4138 nimie
1315 4081 1389 4134 ambi

311 4159 376 4211 beat
395 4159 507 4211 domum
528 4161 608 4224 atque
629 4159 757 4212 balneum
786 4161 838 4213 oal-
874 4175 957 4225 guum
984 4163 1066 4223 toret,
1096 4175 1151 4212 non
1174 4163 1239 4212 item
1257 4160 1296 4210 eol
1309 4166 1386 4210 m,

312 4235 431 4286 inciatt»
460 4235 515 4286 Cic.
541 4234 576 4285 ad
599 4235 671 4286 Fam.
690 4235 718 4297 9,
738 4236 783 4298 tt,
802 4237 835 4286 9:
875 4237 945 4301 virg.
969 4238 1016 4287 Ge.
1035 4236 1141 4297 l‚288.
1180 4237 1289 4286 «Lunae
1312 4237 1387 4284 novae
1485 4255 1486 4264 .

312 4311 366 4372 Epo
390 4309 435 4360 tihi
457 4323 536 4360 noant
561 4315 687 4374 coaptum
710 4313 836 4373 morata,
874 4311 1002 4373 cyathum
1018 4310 1118 4374 poscit,
1143 4307 1217 4374 quod
1232 4306 1331 4360 meant
1346 4301 1387 4350 lia
