2998 4980
381 517 382 522 ¹
488 459 546 508 ma.
567 461 584 508 4.
621 461 649 509 c.
668 461 743 510 44444.

294 615 436 681 Daunias
459 613 528 682 tatis
549 615 809 693 44444444414444,

295 737 361 802 Nec
384 735 482 802 Iubae
504 735 597 803 tellus
619 748 751 825 generat
773 738 901 804 iconum
1120 743 1158 808 ta

418 857 515 924 Arida
536 859 649 924 nutrix.

294 1019 380 1083 Pone
402 1039 453 1084 me
474 1017 574 1104 pigris
596 1017 651 1084 ubi
672 1017 758 1084 nulia
779 1021 899 1106 campis

252 1119 256 1124 ’
293 1138 396 1204 Arbor
417 1139 539 1206 aestiva
560 1150 725 1206 recreatur
745 1160 839 1215 aura,

155 1363 191 1414 44.
208 1365 311 1415 Dormio
327 1365 384 1414 iotis
406 1364 423 1413 b
442 1367 469 1414 at
485 1362 585 1427 aliquot
600 1363 720 1426 Bentleii,
743 1366 848 1416 cauata
869 1369 894 1416 in
915 1368 973 1417 iotis
989 1368 1126 1420 Puimanni

108 1438 184 1487 ·Cod.
201 1439 229 1499 Β,
247 1441 307 1489 4444
319 1439 442 1498 Pottierii,
460 1438 542 1490 Aldus
557 1439 611 1489 LCt
628 1441 655 1488 et
670 1437 769 1499 Beati..
787 1441 906 1490 Dauniae
921 1442 979 1491 totis
995 1441 1048 1492 duo
1066 1445 1128 1493 Pot-

125 1513 184 1562 tierii
207 1515 233 1562 et
257 1527 327 1564 corr.
353 1512 379 1562 d.
417 1514 456 1576 (Ut
476 1526 534 1576 nos,
556 1513 674 1576 quinque
695 1515 778 1564 nostri
800 1517 828 1564 et
846 1527 886 1578 pr.
906 1515 932 1575 d,
954 1513 1017 1582 βγδ,
1040 1531 1080 1580 pr.
1099 1535 1125 1578 κ,

124 1588 362 1650 quotinocturno..
386 1589 454 1638 Pott.
474 1590 497 1649 4,
520 1589 544 1648 2,
563 1589 588 1647 6,
607 1587 631 1648 9,
651 1586 699 1648 tt.)
720 1613 747 1624 ·-
770 1590 809 1639 i8.
831 1589 906 1654 aruo]
923 1591 1014 1641 mucro
1030 1593 1127 1644 Marius

124 1661 265 1714 Victorinus
282 1676 308 1726 p.
327 1663 400 1713 2603.
419 1665 447 1713 P.

123 1856 158 1908 44.
190 1857 313 1922 Doursius]
340 1858 452 1920 adieci,
488 1858 603 1908 Daunias
641 1858 735 1921 Georg.
754 1857 778 1918 4,
798 1858 838 1908 46.
854 1885 881 1894 -
899 1859 974 1910 luico
990 1862 1067 1930 teitus]
1086 1863 1160 1913 Mau-

95 1933 168 1992 44444,
193 1945 255 1996 pars
276 1931 385 1996 Apuliae
407 1933 478 1982 circa
504 1934 603 1994 Garga·
639 1933 740 1982 retania
762 1935 789 1982 et
810 1933 940 1982 Numidia.
977 1937 1067 1986 Utrum
1083 1936 1160 1987 intel-

95 2019 152 2055 uum
167 2011 292 2058 montem.
316 2007 442 2070 (enaunia
453 2007 545 2071 Apulia
557 2019 604 2070 ap-
639 2005 733 2056 lexerit
748 2006 842 2057 Iubam
854 2009 884 2068 1.,
904 2008 1038 2060 devictum
1051 2010 1085 2060 ad
1096 2012 1162 2062 Tha-

95 2079 229 2144 peilatura
254 2083 348 2132 Dauno
372 2079 492 2145 illyricae
517 2082 602 2144 gentis
639 2093 718 2144 psum
736 2081 791 2145 (ubi
808 2082 920 2132 Cacsar:
939 2085 1035 2148 Perfida
1056 2099 1163 2149 4444944-

95 2153 158 2204 claro
173 2157 237 2216 viro,
257 2157 301 2218 qui
319 2169 380 2206 eam
390 2159 500 2219 propter
511 2155 604 2206 dome·
639 2157 700 2205 otoni
717 2157 827 2206 contradit
837 2157 996 2208 annulatae
1007 2159 1079 2208 Ovid.
1092 2163 1159 2210 Fast.

95 2231 179 2280 sticum
195 2229 354 2280 seditionem
366 2229 500 2280 excedens
517 2231 602 2294 patria
639 2228 663 2290 4,
682 2229 765 2292 aaut,
784 2244 819 2280 an
836 2233 892 2282 eius
910 2229 992 2282 titium
1008 2232 1101 2284 Iubam
1119 2236 1159 2294 11..

94 2306 248 2368 occupavit.»
277 2307 376 2355 Fasrns.
416 2306 513 2354 Postea
539 2305 603 2354 Dio·
639 2305 685 2366 qui
702 2307 766 2355 tuuc
783 2304 920 2368 regnabat,
939 2306 982 2355 vix
993 2306 1095 2358 definiri
1111 2322 1161 2371 po-

95 2379 172 2429 medis
187 2393 266 2431 socer
282 2380 368 2430 iactus
384 2380 443 2442 est.)
470 2380 512 2430 Sic
524 2379 604 2430 semi-
640 2380 700 2428 test.
720 2378 778 2429 Vid.
798 2382 886 2430 tumen
904 2380 1061 2431 Excursum.

93 2465 180 2514 graece
195 2455 349 2515 Ambracias,
368 2454 604 2516 Conpias,1tmoao-
673 2453 713 2503 46.
737 2454 824 2518 Aucto]
847 2454 902 2512 Hoc
924 2454 975 2504 adi.
993 2469 1044 2518 per
1060 2457 1161 2521 hyper-

92 2529 142 2578 oios
155 2531 256 2592 4444444,
278 2530 359 2580 Petico
378 2530 460 2591 hosta,
477 2530 603 2580 Nasamo-
639 2527 722 2577 buton
743 2527 914 2578 referendum
936 2541 995 2579 esse
1017 2531 1051 2580 ad
1074 2531 1159 2582 subst.

92 2603 141 2652 oica
154 2605 236 2666 Homo
247 2603 319 2668 apud
330 2606 431 2668 poetas.
450 2602 525 2654 Adde
538 2605 604 2654 Goo-
638 2602 709 2652 44444
734 2605 826 2652 censet
851 2603 993 2653 schroeter
1016 2602 1033 2654 l.
1052 2603 1069 2654 i.
1087 2618 1114 2670 p.
1134 2607 1158 2657 8.

92 2677 480 2737 rioaonorartsovidmm.
501 2681 524 2739 t,
543 2679 599 2728 556.
639 2676 859 2726 uot.2.Cf.0d.
881 2677 908 2739 4,
931 2679 976 2740 45,
999 2679 1158 2742 rasati,

93 2751 153 2802 itatis
169 2755 297 2818 oruEpp.
316 2754 487 2814 exPout.2‚
509 2753 537 2815 3,
558 2753 599 2804 at.
638 2749 1158 2817 t,t9.72.8‚at.-aotru]1md.a,

92 2825 177 2877 Porttis
186 2827 272 2880 4444441.
286 2827 310 2888 4,
328 2828 385 2878 803.
398 2829 603 2891 momoropiotc
638 2825 684 2876 ti:
695 2819 772 2891 Ἴδην
782 2851 794 2862 -
804 2851 815 2863 -
824 2827 936 2897 μητέρα
946 2825 1053 2898 θηρῶν.
1071 2830 1158 2893 Epigr.

92 2899 174 2952 Noram
197 2905 272 2954 Mart.
299 2903 324 2963 8,
347 2904 388 2964 ct,
409 2903 433 2954 8.
469 2903 600 2964 Ocoooioo,
638 2902 716 2952 444444.
735 2900 788 2953 Pal.
807 2903 826 2952 Ι.
845 2915 871 2966 p.
891 2905 952 2952 act:
978 2899 1075 2973 Μῆτερ
1092 2901 1159 2970 ἐμή,

93 2974 231 3040 Neptunius,
255 2977 409 3028 romanas.
434 2977 517 3042 (ovid.
530 2979 599 3029 Fuci.
637 2977 706 3042 γαίη
715 2976 852 3047 Φρυγίων,
864 2977 1017 3048 θρέπτειρα
1027 2974 1158 3030 λεόντων.

92 3049 112 3108 i.
128 3053 189 3116 aar.)
223 3051 401 3105 Memorabilis
426 3056 469 3104 est
491 3055 602 3118 propter
672 3053 711 3102 ti.
734 3053 799 3103 Pooo
816 3065 856 3102 mo
875 3052 938 3115 cot]
959 3053 1106 3104 «Veterum
1124 3054 1158 3105 de

93 3127 173 3178 nescio
200 3127 273 3192 quod
299 3139 459 3191 perversum
486 3142 601 3180 acumen
630 3125 756 3192 'qunque
781 3128 855 3178 zonis
876 3128 1029 3190 opinionem
1050 3127 1084 3178 ad
1108 3127 1161 3180 444-

93 3197 176 3250 Clerkii
202 3202 370 3252 coniectura:
406 3203 522 3254 Daunius
543 3203 602 3252 lotis
637 3202 819 3266 santissimam
839 3214 932 3250 aarum
952 3200 1159 3266 descriptionem

92 3275 135 3336 4444
150 3277 289 3337 macco,
314 3276 339 3326 id
360 3279 413 3338 ast,
441 3275 601 3341 «4444441444-
627 3275 709 3340 'apud
725 3276 795 3339 virg.
810 3277 903 3337 Georg.
922 3274 945 3335 4,
964 3275 1021 3324 233.
1035 3275 1114 3328 docte
1132 3279 1160 3328 44

92 3353 200 3400 uantur.»
235 3351 287 3401 Sed
303 3363 407 3402 meram
424 3351 602 3415 interpolatio-
637 3352 761 3400 accurate
771 3348 1020 3414 exposuitVossius.
1032 3350 1107 3402 Addo
1119 3353 1159 3404 Ti·

93 3435 144 3475 uem
152 3439 211 3477 csse
220 3428 301 3490 patet.
310 3425 393 3476 Codd.
404 3425 504 3490 aliquot
512 3425 598 3487 lectio,
637 3424 700 3475 buli.
709 3425 733 3486 4,
744 3426 831 3486 titi.
841 3423 914 3473 Ovid.
922 3425 983 3475 4444,
993 3425 1156 3491 tutaeque

92 3498 182 3550 44444444
197 3501 223 3549 iu
236 3501 304 3562 iotis,
322 3499 528 3563 ingrataastvel
540 3514 601 3564 pro·
637 3503 758 3552 Donusa.
779 3525 806 3534 -
825 3499 915 3564 picria]
943 3493 1072 3570 «ἀργοῖς,
1095 3501 1158 3553 nihii

91 3575 140 3632 pter
155 3577 324 3626 iotacismum
340 3576 384 3634 ii3
403 3588 491 3638 neque
502 3577 529 3624 in
540 3589 600 3625 ma-
636 3573 861 3641 producentihus,
880 3575 948 3624 adeo
960 3578 990 3624 ut
1000 3588 1034 3625 44
1045 3575 1156 3627 arbores

91 3647 123 3707 gis
137 3652 330 3710 necessarium,
349 3663 429 3712 quam
447 3650 495 3700 Od.
514 3651 537 3710 4,
555 3651 597 3712 43,
636 3650 745 3714 quidem
770 3647 804 3698 ibi
824 3651 993 3711 proveniant,
1020 3662 1089 3712 quae
1113 3665 1156 3700 ro-

91 3719 110 3768 2.
126 3727 182 3775 anto
198 3739 224 3774 v.
242 3724 373 3776 munitm.
394 3751 422 3760 -·
442 3723 599 3787 4444414444-
634 3726 730 3785 eremi,
749 3725 926 3785 revirescere,
945 3725 1049 3788 possint
1064 3725 1155 3778 afflatu

91 3793 153 3856 pium
168 3801 283 3864 regionis
300 3797 369 3850 iilius
387 3801 502 3849 tractum
519 3812 599 3850 occu·
634 3799 784 3864 tepidorum
810 3799 912 3864 primae
940 3800 1048 3850 aestatis
1076 3814 1155 3850 44444-

91 3873 227 3932 poutihus.»
248 3902 275 3910 -
294 3873 429 3937 4444444444]
445 3873 598 3924 4444444444
634 3887 720 3924 rum.»
754 3876 859 3924 Lucret.
877 3875 902 3935 c,
921 3870 982 3923 tta:
1006 3873 1097 3924 incrta
1113 3876 1154 3924 44-

91 3956 176 4000 44444444
213 3953 271 4000 erat
304 3947 356 3999 loci
393 3946 466 3998 urbis
497 3950 596 3999 Romae
631 3963 673 4000 uos
689 3951 763 4012 affut
774 3949 926 4012 piarumque
940 3948 1057 4011 riporum
1077 3949 1152 4002 Ouid.

93 4017 171 4075 [Varro
187 4027 214 4075 L.
234 4027 261 4076 L.
274 4027 299 4086 t,
319 4025 396 4088 ⁴52),
414 4023 483 4074 adeo
499 4025 529 4073 ut
545 4037 594 4088 pro
633 4025 690 4074 rim.
710 4023 734 4084 3,
753 4023 777 4084 6,
796 4021 839 4074 tt:
855 4023 934 4086 picra
948 4023 1032 4073 utem.
1060 4023 1106 4073 0d.
1126 4023 1150 4085 4,

91 4083 156 4161 ἅπαξ
174 4097 330 4167 λεγομένῳ,
351 4101 382 4149 ut
402 4097 507 4160 volunt,
529 4098 556 4148 h.
576 4097 592 4148 Ι.
631 4099 655 4158 7,
670 4097 713 4148 tu:
728 4098 912 4147 limma-iners.
928 4123 955 4132 -
967 4096 1042 4160 curu]
1056 4095 1149 4147 Catuli.

92 4163 308 4238 tmannequant:
327 4179 477 4236 pometum,
494 4173 595 4223 robora-
631 4173 675 4233 64,
691 4171 737 4223 tt:
766 4172 831 4236 (iios)
851 4173 928 4234 Quoto
942 4171 1148 4221 madeantouroa.

91 4241 134 4292 itm
158 4259 219 4298 sano
251 4248 425 4312 frequentius.
468 4247 592 4309 44444444,
629 4247 703 4298 Marii
718 4247 844 4297 Victorini
859 4249 989 4296 recreatur
1003 4245 1095 4294 mnbrc
1109 4247 1150 4294 eat

92 4317 184 4384 φηγός,
202 4323 432 4374 Wintereiche.
462 4323 538 4372 Voss.
558 4321 592 4371 ad
629 4317 750 4386 σφάλμα
765 4315 953 4384 μνημονικόν.
