2992 4978
297 413 360 478 Μ
689 415 817 476 nonani
835 416 1002 469 elambuit

424 571 561 650 Quando
584 580 616 636 et
637 571 763 658 priores
784 569 858 637 binc
879 572 1007 637 Lamias
1029 571 1133 637 ierunt

465 691 695 760 Denominatos
717 701 749 757 et
771 701 924 779 nepotum

507 816 569 880 Per
590 834 751 880 memores
774 835 876 902 genus
899 835 994 881 omne
1016 815 1132 892 iastos;

422 973 560 1038 Auctore
582 971 623 1038 ab
647 972 700 1039 illo
723 972 815 1039 ducis
837 973 1008 1060 originem,
1184 979 1188 990 '
1350 975 1367 1036 5

325 1141 334 1176 '
361 1153 408 1200 liv.
422 1153 477 1202 a-t.
493 1153 597 1214 Quando
607 1176 620 1187 -
629 1177 640 1188 -
650 1152 772 1215 mainan
783 1153 900 1216 suspecti
912 1152 1064 1212 Sauadono,
1083 1153 1163 1214 lanio,
1176 1154 1339 1213 Buttmauno.

329 1226 459 1288 Webero,
483 1227 624 1287 ticinelrio,
650 1224 771 1290 Regelio‚
790 1220 926 1286 Liibliard.
954 1225 1018 1278 aliis.
1054 1228 1148 1278 Totum
1166 1241 1275 1278 carmen
1291 1229 1341 1278 ilo-

328 1302 385 1350 ratii
404 1313 464 1351 esse
482 1303 559 1364 negat
577 1300 687 1352 Hoimau
706 1298 870 1367 Peerlkamp.
890 1329 916 1336 -
935 1300 959 1352 4.
979 1301 1069 1352 Festus
1085 1301 1115 1362 S,
1133 1299 1167 1363 β,
1184 1316 1226 1366 pr.
1240 1318 1266 1352 κ.
1285 1303 1342 1366 (non

330 1375 445 1439 lthod.)
459 1377 511 1428 Cir.
525 1378 613 1427 carm.
626 1376 651 1438 4,
665 1376 710 1438 il.
724 1376 748 1428 4.
763 1401 792 1413 -
806 1378 831 1427 t.
844 1377 912 1426 ducit
921 1377 1030 1425 auctore
1041 1377 1073 1425 D.
1086 1375 1193 1427 Heinsio
1204 1376 1340 1428 Bentlaius.

333 1453 439 1514 (Omnes
450 1453 512 1512 mai,
532 1453 613 1502 edam
625 1451 651 1513 d,
669 1450 792 1513 Bentleii,
811 1451 927 1502 Pottierii
945 1451 998 1500 cet.
1017 1447 1104 1512 dacis.)

327 1602 353 1651 2.
372 1601 395 1650 3.
432 1601 545 1666 thndo]
560 1601 716 1665 «quoniam,
736 1601 821 1665 siqui-
856 1600 989 1650 maiorum
1006 1611 1050 1650 ras
1067 1599 1155 1662 gestas
1173 1601 1255 1664 atque
1266 1601 1371 1651 bonores

296 1675 385 1726 dem.»
412 1676 503 1726 Senos.
546 1676 614 1724 Raro
643 1675 753 1739 quidem
781 1675 820 1726 sic
857 1674 892 1725 ad
909 1675 1092 1740 posteritatem
1103 1678 1279 1739 propagant.»
1297 1677 1372 1737 Quae·

296 1749 407 1813 usurpat
429 1749 550 1799 Horatius
572 1749 636 1812 (Sat.
658 1750 686 1811 4,
710 1751 743 1812 s,
766 1749 818 1812 s.);
856 1751 919 1800 nint
936 1749 1100 1812 grammatici
1115 1749 1230 1812 sociosne
1248 1765 1282 1800 an
1302 1752 1372 1813 {aar

295 1823 339 1872 bic
356 1824 447 1874 nescio
464 1823 528 1886 quid
545 1823 628 1873 babet
643 1822 747 1888 lepidae
762 1837 821 1888 gra-
856 1824 953 1874 rectior
974 1823 1058 1874 torma
1081 1824 1124 1874 sit.
1159 1825 1236 1876 Prior
1252 1838 1315 1877 sana
1330 1839 1372 1876 an·

295 1898 395 1958 vitatis,
415 1898 491 1960 quasi
507 1909 634 1960 maguum
651 1898 714 1949 buia
726 1899 760 1949 de
772 1900 821 1949 La·
856 1897 1064 1961 tiquiorlioratii
1081 1899 1162 1948 etiam
1174 1901 1264 1950 astate
1277 1900 1373 1950 videtu

297 1984 343 2022 mo
354 1967 513 2042 παραδόσει
523 1971 628 2036 pondus
640 1971 776 2024 tribueret.
789 2001 816 2010 -
854 1973 950 2024 usitata
968 1972 1056 2023 luisse.
1091 1971 1209 2024 Alterius
1224 1975 1373 2025 certumert

295 2047 366 2111 binc]
384 2047 418 2096 de
435 2059 551 2112 persona
568 2047 610 2098 val
628 2050 709 2099 etiam
726 2050 817 2113 stirpe,
856 2045 1008 2112 exemplum
1034 2049 1132 2097 Lucan.
1159 2049 1208 2110 ro,
1237 2049 1301 2100 tsi:
1327 2049 1373 2100 ilat

295 2123 326 2172 ut
349 2122 420 2185 Virg.
444 2125 509 2173 Aen.
530 2124 558 2184 l,
577 2124 626 2174 ii:
654 2125 718 2174 iiiuc
734 2137 819 2186 popa-
854 2135 923 2172 mctts
938 2123 1040 2172 Eudami
1049 2123 1281 2187 binomiustibus
1291 2135 1370 2174 aaut.

295 2197 347 2247 isan
359 2223 398 2234 --
411 2197 553 2248 Ventum.
589 2197 654 2249 lbid.
673 2199 738 2250 235:
756 2199 820 2248 ilinc
854 2197 945 2246 Fastis
961 2195 1044 2246 edunt
1060 2197 1141 2246 etiam
1157 2197 1232 2261 apud
1250 2197 1336 2249 Silium
1350 2198 1371 2257 4,

295 2272 351 2335 (ora
374 2271 487 2321 ductores
512 2279 629 2323 reuocato
657 2275 820 2337 otscnguina
856 2270 1179 2333 to.1›risetanuso,tt:
1209 2273 1285 2336 Apud
1298 2275 1372 2324 liora-

298 2346 392 2396 Toucm'.
428 2347 525 2408 0d.t,
549 2349 594 2409 ta,
618 2349 665 2398 tr:
697 2347 820 2398 Undoutt
855 2345 918 2395 dian
935 2345 1373 2411 commutacionem

293 2421 588 2485 moiusgeneroturipso.
599 2422 817 2485 Censorinttit:
853 2432 944 2472 rasros
964 2426 988 2470 et
1002 2432 1094 2472 rasrus
1109 2422 1138 2471 iu
1152 2423 1197 2472 iil.
1217 2423 1372 2474 cumbam

294 2493 820 2560 nomniusnomtnavitaprttomoblptro-
854 2497 905 2546 Pru
917 2521 932 2533 ·
942 2507 1057 2546 -rrsros
1074 2500 1097 2546 tt
1111 2507 1206 2548 arsam
1224 2500 1253 2548 tn
1268 2499 1325 2548 citis
1338 2509 1373 2546 co-

294 2569 358 2630 dtta,
376 2569 470 2631 idest,
490 2571 596 2632 Vertere,
621 2571 687 2620 ouda
710 2573 820 2622 umbras
855 2569 957 2620 nicom
992 2570 1023 2620 ii.
1042 2567 1059 2618 l.
1077 2569 1194 2633 intellige
1212 2573 1373 2636 potissimum

295 2643 348 2693 cias
366 2644 466 2694 mosidi
485 2645 638 2696 dicebamur.
662 2673 690 2682 -
705 2646 816 2711 priores]
855 2643 889 2694 dc
906 2643 1054 2694 stemmatis
1073 2643 1253 2710 (genealogiis)
1272 2647 1373 2696 numos

295 2718 346 2768 Eos
369 2717 499 2784 intelligit,
529 2721 575 2784 qui
599 2722 696 2772 vixisse
721 2721 818 2772 oredo-
854 2717 976 2768 familiae.
1011 2719 1079 2768 liam
1100 2721 1127 2770 in
1144 2721 1231 2771 Fastis
1257 2719 1373 2773 comula-

293 2791 392 2842 bantur
416 2794 487 2844 inter
508 2796 624 2858 primurn
641 2794 746 2847 Aelium
767 2798 817 2847 La·
854 2791 929 2843 ribus
944 2803 1014 2843 uuus
1032 2796 1170 2858 comparet
1186 2795 1232 2846 bie
1256 2797 1314 2860 ipse
1330 2795 1373 2846 la·

294 2867 375 2916 mium
397 2867 423 2918 in
446 2869 524 2920 buius
547 2869 659 2920 iamlliae
677 2883 818 2920 commen·
854 2868 921 2928 mia,
941 2865 1034 2918 conssul
1045 2880 1070 2918 a.
1083 2879 1109 2917 u.
1123 2881 1147 2919 c.
1162 2869 1231 2928 ttt;
1250 2883 1301 2920 nec
1315 2868 1373 2920 aliua

292 2942 365 2992 tariis
381 2943 424 2992 vel
441 2942 635 2995 laudationibus
659 2943 817 2996 funebribus
853 2943 961 3005 praeter
971 2941 1094 3003 Lucium,
1108 2943 1166 2992 eius
1176 2945 1295 3006 patrem,
1305 2955 1373 3008 prae·

293 3021 470 3068 memoratum
505 3021 532 3068 et
568 3021 679 3070 Lamum
707 3031 815 3083 regern,
853 3019 954 3078 torem,
973 3019 1140 3067 memoratur
1156 3029 1171 3066 a
1188 3019 1292 3083 Pigbio.

293 3093 465 3144 Troianorum
486 3095 639 3158 temporum
657 3093 813 3159 aequalem
886 3095 911 3144 a.
940 3093 965 3142 6.
994 3091 1079 3156 dacis]
1102 3091 1171 3152 Quid
1187 3106 1241 3157 pro
1259 3093 1371 3160 specium

295 3181 357 3218 nam
382 3170 454 3218 certa
479 3183 513 3219 no
536 3168 599 3219 iulia
625 3169 735 3233 quidam
751 3181 817 3233 gens
853 3167 885 3216 D.
905 3167 1005 3218 Heiusii
1022 3167 1090 3218 coni.
1118 3167 1187 3217 ducit
1211 3167 1266 3220 dici
1287 3167 1371 3234 possit.

292 3243 484 3292 totamseriem
493 3244 819 3294 maiommsuorumiuter
854 3241 916 3292 vide
942 3241 1014 3306 apud
1038 3241 1204 3305 Bentleium,
1234 3257 1325 3294 aarum
1350 3241 1373 3290 et

292 3317 409 3382 primurn
423 3315 516 3367 lulium
529 3327 560 3367 ex
573 3316 717 3369 Annalibus
730 3321 818 3370 Ponti·
853 3317 1021 3380 ingeniosum
1037 3319 1095 3368 cius
1112 3317 1297 3370 dciansoram.
1325 3318 1372 3379 Est

293 3391 373 3441 licum
384 3393 430 3442 aut
442 3390 547 3442 aliunde
559 3391 684 3443 historica
699 3393 751 3444 fide
768 3407 818 3444 uo-
854 3403 884 3440 re
910 3391 999 3442 denuo
1023 3393 1155 3457 pensitato
1186 3391 1222 3442 ad
1250 3391 1372 3444 librorum

292 3467 349 3514 turn
366 3468 393 3515 et
406 3465 492 3516 lulum
503 3466 608 3517 Aeneae
621 3467 648 3516 F.
662 3469 817 3518 nominatim
855 3465 1039 3517 anctoritatem
1064 3479 1135 3516 nuuc
1156 3469 1272 3530 reverti,
1298 3465 1372 3518 labuii

292 3537 399 3602 explere
417 3553 535 3604 unquam
556 3545 650 3593 conata
668 3545 742 3604 erat,
767 3555 818 3594 nac
854 3541 1071 3604 interpretatione
1092 3540 1214 3606 probata.
1250 3543 1280 3592 lu
1297 3541 1373 3592 ilein·

291 3614 376 3675 nragis
394 3627 442 3664 aas
461 3617 568 3678 gentes,
587 3615 686 3680 quibus
703 3616 818 3668 similem
854 3617 927 3665 siena
944 3615 1047 3666 munna
1064 3617 1143 3666 nimis
1161 3617 1250 3667 teums
1274 3615 1373 3666 videtu

292 3689 419 3750 originem
431 3688 579 3741 iabulosarn
596 3691 716 3742 tribuunt
732 3693 819 3756 Virgi·
853 3688 896 3740 illa
912 3691 990 3740 unius
1012 3689 1138 3741 versiculi
1159 3689 1303 3755 appellatio
1325 3686 1373 3739 Adi

292 3761 818 3829 liusetSiiius.i²rioribos(«derVor-
854 3765 1010 3823 --tamm
1047 3766 1126 3816 nbnis
1160 3766 1271 3829 copiosa
1298 3761 1372 3815 lamii

291 3837 553 3898 weitLomtarn»,
572 3839 819 3906 Vossiauteruop·
853 3841 959 3904 generis
986 3841 1105 3904 mythice
1133 3840 1263 3900 nistoria;
1292 3838 1372 3904 aptius

291 3915 427 3978 P⁰¹¹1¹ss²¹¹f
450 3917 563 3975 wilm,
590 3914 619 3974 ii,
644 3927 758 3977 quorum
781 3917 815 3967 da
854 3927 917 3978 crgo
941 3919 1004 3980 post
1028 3915 1221 3979 digressionem
1245 3929 1273 3964 v.
1300 3909 1370 3964 Μ.
1481 3957 1482 3990 4

291 3986 443 4038 nominibus
461 3991 533 4038 certa
551 3987 603 4038 fide
617 3989 765 4041 constabat.
787 4019 815 4030 -
853 4005 878 4039 v.
897 3992 922 4040 t.
941 3989 1011 4040 redit
1027 3990 1062 4040 ad
1077 4003 1103 4040 v.
1118 3991 1141 4040 t.
1160 3992 1222 4041 Post
1238 3989 1371 4040 erudiam

289 4062 387 4127 seram]
410 4065 530 4113 «vetusta
553 4065 581 4112 et
603 4065 728 4115 constans
746 4066 815 4116 lania
853 4066 959 4124 autom,
986 4065 1058 4128 quod
1075 4067 1132 4130 ipsa
1149 4077 1199 4116 sua
1214 4063 1371 4114 verbositate

292 4139 358 4187 est.»
376 4136 443 4188 Nihil
455 4138 524 4187 inest
535 4138 628 4188 incerti
640 4152 672 4189 ac
684 4139 766 4190 dubii.
853 4141 941 4189 iocum
958 4139 1083 4200 adiuvat,
1102 4138 1242 4204 abruptius
1259 4135 1371 4206 procedit

324 4211 347 4263 4.
366 4213 623 4278 memoras--sostosJ
635 4214 683 4264 od.
693 4213 718 4276 4,
731 4214 813 4276 iti:
852 4213 887 4266 ad
903 4215 1076 4279 praecipuum
1094 4217 1218 4266 carminis
1234 4223 1371 4278 argum
1481 4211 1482 4256 1

290 4287 336 4336 Per
353 4287 729 4350 intermeantium
749 4291 814 4352 «qui
853 4291 910 4342 turn
927 4303 986 4341 mot
1002 4291 1054 4340 cet.
1081 4291 1194 4341 Crittcus
1210 4289 1370 4355 quidemn>
1481 4323 1482 4348 ,
