3002 4974
516 440 576 489 uin.
596 440 625 489 u.
662 441 691 488 c,
712 439 751 488 44.
1147 435 1202 500 ppt

385 595 535 664 Caesaris
558 605 590 660 et
612 593 750 682 rigidum
774 593 944 681 Niphaten,
1169 596 1210 658 ⁹20

292 739 492 843 Medumque
515 753 635 820 humen
658 753 806 841 gentibus
829 753 970 818 additum

118 1033 231 1081 Annenii
254 1031 359 1090 Phasin,
384 1031 471 1080 Parthi
493 1029 588 1088 liquere
604 1028 649 1077 Ni-
687 1025 808 1090 exemplo
826 1025 920 1076 Tibulli
939 1029 965 1087 4,
985 1027 1013 1087 3,
1034 1029 1080 1078 it:
1099 1029 1149 1079 Aet
1164 1042 1209 1092 epo

115 1107 217 1166 phalea.
255 1107 450 1155 controversus
462 1106 553 1154 autem
565 1116 646 1166 quam
684 1107 869 1150 mmaaasataa
883 1115 942 1150 aves
957 1107 1002 1152 aet
1018 1105 1103 1153 emine
1119 1105 1186 1166 dira,
1199 1113 1208 1167 p

119 1182 236 1231 manime
255 1182 296 1229 esi
313 1179 389 1230 locus
406 1179 477 1241 Virg.
497 1181 542 1228 Ge.
557 1178 585 1236 3,
599 1179 644 1228 30:
685 1177 790 1225 Salaeni
824 1181 869 1224 aut
900 1190 1002 1226 sacram
1034 1191 1073 1226 me
1105 1181 1210 1228 tenuisse

115 1257 216 1306 Addam
232 1254 306 1304 arbes
321 1255 395 1304 tiniec
410 1255 518 1303 dorriitaa
530 1254 647 1315 petami-
685 1251 767 1310 diem
793 1251 841 1302 sed
864 1249 961 1300 clarius
980 1253 1059 1302 etiam
1077 1254 1163 1316 Unger
1180 1267 1206 1317 p.

115 1343 164 1390 que
189 1330 330 1390 Niphaten,
358 1327 402 1378 ubi
422 1341 483 1378 cum
511 1326 645 1392 plerisque
684 1325 749 1376 sai:
770 1327 931 1376 ‹scantemus
949 1327 1057 1389 tropaea
1076 1327 1209 1392 etNipha-

114 1407 239 1454 montem
257 1403 384 1467 equidem
401 1416 536 1466 agnosco,
563 1405 592 1452 ut
609 1405 646 1452 si·
684 1403 727 1448 ten
747 1401 900 1466 (montemll
929 1400 1089 1464 Medumque
1108 1401 1209 1451 llumen

113 1479 227 1544 gnificat
243 1481 321 1542 poeta
350 1476 470 1542 «pulsos,
497 1477 645 1527 debellatos
684 1473 793 1524 volvere
812 1476 1083 1535 verlicesmiuores»,
1103 1478 1210 1525 utPro-

113 1568 179 1606 esse
197 1555 257 1603 eius
275 1551 409 1612 accolae»
436 1553 486 1602 etsi
510 1555 596 1616 Unger
618 1567 643 1617 p.
684 1551 752 1613 pert.
772 1550 801 1608 2,
822 1551 847 1608 4,
867 1551 915 1598 49;
953 1551 1011 1598 Non
1036 1563 1080 1612 epo
1107 1550 1208 1598 Titanas

112 1629 173 1680 347.
202 1641 298 1676 rursus
325 1627 359 1676 de
393 1628 502 1677 llumine
537 1629 643 1691 accipit.
683 1636 863 1684 canerem--,
882 1625 939 1672 Nan
954 1623 1208 1672 uetereslhebaanea

111 1705 222 1753 Etenim
240 1701 384 1765 aequales,
405 1703 528 1752 Horatius
546 1704 574 1751 et
585 1702 645 1751 Vir·
681 1699 820 1761 Perperna,
839 1711 928 1748 44444444
945 1698 1060 1758 Homeri,
1078 1697 1170 1748 Xercu's
1186 1703 1210 1746 et

112 1777 212 1842 giliuS,
233 1776 319 1840 probe
338 1775 460 1826 sciebant
476 1779 596 1826 montem
613 1775 645 1826 il·
682 1772 786 1835 imperio
814 1774 873 1824 blaa
900 1775 975 1823 coisse
1001 1773 1076 1823 vada·
1124 1773 1151 1834 3,
1177 1774 1206 1832 2·

111 1852 170 1902 lum
198 1864 274 1911 essa,
302 1851 350 1901 sed
376 1865 409 1900 ex
434 1864 529 1902 eorum
553 1851 644 1902 verbis
682 1848 713 1896 l:
750 1849 782 1898 Et
809 1850 887 1898 cecini
919 1847 1007 1899 Curios
1036 1850 1129 1912 [ratres
1154 1874 1168 1884 -
1192 1874 1206 1883 -

111 1929 224 1976 mature
243 1926 296 1974 iem
312 1927 524 1976 aGrammatieis
542 1927 644 1989 ingeo-
685 1923 848 1984 Victriccsqaa
873 1936 961 1972 meras
985 1923 1057 1972 Fabii
1077 1935 1208 1986 pappam·
1255 1913 1256 1916 '

110 2001 228 2064 graphia
255 2000 342 2050 minus
364 2001 478 2050 versatis
495 2015 578 2065 prave
597 2016 645 2051 en·
681 1999 872 2056 quarteriorum
890 1997 1206 2048 Cannaruem--lianni-

110 2074 221 2140 plicatis
240 2073 310 2139 apud
328 2075 493 2138 posteriores
511 2077 585 2126 ortus
604 2079 645 2126 est
681 2071 809 2134 talemque
826 2073 903 2122 Lares
918 2074 1032 2122 Romana
1047 2071 1207 2134 sedataque-

111 2151 246 2214 Niphates
272 2149 384 2208 lluvlus,
414 2149 520 2215 dequo
539 2152 644 2201 certum
681 2152 727 2204 tes,
757 2148 856 2196 Anseris
883 2151 906 2196 et
934 2151 1014 2194 iatam
1046 2158 1105 2194 vaae
1131 2145 1206 2207 tuisse

110 2223 189 2289 apud
208 2225 382 2287 Geograpbos
403 2237 468 2274 vera
485 2226 643 2274 auctoritate
680 2222 769 2269 lovem.
793 2221 859 2269 item
871 2219 895 2280 3,
910 2219 937 2278 3,
958 2219 997 2267 ia.
1017 2217 1087 2280 Eleg.
1102 2217 1136 2266 ad
1149 2219 1203 2268 Liv.

111 2298 256 2362 praeditos
278 2299 459 2350 testimonium
478 2299 578 2350 nullum
597 2313 644 2349 en·
681 2299 746 2358 Aug.
765 2294 821 2344 aia.

110 2375 182 2432 stat;
211 2387 275 2422 nam
299 2372 332 2422 ad
350 2377 491 2438 poetarum
509 2372 583 2424 locos
600 2389 645 2424 ac·

108 2448 290 2500 commodata
302 2452 378 2510 sunt,
397 2463 466 2512 quae
480 2449 642 2500 scholiastae
713 2445 753 2493 ti.
774 2444 812 2492 lt.
854 2443 1003 2502 bledamque
1017 2441 1117 2507 stamen]
1136 2443 1203 2492 Sane

110 2523 217 2573 Lucani
237 2527 264 2573 et
280 2522 411 2574 luvenalis
429 2523 454 2574 il.
468 2523 494 2574 ll.
514 2523 641 2583 allerunt;
682 2521 724 2568 est
741 2517 903 2580 Euphrates,
922 2516 1046 2581 proprius
1063 2519 1144 2580 atque
1162 2531 1205 2568 ee-

109 2611 205 2661 neque
232 2597 283 2647 alio
312 2597 484 2649 fundamento
513 2600 641 2660 nituntur,
680 2591 1206 2642 lebratissimuslliedorumsivePartho-

108 2687 184 2736 quae
217 2671 372 2724 dubitanter
396 2674 422 2723 b.
450 2673 466 2723 l.
493 2675 581 2724 Acron
616 2676 643 2722 et
679 2679 739 2716 rum
752 2665 857 2714 fluvius·
892 2665 1094 2726 Decedemre,
1114 2666 1202 2726 idest.

107 2751 221 2798 comm.
242 2747 304 2797 cn:
323 2749 439 2809 Scythiae
454 2750 575 2812 paveam
589 2749 643 2810 pto.
680 2741 713 2789 de
740 2740 828 2789 Crassi
853 2740 934 2802 signis
960 2753 974 2789 a
1002 2741 1113 2789 Phraate
1131 2754 1154 2790 a.
1175 2755 1201 2790 u.

107 2826 186 2885 leque
202 2823 337 2872 sirmiae
349 2828 565 2884 monimnputant,
584 2825 643 2871 ser.
680 2813 735 2864 tat.
763 2814 879 2877 receptis
904 2815 974 2876 l'irg.
998 2817 1063 2863 hen.
1088 2815 1116 2876 8,
1136 2816 1199 2864 726:

106 2901 170 2948 iius
190 2896 227 2946 ad
244 2897 314 2960 Virg.
328 2895 345 2947 Ι.
365 2896 398 2948 l.:
424 2899 543 2958 Niphates
559 2899 642 2960 etsta-
678 2889 819 2949 Euphrates
843 2887 896 2937 ibat
920 2888 973 2936 iam
996 2888 1096 2936 nectitur
1120 2889 1200 2937 aradis¹

106 2975 165 3022 vias
185 2976 221 3020 eet
239 2976 355 3021 aimerus.
374 2971 466 3021 Vibius
483 2969 639 3033 Seq.p.tti.
679 2965 710 3012 Et
728 2963 775 3012 cfr.
795 2963 860 3026 Epi).
881 2963 909 3022 t,
929 2963 972 3023 lt,
992 2963 1041 3012 27:
1068 2964 1107 3011 itis
1124 2964 1202 3024 tmpe-

107 3044 204 3098 oneri.
219 3060 224 3093 :
238 3047 358 3108 Niphates
369 3047 500 3096 Armene
513 3043 639 3106 (flumen),
677 3038 794 3098 riamette
818 3038 937 3086 Phraates
962 3037 1078 3087 Caesaris
1109 3038 1204 3098 accepit

109 3138 142 3172 aa
160 3125 251 3170 monte
266 3122 381 3183 Niphate.
403 3147 430 3156 -
449 3122 506 3169 lam
524 3119 569 3181 qui
581 3119 607 3167 b.
621 3117 638 3168 l.
677 3113 778 3176 penitus
786 3113 878 3172 minor,
889 3112 934 3161 ubi
948 3112 1009 3161 vide
1020 3111 1109 3163 adnot.
1130 3113 1200 3163 lton.

106 3209 158 3261 pro
189 3195 273 3244 navio
290 3195 406 3255 habent,
433 3195 506 3244 varie
532 3206 558 3242 v.
579 3193 642 3256 ripi-
677 3189 776 3249 Aneyr.
797 3187 839 3236 ed.
859 3188 950 3236 Franz.
969 3199 995 3251 p.
1015 3186 1063 3236 35:
1098 3188 1204 3237 Parthos

105 3263 169 3320 dani
211 3271 420 3332 interpretantur
458 3266 500 3316 vel
536 3264 639 3329 «glacie
677 3263 755 3311 tetam
770 3262 1107 3311 eaereihcamilamanormn
1122 3261 1204 3324 spatia

106 3345 323 3404 constrictum»,
351 3341 392 3392 vel
419 3356 451 3394 ex
474 3343 573 3393 Lucani
589 3341 642 3390 uot-
678 3337 1202 3401 etsipnaredderemihiatpptteesqeeaeni·

104 3425 208 3471 centem
225 3431 293 3466 snae
311 3417 439 3480 «rigidum
457 3417 541 3478 sanis,
560 3429 640 3466 saxn-
677 3413 764 3462 citium
779 3412 868 3474 papati
886 3412 993 3461 timeant
1006 3417 1091 3474 petere
1114 3413 1201 3476 cae'pi,·

106 3508 208 3552 sum»,
240 3489 282 3541 vel
298 3495 410 3554 propter
427 3490 581 3542 accolarum
598 3493 640 3540 in-
677 3500 708 3536 ea
726 3491 811 3535 autem
827 3487 900 3549 449444
924 3487 951 3535 in
972 3487 1109 3548 penetrali,
1136 3487 1203 3548 qaod

105 3569 222 3630 genium
237 3565 382 3625 «ferocem,
397 3563 529 3615 tumidum
540 3583 562 3626 ‚n
576 3579 638 3615 cum
677 3565 712 3610 est
728 3561 858 3622 tuterapiu
869 3561 961 3610 Martia
974 3561 1073 3622 Uttaris,
1091 3563 1200 3622 reposci.

104 3644 144 3692 sic
164 3652 279 3704 quoque
291 3639 477 3702 explicandum
491 3640 560 3688 toret
578 3639 639 3689 «444-
677 3635 725 3684 Alii
743 3636 952 3698 interpretantur
974 3635 1007 3684 de
1031 3635 1113 3684 fluvio
1130 3637 1202 3685 Medo

105 3716 219 3778 gaium»
249 3727 282 3763 ex
306 3713 378 3762 Statii
403 3712 485 3763 Theb.
507 3714 552 3774 40,
572 3712 636 3763 lar:
677 3711 702 3758 in
720 3711 824 3758 tranen
851 3710 977 3760 intluente
1003 3723 1088 3775 prope
1105 3712 1202 3760 Perse-

104 3791 239 3854 ripidieae
262 3792 366 3837 44444444
389 3788 493 3837 Oebalus
517 3788 636 3837 Eurotae.
676 3782 756 3848 polin.
776 3783 871 3834 Strabo
885 3787 922 3834 45.
937 3800 963 3850 p.
974 3785 1030 3834 rae.
1050 3789 1088 3835 Ac
1100 3785 1201 3835 dicium

105 3863 233 3914 Alterum
244 3863 335 3926 autem
352 3859 452 3912 mulum
465 3875 497 3910 ex
511 3861 573 3912 laisa
586 3862 637 3912 bae
677 3859 744 3908 toret
762 3859 855 3909 utOd.
876 3859 904 3920 l,
923 3859 953 3920 i,
972 3860 1020 3910 38:
1057 3861 1202 3910 Maeoniam

106 3935 332 4000 interpretatione
357 3935 408 3985 hoc
433 3939 523 3986 ortum
548 3937 589 3985 est
609 3939 640 3985 ut
674 3936 774 3996 ttamen.
816 3934 1017 3997 hrt.po'e't.t8:
1034 3937 1127 3998 {tamen
1138 3935 1202 3983 illie-

106 4023 195 4076 prave
231 4011 435 4060 construerent:
476 4011 637 4060 «Cantemus
675 4022 749 4066 nam,·
782 4021 854 4058 mare
886 4009 1012 4058 Oceanum
1041 4011 1069 4058 et
1096 4007 1199 4058 similia.

107 4089 223 4150 tropaea
250 4086 278 4133 et
303 4085 432 4148 Niphaten
459 4097 491 4134 ac
520 4084 636 4144 Medum,
675 4083 709 4131 nt
726 4095 822 4146 porum
840 4082 970 4133 credibile
988 4085 1030 4134 est
1047 4081 1200 4132 ablioratio

106 4160 163 4209 duo
193 4158 316 4218 tlumina,
352 4160 496 4221 utrumque
520 4159 638 4208 minores
675 4159 820 4207 memorari
837 4159 938 4208 llumen
951 4158 1105 4216 obscurum,
1125 4159 1200 4207 cuius

106 4233 223 4283 volvere
234 4235 365 4283 vertices»
385 4235 436 4283 cet.
472 4235 581 4282 Rectam
593 4247 639 4282 ra·
676 4247 710 4282 ue
727 4231 821 4282 Vibius
839 4231 948 4295 quidem
961 4233 1105 4295 Sequenter
1123 4245 1200 4280 men·

107 4310 215 4358 tionem
232 4308 284 4358 iam
302 4319 352 4370 ego
370 4307 529 4366 iudicaram,
549 4307 638 4356 addito
676 4309 777 4357 tionem
803 4307 873 4358 tecit.
904 4335 930 4345 -
955 4306 1066 4370 pentibus
1087 4305 1200 4356 additam
