2998 4980
479 489 538 540 ΗΒ.
557 491 576 539 l.
613 493 640 542 C.
661 493 713 544 xil.

297 644 419 713 Crescit
439 645 565 714 occulto
587 647 675 717 velut
695 650 793 718 arbor
815 673 895 719 aevo

297 769 394 834 Fama
416 767 571 848 Mareelli;
594 771 690 838 micat
711 773 794 840 inter
815 794 927 842 omnes

296 887 411 955 lulium
432 887 524 956 sidus
545 891 632 958 velut
654 893 736 960 inter
757 895 848 982 ignes

152 1025 189 1090 ld.
207 1029 288 1078 maia
302 1028 331 1079 B.
354 1055 381 1065 -
400 1029 440 1081 lt.
459 1031 550 1082 latim
565 1033 641 1098 adua]
658 1036 784 1086 ootoutonl
801 1041 911 1090 camorts
926 1053 1007 1105 supra
1022 1057 1130 1097 versum

124 1099 154 1150 ab
170 1101 227 1152 aad.
246 1116 283 1152 m.
302 1103 331 1154 T.
352 1132 379 1140 -
398 1105 467 1170 lane
483 1119 617 1172 supersor.
636 1109 646 1159 ἰ
662 1111 692 1170 Β,
710 1111 775 1174 ipris
791 1113 819 1161 T.

97 1221 190 1281 Quodsi.
203 1222 484 1278 utlibenteroouoedo
495 1228 606 1278 Frankio
643 1243 711 1293 quos
728 1232 791 1283 tuno
808 1235 953 1286 eminebat.
987 1239 1026 1290 De
1047 1244 1164 1306 Augusto

97 1297 119 1343 el
138 1295 268 1360 liblero,
294 1299 346 1350 boe
369 1313 479 1353 oarmen
500 1304 606 1354 circiter
642 1303 895 1370 solointerpretatus
907 1313 1083 1376 eetOuweus;
1103 1332 1165 1370 oon·

96 1381 115 1416 a.
131 1370 182 1421 itt.
199 1375 380 1436 compositum
391 1379 441 1438 est,
460 1377 527 1428 haee
539 1378 607 1429 Mar-
642 1381 682 1428 tra
699 1379 734 1430 de
751 1383 806 1430 tota
823 1387 900 1446 gente
917 1384 981 1435 lulla
992 1389 1106 1442 Lliblier.
1124 1396 1163 1446 De

96 1442 144 1494 aelli
159 1447 236 1498 etiam
253 1449 364 1500 iunioris
385 1463 438 1502 non
455 1451 544 1504 deam
558 1467 605 1502 re-
641 1451 716 1503 stella
733 1455 839 1516 cunita,
864 1469 932 1521 quaa
950 1465 1042 1514 noctes
1059 1470 1164 1530 septem

97 1519 210 1583 arduo,
237 1537 335 1574 verum
356 1528 444 1589 potius
469 1529 547 1578 tacita
572 1539 604 1577 ao
640 1529 702 1590 post
719 1528 964 1584 caesansoaedem
976 1535 1053 1598 irrisit,
1072 1553 1165 1603 quam·

97 1594 200 1645 modesta
212 1599 379 1660 significatio,
392 1602 602 1665 aptissimam,
641 1615 694 1665 que
712 1603 833 1654 Caesaris
845 1607 962 1658 animam
973 1609 1091 1664 brisseio
1104 1629 1165 1666 eae-

100 1671 144 1728 post
158 1670 347 1724 adolescentuli
363 1688 428 1725 vero
439 1679 554 1728 mortem
565 1678 604 1728 sio
640 1674 696 1726 lum
708 1675 857 1729 evolantem
874 1680 995 1734 terebant
1013 1685 1094 1750 (locus
1111 1692 1165 1753 pri·

101 1741 141 1792 abe
155 1743 204 1795 ulla
222 1760 335 1810 prorsus
352 1750 460 1813 Augusti
482 1751 605 1803 consola-
641 1751 740 1802 marius
764 1755 806 1803 est
826 1753 890 1804 Plin.
915 1757 946 1808 ll.
971 1760 1001 1808 N.
1020 1762 1045 1810 2.
1065 1765 1090 1812 S.
1109 1765 1162 1826 td,

99 1815 151 1866 tone
176 1819 263 1871 addita
292 1823 371 1874 nimis
394 1825 486 1888 tngida
511 1825 604 1877 inisset
640 1827 698 1875 tum
717 1827 811 1878 Festus
835 1829 861 1879 iu
879 1831 964 1882 Stella.
1000 1837 1107 1889 Servius
1129 1841 1164 1890 ad

98 1893 256 1958 etnegligens.
275 1895 604 1964 Arlayawaotemquan-
639 1902 705 1951 Aen.
733 1901 757 1962 6,
785 1902 841 1953 790-
882 1905 953 1970 Vile·
981 1908 1035 1961 Ecl·
1063 1911 1087 1974 9,
1114 1913 1162 1965 47³

97 1963 157 2026 dam,
182 1972 231 2021 etsi
257 1971 302 2022 odi
326 1974 511 2027 Baxterlaaam
533 1977 603 2026 bano
639 1977 702 2025 Eece
742 1977 852 2028 Dionaei
889 1984 1009 2042 procem
1049 1986 1166 2040 caenae

97 2037 204 2102 figuram,
230 2047 257 2097 in
279 2061 325 2098 vv.
349 2051 377 2100 et
392 2051 473 2100 Fama
488 2053 603 2103 Marcelli
639 2051 768 2114 astrum),
791 2065 834 2102 w.
853 2067 936 2105 mnam
957 2059 984 2106 et
1008 2059 1074 2110 inter
1096 2063 1186 2126 ἰσων.

97 2116 117 2160 et
129 2117 211 2169 lutiam
232 2123 300 2173 aare
323 2137 500 2186 agnoscamus
517 2139 601 2192 prope
638 2125 712 2175 tana
732 2127 841 2178 minores
862 2143 911 2181 nos
933 2132 1101 2198 interpretari
1120 2139 1163 2190 vix

96 2197 189 2243 neceam
207 2199 256 2246 est.
284 2199 402 2262 Dempta
413 2200 491 2262 igitur
507 2205 602 2253 ornatu
639 2200 737 2262 sinunt,
754 2203 806 2251 etsi
824 2203 881 2254 eius
893 2207 989 2256 ostenti
1009 2209 1164 2264 diuturnum

95 2266 182 2323 poetico
196 2269 246 2320 boe
258 2271 335 2322 dicit:
355 2274 449 2323 «Grata
460 2278 601 2339 posteritas
638 2275 699 2338 post
715 2277 822 2340 tempus
839 2281 961 2330 meminit
977 2283 1084 2336 Ovidius
1101 2288 1162 2338 llet.

94 2347 186 2402 semper
212 2347 296 2408 magis
327 2347 463 2410 magisque
489 2349 602 2400 honorat
639 2349 679 2408 lt,
694 2348 754 2400 tte:
769 2351 890 2404 Caesaris
901 2367 946 2405 res
957 2359 1048 2419 gestae
1061 2373 1123 2411 eum
1134 2362 1164 2412 ln

95 2417 233 2468 memoriam
258 2419 377 2470 Marcelli
400 2421 467 2472 illius
490 2425 599 2488 antiqui,
637 2424 1164 2494 ridauverterenovmnslellomquaomnan·

95 2486 160 2538 etiam
183 2496 292 2558 propter
318 2496 427 2558 Augusti
453 2511 485 2550 ex
508 2511 600 2550 sorore
638 2502 693 2546 tem.
706 2525 733 2534 —
746 2499 871 2552 Ceterum
881 2505 1055 2558 memorabile
1068 2513 1163 2562 estDi-

94 2567 202 2624 nepotem
223 2568 357 2620 anmculo
380 2573 408 2620 et
430 2570 528 2638 populo
545 2576 601 2625 mm
637 2570 1163 2643 viluliiolaramoertamquementionem

94 2645 194 2687 aarum.»
215 2669 241 2680 -
263 2645 332 2694 inter
354 2647 445 2711 mmor]
469 2648 510 2697 Ad
532 2650 601 2712 ὁρκον
637 2659 771 2710 nusquam
793 2648 828 2699 ab
852 2652 959 2704 Horatio
982 2655 1078 2708 iactam
1102 2673 1162 2711 esse

94 2717 112 2754 v.
123 2723 174 2774 seq.
186 2716 277 2767 reterri
290 2719 392 2782 nequit,
412 2721 460 2772 sed
472 2722 524 2772 hoo
535 2721 597 2773 volt:
636 2723 826 2787 praeterquam
844 2726 891 2776 Od.
911 2728 934 2789 l,
953 2729 978 2789 2,
996 2729 1044 2782 ll:
1069 2734 1162 2785 Caesa

95 2780 160 2833 «later
177 2803 257 2842 manea
278 2792 364 2844 duces
384 2793 516 2846 Romanos
536 2797 601 2846 emi-
636 2796 674 2844 na
688 2797 756 2846 ullor
773 2799 830 2850 sina
842 2799 895 2850 ullo
912 2800 1043 2871 ἐπιθέτῳ,
1062 2807 1161 2860 nubam

95 2859 137 2914 ¹¹⁰¹.
153 2863 252 2916 excellit
262 2867 341 2918 divus
352 2867 457 2930 ladius»,
477 2883 529 2934 qua
541 2885 601 2922 sen-
638 2883 653 2919 a
670 2873 821 2934 Propertio,
841 2873 927 2927 tribus
944 2876 1008 2930 loeis
1026 2881 1163 2935 dumtaxat

94 2927 160 2983 tentia
176 2938 235 2990 nihil
254 2941 404 2992 detrahitur
413 2945 540 3008 Augtmto,
559 2959 602 2996 op
637 2945 775 3008 aVirgilio
799 2947 861 3009 (Eel.
881 2950 911 3011 9,
930 2951 971 3002 lt.
990 2955 1035 3004 Ge.
1055 2957 1084 3018 l,
1103 2957 1159 3008 lea.

96 2999 261 3066 bisterrarum
278 3017 394 3078 rectori,
414 3019 535 3070 Caesarie
546 3020 599 3072 illio
636 3021 702 3069 Aen.
722 3021 746 3080 6,
765 3021 843 3086 790.),
862 3025 938 3087 quasi
949 3027 1107 3090 timuissent,
1127 3045 1161 3082 ne

95 3078 212 3146 adoptivo,
231 3103 315 3154 quem
332 3093 367 3142 ita
384 3093 527 3144 irradiabat
543 3096 600 3146 lulli
636 3091 679 3142 illo
711 3096 850 3158 magnifice
885 3097 1019 3150 celebrato
1051 3105 1161 3166 Augusti

95 3153 165 3207 lituis
179 3161 312 3227 splendor,
331 3169 363 3216 ut
378 3181 440 3219 aum
450 3173 601 3235 palerpro-
636 3165 759 3218 laudibus
781 3169 920 3220 officerent
943 3186 1043 3236 easque
1061 3175 1160 3228 obseu-

96 3226 149 3280 ¹l1ne
172 3237 380 3304 significaretur,
407 3244 464 3306 ipse
490 3257 598 3308 quoque
635 3237 733 3291 rorent.
763 3245 801 3293 Ao
818 3246 918 3308 pariter
934 3245 1028 3298 lulium
1046 3251 1096 3302 sub
1109 3255 1161 3302 Au-

96 3301 137 3354 dus
151 3306 255 3364 laudum
272 3317 408 3380 particeps
425 3318 510 3370 fleret.
547 3321 598 3383 (Sic
635 3317 742 3380 gustum
763 3317 888 3382 deprimit
908 3322 1015 3374 Ovidius
1035 3327 1095 3376 llet.
1116 3329 1157 3388 45,

94 3373 176 3446 Drusus
193 3391 403 3444 etGemnanieus
415 3395 505 3446 ovidio
517 3397 593 3447 l'rlst.
635 3391 695 3440 750:
722 3405 801 3454 ‘wlff
822 3397 888 3445 mim
909 3398 940 3446 ἂν
961 3397 1077 3450 θαθδανῑδ
1098 3403 1161 3450 ⁰02ss

93 3447 111 3508 l,
126 3455 179 3506 tel:
197 3463 264 3514 stam
279 3468 406 3533 amsa)
636 3465 717 3516 Πᾶσιν
732 3469 816 3518 maian
832 3483 902 3533 opus,
915 3485 992 3534 quam
1007 3475 1072 3536 qood
1085 3481 1160 3537 poter

633 3541 727 3590 asstitit
742 3543 823 3593 bulte.
839 3571 867 3579 -
879 3546 945 3595 inter
955 3547 1032 3612 ipses]
1051 3550 1158 3614 Sappho

117 3601 151 3654 ll.
178 3610 266 3664 raama
281 3617 350 3666 aldae
365 3619 453 3671 miuus
469 3623 544 3672 recle
561 3622 595 3674 de
633 3615 736 3678 Fragm.
755 3617 779 3666 3·
798 3631 824 3682 P·
845 3620 889 3668 ⁶⁰⁴
909 3621 1008 3684 Ber8k²
1028 3617 1157 3695 ’Ἇπδρες

94 3671 206 3744 llaroello,
224 3691 269 3751 qui
286 3703 424 3754 nunquam
444 3695 471 3744 ln
487 3697 595 3758 gentem
631 3687 686 3753 μὲν
714 3683 793 3755 ἀμφὶ
823 3690 916 3744 ”diat
948 3693 1072 3747 σελάναν
1097 3694 1156 3764 ”Aa

93 3743 168 3826 lulium
189 3760 327 3826 adoptatus
350 3767 392 3817 est
414 3767 449 3817 ab
466 3771 593 3834 Augusto,
631 3759 845 3836 σ’ντοκρύπτοισι
893 3767 1021 3834 φάεννσν
1069 3769 1155 3838 εἶδος,

93 3824 236 3890 luterppmq
252 3843 315 3889 sunt
331 3842 493 3896 senadouus
509 3847 536 3896 et
552 3847 595 3895 la·
623 3834 759 3892 Ὂσποτα
776 3841 923 3910 πλήθοισα
938 3845 1065 3912 μάλιστα
1081 3847 1156 3916 λάμ-

93 3903 139 3948 aus.
155 3903 249 3962 Verum
259 3913 353 3966 lulium
365 3917 509 3969 Caesarem
520 3933 597 3984 prer-
631 3929 671 3980 πη
699 3915 758 3968 Γᾶν
785 3917 844 3985 [ἐπὶ
870 3921 990 3990 aomar]
1010 3919 1152 3996 ’Apyvplar

93 3979 271 4037 mensurna
283 3991 310 4039 et
325 3993 436 4054 propter
446 3995 592 4056 Augustum
631 3992 742 4051 Quintus
759 3996 865 4058 Smyrn.
885 3997 909 4058 l,
928 3998 973 4048 35:
996 3993 1051 4062 Ὡς
1067 3997 1091 4048 ‹l'
1110 3995 1152 4050 ὅτ’

94 4043 114 4090 ll
132 4057 232 4116 Propter
253 4062 338 4126 ipsam
360 4067 494 4129 poetieam
511 4071 594 4119 ratio-
629 4059 667 4116 ἄν
685 4061 809 4139 οὐρανὸν
827 4065 912 4144 stipala
922 4070 953 4124 dv
964 4067 1089 4145 ἀστράσι
1105 4073 1153 4126 δῖα

95 4126 144 4169 sstm
153 4129 334 4199 miuusaptum
346 4139 446 4190 luisset.
473 4144 592 4195 Parentis
629 4140 737 4211 σελήνη
757 4140 925 4218 Ἐκπρέπει,
948 4149 980 4199 ἐν
997 4146 1152 4201 πάντεσσιν

94 4194 168 4248 aulem
188 4205 309 4268 splendor
329 4227 382 4266 uua
406 4215 488 4268 fillum
505 4220 593 4282 Augu-
628 4215 762 4290 ἀρίζηλος
788 4227 916 4289 γεγαυῖα.
959 4225 988 4273 ln
1016 4226 1072 4274 toto
1100 4225 1152 4274 hoe

95 4265 153 4350 stum
175 4275 278 4336 illustrat
302 4301 449 4354 omnesque
476 4306 591 4345 consan-
627 4295 686 4346 loeo
710 4310 806 4347 verum
833 4297 899 4348 vidit
926 4299 979 4348 iam
1007 4301 1149 4359 (lemarus,

96 4346 199 4402 oratura
215 4369 274 4412 eum
290 4377 322 4414 eo
339 4367 504 4430 coniunctos,
522 4371 591 4420 inter
627 4383 708 4434 quem
727 4373 752 4420 in
769 4371 904 4436 plerisque
921 4375 1029 4424 secutus
1046 4385 1116 4424 sum.

164 4442 247 4498 llamr.
264 4467 316 4502 ven.
334 4459 349 4504 l.
380 4471 419 4506 ao.
437 4471 513 4506 aaron
528 4460 564 4508 lll.
965 4467 979 4508 ⁶
