2986 4974
627 405 632 412 ⁸
675 442 802 492 aonam
821 441 989 491 crauruuu

503 580 648 646 Paullum
671 599 805 646 severae
828 580 919 644 Musa
942 576 1127 664 tragoediae

501 703 592 769 Desit
614 701 761 768 theatris:
786 723 860 766 mox
882 700 937 766 ubi
960 699 1106 788 publicas

545 828 607 892 Res
630 823 805 896 ordinaris,
829 822 951 910 grande
973 843 1090 888 munus

588 945 745 1034 Cecropio
768 954 897 1032 repetes
920 943 1095 1022 cothurno,

507 1107 631 1193 insigne
655 1105 786 1172 maestis
810 1103 1010 1192 praesidium
1033 1105 1098 1170 reis

293 1403 418 1454 debebat.
460 1401 541 1452 Simul
566 1403 658 1450 autem
684 1397 814 1456 ostendit,
852 1395 960 1446 violenta
994 1395 1127 1458 tragoedia
1155 1408 1253 1457 passm·
1289 1399 1371 1447 Fronte

293 1482 391 1544 quanta
409 1478 443 1528 da
461 1475 581 1528 Pollionis
602 1473 710 1526 historia
729 1485 817 1537 popu·
853 1483 938 1520 conoe
963 1474 1062 1530 toruae,
1085 1469 1159 1530 pallo
1180 1469 1278 1520 iacebat
1300 1471 1370 1522 tuni.

292 1555 387 1605 larium
405 1555 439 1603 sit
456 1552 628 1616 exspectatio.
856 1573 883 1581 —
902 1543 982 1596 Multa
1004 1557 1066 1593 cum
1086 1547 1143 1593 arte
1161 1542 1306 1596 Pollionem
1323 1559 1371 1596 noo

325 1629 349 1678 9.
363 1628 477 1678 Paulum
487 1627 550 1690 cet]
559 1625 611 1676 Cir.
623 1624 730 1674 omuino
742 1618 817 1672 Wei-
853 1618 1009 1670 solumesse
1019 1618 1184 1678 historicum,
1194 1621 1371 1670 verumetiam

292 1704 404 1754 olerum
424 1703 500 1764 Trag.
524 1702 555 1749 V.
578 1701 609 1749 ll.
635 1700 663 1749 T.
687 1699 730 1747 iii.
754 1709 814 1760 pag.
854 1695 983 1756 tragicum
1002 1694 1128 1744 eximium
1144 1693 1185 1744 his
1197 1697 1370 1758 quattuorve.

292 1778 350 1829 tat.
377 1804 404 1814 -
426 1777 542 1826 Paullum
566 1775 653 1823 rarius
678 1785 739 1837 pro:
765 1785 816 1834 pa-
853 1769 930 1828 dicit,
956 1781 1037 1830 quam
1054 1770 1140 1817 artem
1161 1781 1213 1817 non
1231 1779 1373 1833 perspexe-

291 1865 404 1914 ramper‚
422 1851 472 1913 auf
484 1848 625 1899 daakteiaa
638 1847 727 1907 Wotta,
743 1845 818 1907 paut—
853 1845 927 1903 runt,
955 1843 998 1905 qui
1022 1855 1070 1892 eos
1092 1841 1223 1893 delendos
1243 1855 1303 1894 esse
1320 1843 1372 1893 sine

292 1928 375 1987 liuper,
393 1926 447 1974 eine
463 1923 542 1973 liciae
560 1923 637 1971 Weita
653 1921 721 1984 long.
749 1921 817 1969 Doe-
852 1917 905 1968 ulla
922 1931 1002 1968 eausa
1020 1917 1118 1980 opinati
1134 1920 1205 1966 sunt.

292 1998 394 2049 derlein
415 1999 508 2059 Senon.
532 1999 550 2046 l.
574 1998 599 2045 S.
625 1997 680 2045 445.
710 1996 816 2045 «Donec
887 1994 974 2043 40-42.
988 1993 1058 2042 Desit
1068 1992 1376 2056 theotariusesesulrtra-

292 2073 414 2124 absoluto
426 2074 460 2123 sit
470 2073 579 2122 historia
595 2073 653 2132 tua,
671 2069 815 2134 perbreve
854 2069 899 2117 irat
910 2080 1017 2128 scenae,
1030 2069 1133 2116 remota
1145 2070 1276 2118 maneata
1289 2081 1374 2125 scens.

292 2153 398 2212 tempus
419 2149 511 2211 utique
534 2160 628 2196 vacare
649 2145 695 2196 tibi
713 2144 817 2210 placcat
854 2142 1096 2209 quoniamquidem
1106 2143 1211 2206 utrique
1221 2143 1376 2207 operisimui

292 2237 307 2273 a
337 2223 529 2288 componendis
558 2221 727 2285 tragoediis.»
762 2221 814 2269 Sat.
853 2232 949 2270 vacare
979 2231 1033 2267 non
1061 2217 1151 2281 quis.»
1190 2219 1377 2268 Demonstrant

293 2299 320 2358 t,
341 2299 385 2359 40,
405 2298 450 2349 li:
467 2298 544 2348 Pollio
560 2310 649 2361 rapum
659 2297 738 2346 Facta
748 2295 817 2344 cauit
853 2294 976 2342 haecvrt.
990 2291 1192 2357 publicandas,
1211 2305 1266 2342 non
1278 2295 1376 2342 mutum

289 2375 353 2434 pade
368 2377 406 2423 tar
417 2386 544 2435 percauta.
562 2373 633 2434 virg.
651 2371 704 2422 Ecl.
722 2371 751 2430 3,
770 2369 814 2419 86:
853 2365 959 2417 lectioni
983 2366 1129 2418 destinatas
1152 2365 1234 2416 luisse
1258 2365 1378 2416 Pollionis

292 2447 369 2496 Potito
391 2453 415 2496 at
434 2448 487 2509 ipse
508 2448 570 2510 facit
591 2460 658 2496 aava
682 2445 815 2504 carantam
853 2442 1012 2505 tragoedias,
1032 2453 1094 2491 cum
1111 2439 1174 2491 illud
1187 2453 1324 2492 nonnemo
1335 2453 1379 2490 oe·

293 2519 407 2584 intellige
434 2523 494 2570 novi
523 2521 628 2584 generis
657 2517 814 2583 tragoedias.
854 2518 928 2581 gerit.
947 2515 1379 2580 -mocuttcettuttbtputttcas

293 2592 347 2644 Ecl.
367 2595 395 2655 8,
415 2596 458 2644 to:
478 2595 539 2644 Solo
555 2595 688 2657 Sophocleo
704 2599 749 2642 tua
761 2605 818 2642 aar·
853 2607 901 2652 res,
912 2591 998 2651 idest,
1009 2593 1378 2646 reslnteroivesetinsenatu

292 2669 585 2732 miaadipaacotiturao.
599 2672 714 2732 Utraque
726 2669 816 2716 autem
854 2671 882 2718 et
894 2668 921 2717 in
939 2666 996 2716 loro
1012 2668 1039 2716 et
1053 2668 1078 2716 in
1094 2668 1153 2731 ipso
1169 2665 1240 2716 bello
1256 2667 1380 2717 intestino
1488 2661 1489 2692 ³

293 2742 390 2806 Virgilii
402 2743 497 2807 Ecloga
509 2746 570 2794 ante
582 2744 747 2808 triumphum
759 2739 818 2792 Del·
854 2743 956 2806 gestus,
975 2754 1008 2792 eo
1021 2741 1131 2801 ordine,
1149 2754 1204 2805 quo
1215 2744 1308 2804 gestae
1322 2745 1382 2792 sunt

293 2819 420 2868 malicum
444 2820 589 2883 composita
612 2821 665 2878 ast;
692 2817 769 2867 tertia
790 2830 814 2866 a.
854 2820 934 2880 atque
951 2817 1061 2866 interse
1074 2829 1211 2866 connexae
1223 2819 1316 2878 eraut,
1335 2829 1381 2866 ex·

293 2893 351 2954 742,
371 2895 577 2944 octavarum.
604 2895 676 2944 «Non
693 2891 818 2942 videntur
853 2892 1003 2955 posueris.»
1042 2891 1176 2940 ordinaris
1200 2892 1241 2953 (ut
1259 2887 1381 2942 συντάτ-

293 2969 515 3032 posteaPoilionis
524 2969 676 3032 tragoediae
686 2966 818 3030 frequenti
855 2967 927 3030 τειν)
954 2967 1046 3030 utique
1076 2966 1109 3016 de
1135 2966 1245 3016 historia
1272 2979 1382 3030 compo·

294 3041 407 3094 lectione
425 3046 502 3095 tritae
520 3044 614 3106 luisse,
634 3043 662 3093 id
679 3041 751 3106 qnod
769 3053 818 3104 ap·
856 3042 959 3101 nenda,
987 3045 1017 3091 ut
1039 3043 1126 3091 Lucae
1149 3042 1177 3102 i,
1205 3042 1229 3090 4.
1259 3039 1380 3104 volgata:

293 3121 370 3182 p'aret
394 3118 437 3169 vel
462 3133 496 3170 ex
520 3117 669 3179 Quintiliani
698 3115 816 3176 silentio,
857 3117 982 3178 Quoniam
1006 3117 1105 3178 quidem
1126 3115 1199 3165 matti
1220 3117 1306 3166 coacti
1328 3121 1383 3166 sunt

294 3206 357 3243 cum
382 3207 451 3246 unus
476 3196 582 3245 Tacitus
606 3195 634 3243 in
657 3191 760 3255 dialogo
783 3189 817 3240 de
856 3191 976 3241 ordinare
993 3192 1168 3241 maroiloaem
1185 3191 1252 3250 cet,
1278 3206 1333 3242 nou
1349 3192 1382 3242 da

294 3271 338 3320 Or.
358 3283 404 3322 aas
425 3272 584 3321 memoret.»
612 3270 763 3319 Tuomscun
784 3265 818 3315 de
857 3267 963 3317 civitate
981 3266 1138 3316 ordinanda.
1173 3268 1211 3316 ric
1226 3268 1383 3330 prorsussi-

294 3345 338 3394 lis.
358 3342 420 3394 Poll.
443 3346 495 3394 vita
516 3357 542 3408 p.
567 3343 622 3393 tte.
647 3369 675 3378 -
698 3339 764 3390 Nihil
787 3353 819 3389 ex
857 3340 1094 3391 milisestususv.
1108 3353 1264 3403 coruom
1282 3343 1382 3392 Seneca

295 3417 326 3468 iis
343 3430 486 3481 superesse
503 3417 610 3468 videtur
626 3417 675 3466 nisi
692 3415 760 3465 haee
774 3428 817 3464 vr.
858 3418 940 3470 Praei.
960 3417 995 3466 ad
1019 3415 1126 3476 Quaest.
1145 3418 1198 3466 nat.
1218 3417 1247 3465 t.
1266 3417 1297 3466 3:
1323 3431 1384 3466 coa·

296 3491 368 3555 apud
393 3493 542 3544 charisium
567 3493 587 3541 1.
610 3505 637 3556 p.
659 3492 699 3541 ta.
727 3489 818 3541 Lind:
856 3503 1018 3555 summersae
1029 3491 1141 3553 quidam,
1154 3491 1214 3540 drea
1225 3496 1384 3556 aarum

298 3568 397 3616 Veneris
413 3568 527 3617 uatisttta
543 3581 645 3629 capros,
664 3565 690 3616 id
708 3568 757 3625 est,
773 3563 821 3613 bo·
857 3573 1021 3619 aatamorum
1031 3571 1182 3628 coatpoouot
1192 3579 1307 3628 quueqroe
1316 3568 1385 3628 passi

295 3655 361 3703 uae,
384 3640 528 3705 benignae;
556 3655 588 3691 er
610 3641 707 3704 quibus
729 3644 819 3690 tamen
858 3645 964 3694 {nutem
980 3641 1085 3703 ausique
1101 3645 1158 3689 aaut
1172 3641 1269 3701 popuii.
1297 3641 1386 3692 Nauti-

296 3717 360 3780 ipsis
378 3718 478 3779 antiqui
496 3717 627 3767 sermonis
640 3716 774 3780 quaedam
785 3714 822 3764 al·
859 3730 940 3783 quam
958 3719 1048 3766 auum
1060 3714 1199 3779 probanda
1210 3713 1295 3765 altera
1307 3717 1385 3766 inter·

296 3791 402 3842 lectatio
428 3789 524 3841 elucet.
565 3793 661 3841 Contra
688 3791 760 3853 quod
786 3791 819 3840 ad
858 3793 984 3857 pretatio:
1006 3791 1164 3842 uHistoriam
1181 3788 1259 3838 adid
1278 3793 1384 3855 tempus

297 3867 445 3929 argumenti
457 3867 642 3916 tractationem
655 3866 759 3925 attinet,
778 3879 822 3915 oo-
858 3867 998 3932 perduxit,
1023 3879 1076 3929 quo
1098 3865 1258 3915 Octavianus
1280 3878 1305 3914 a.
1326 3865 1382 3915 ‘ii-t.

295 3955 354 3990 aum
371 3940 522 4004 tragoediae
535 3953 619 4003 genus
631 3941 749 3991 sectatus
760 3953 821 3991 esse
858 3953 955 4007 paoem
978 3943 1005 3990 et
1027 3941 1132 3990 rectum
1155 3952 1246 3990 renim
1264 3939 1384 3990 ordinem

296 4014 411 4075 videtur,
427 4015 515 4074 idest,
529 4015 680 4079 oppositum
693 4015 820 4077 Enniano,
858 4017 983 4074 restituit,
1003 4028 1086 4078 quare
1104 4015 1161 4078 ipse
1177 4012 1259 4064 Pollio
1272 4015 1386 4077 melicas

296 4091 455 4151 Pacuviano,
474 4091 599 4151 liaciano,
612 4089 738 4152 quodque
751 4089 823 4139 devi-
858 4103 899 4141 ras
917 4091 1045 4140 ordinasse
1061 4089 1183 4139 dicitur.»
1219 4089 1302 4150 (Quae
1320 4090 1385 4139 ratio

296 4168 366 4215 taret
381 4168 544 4216 Graecorum
556 4164 731 4214 imitationem
743 4165 821 4215 nimis
860 4165 970 4215 detensa
980 4179 994 4213 a
1004 4165 1103 4215 ilittaro
1112 4161 1386 4226 (trunci-totatuta

297 4243 382 4292 artam
401 4243 428 4291 et
438 4243 568 4305 apertam.
585 4267 611 4276 ·-
625 4240 732 4304 saraae]
746 4239 819 4290 Ouid.
859 4241 946 4291 liciti.
965 4253 991 4304 p.
1012 4239 1078 4300 439.)
1097 4237 1139 4288 vei
1159 4237 1219 4288 ideo
1242 4236 1384 4288 reiicicnda

297 4319 386 4366 Amor.
411 4315 439 4377 3,
464 4317 491 4376 t,
520 4316 563 4363 tt:
594 4316 662 4365 Vertit
683 4321 706 4365 et
730 4315 823 4379 inperiti
860 4317 910 4374 est,
930 4315 991 4377 qula
1009 4313 1133 4364 Pollionis
1150 4325 1213 4364 cura
1231 4314 1385 4378 neutiquam
