2992 4978
504 460 562 510 lili.
582 460 623 508 lll.
660 461 689 508 u.
709 459 772 510 Vlli.

267 617 367 681 Parce
390 615 533 701 privatus
554 615 687 680 nimium
711 635 846 682 cavere:

267 738 359 804 Dona
381 738 560 824 praesentis
584 758 664 823 cape
687 735 790 802 laetus
813 735 912 802 horae
942 747 973 802 ct

440 859 564 946 Linque
588 879 711 924 severa.

1005 706 1047 797 k,

163 1039 204 1089 26.
223 1051 312 1088 coum
328 1042 351 1087 at
368 1036 525 1098 charact.
553 1061 579 1072 —
608 1038 649 1086 ti.
669 1052 731 1100 repe
746 1036 828 1098 βχω,
847 1049 902 1086 var.
922 1036 981 1088 lect.
1001 1056 1029 1100 ι,
1048 1045 1152 1105 septem

129 1112 247 1163 Pottierli
265 1111 367 1173 codd,
395 1113 454 1162 not.
476 1113 515 1174 (ut
531 1125 594 1172 nos,
621 1113 730 1175 cruquii
752 1111 888 1176 plerique,
917 1114 1000 1162 nostri
1026 1117 1053 1164 et
1070 1119 1153 1166 ceteri

130 1185 261 1250 Bentleii.)
290 1214 317 1224 -
346 1188 387 1238 27.
406 1188 446 1236 28.
473 1188 551 1236 horae
575 1189 669 1249 Linque
690 1185 797 1246 eosic,
825 1185 908 1236 Codd.
928 1187 1050 1250 Bentleii,
1077 1190 1154 1241 lrorae

130 1275 163 1310 oo
178 1263 274 1326 ltaque
290 1261 355 1313 Cod.
374 1261 490 1312 Pottierii
506 1262 618 1324 primus,
637 1259 763 1322 Aldinae,
783 1263 823 1312 Ct.
843 1261 877 1324 (et
894 1261 1005 1312 inseruit
1020 1263 1154 1316 Bentleius

132 1337 317 1398 coni.,l'l1J.l

99 1495 172 1559 quod
183 1493 276 1545 «noli».
294 1495 365 1558 Virg.
379 1497 443 1546 len.
455 1495 479 1554 3,
489 1493 535 1546 lt:
547 1495 626 1545 Peroe
694 1494 735 1542 27.
754 1495 830 1544 Dono
840 1521 854 1530 -
866 1494 939 1559 cepe]
965 1495 1065 1547 «codd.
1088 1496 1189 1562 aliquot

95 1573 155 1632 pias
173 1569 295 1620 scelerare
313 1583 414 1620 mous.
443 1597 470 1606 -
496 1569 623 1634 privatio]
662 1567 763 1618 habent
773 1582 845 1631 rape,
858 1571 939 1632 atque
950 1570 1001 1620 hoc
1012 1573 1074 1634 post
1084 1573 1190 1624 Lambi-

99 1645 184 1695 «Cum
202 1645 238 1695 sis
254 1645 399 1709 privatus.»
428 1642 519 1694 Vellei.
534 1645 562 1705 Ξ,
576 1645 624 1695 88:
662 1655 727 1692 num
751 1643 828 1692 avide
852 1647 998 1709 rapuerunt
1016 1646 1187 1710 interpretes,

98 1719 241 1770 Maecenas
257 1733 308 1769 non
328 1719 411 1768 minae
430 1719 544 1783 Apra'ppa
561 1721 626 1770 Coe·
662 1719 690 1766 et
698 1731 731 1766 ex
740 1730 772 1766 eo
782 1715 848 1768 alius
856 1719 917 1782 post
925 1718 1006 1769 alium
1015 1719 1050 1768 ad
1059 1733 1188 1772 nauseam

98 1793 153 1843 rari
177 1807 268 1855 carno,
301 1794 449 1844 scaminus
472 1795 624 1856 mattas,
662 1804 749 1855 usque
771 1793 895 1856 ingerunt
911 1793 1047 1844 Ciceronis
1069 1793 1132 1845 illud
1157 1810 1191 1846 ex

98 1869 192 1929 prrippe
212 1867 279 1917 eicit
301 1869 402 1931 anemii
419 1868 485 1917 clavi
499 1871 549 1932 fine
566 1881 626 1917 coe-
663 1867 758 1928 Ennio,
772 1867 807 1917 de
819 1868 890 1918 Orat.
904 1868 927 1928 3,
941 1866 986 1918 tt:
1009 1870 1078 1930 Viae,
1094 1871 1186 1933 illices,

98 1946 188 1992 taetras.
224 1941 475 2005 Quamvislgitnra.
488 1955 515 1992 a.
529 1957 553 1993 c.
567 1943 624 1993 725.
663 1942 723 1990 dom
739 1942 812 2000 ticet;
841 1943 924 1992 Ocella
938 1949 1092 2005 postrenmo
1108 1945 1192 1996 tunam

98 2016 268 2080 praepositus
291 2016 352 2067 urbi
378 2017 458 2067 luerit
479 2017 521 2067 vel
539 2019 626 2082 potius
662 2017 793 2066 radiatum
805 2020 883 2078 repe!
899 2032 949 2067 noa
960 2019 1026 2068 dicit
1037 2033 1127 2082 capa,
1140 2034 1191 2070 noa

98 2091 253 2141 huiusmodi
265 2090 351 2141 oiflcio
366 2091 472 2142 iunctus
484 2093 531 2154 sit,
549 2105 628 2156 prae-
661 2095 730 2152 pete
738 2103 747 2149 ;
771 2091 871 2141 moeret
888 2093 954 2141 anim
969 2105 1070 2142 moram
1085 2107 1192 2155 meara-

98 2165 162 2216 lecti
192 2178 292 2216 nomen
318 2179 371 2216 non
398 2178 495 2228 gerens
529 2167 626 2228 (Hoeclr
664 2165 695 2214 tta
722 2165 815 2213 etuias
839 2178 890 2215 essa
914 2179 940 2214 ae
968 2167 1112 2216 otcmmm:
1149 2170 1191 2218 sed

97 2242 169 2290 nen.
197 2239 283 2290 Geel,
309 2241 328 2289 1Ι
355 2253 382 2304 p.
402 2239 484 2302 3⁴2),
519 2253 627 2304 semper
663 2251 745 2298 rape.
780 2237 950 2288 Hoeverbum
967 2244 1001 2288 eat
1018 2239 1095 2288 adid
1114 2246 1192 2302 epta·

99 2317 167 2365 intra
187 2316 342 2378 equestrem
359 2313 514 2376 dignitatem
532 2315 629 2364 consti·
664 2318 742 2362 tumn
760 2312 861 2362 Verum
878 2313 905 2363 h.
920 2312 936 2362 1.
951 2326 999 2362 aex
1011 2313 1135 2364 adiuncto
1148 2313 1191 2365 illo

99 2391 146 2450 tlt,
174 2389 210 2438 ita
228 2390 258 2438 ut
275 2387 472 2450 magistratibus
489 2401 628 2450 nunquam
664 2388 732 2436 oona
756 2387 898 2451 perspicue
924 2386 1047 2438 videmus
1073 2389 1193 2438 retinen·

100 2463 183 2526 gestis
214 2463 270 2511 iure
295 2462 413 2523 privatus
444 2462 496 2511 dici
524 2465 625 2527 posset.
665 2462 730 2514 dum
756 2463 799 2513 hic
824 2475 884 2513 esse
909 2476 979 2526 cape.
1026 2464 1095 2524 Quid
1120 2465 1192 2514 enim

99 2540 188 2600 Atque
215 2535 323 2585 omnino
348 2535 421 2586 initio
453 2539 539 2597 certe,
577 2537 627 2586 etsi
666 2549 733 2601 opus
751 2539 806 2599 est,
826 2538 855 2586 ut
872 2549 905 2586 ea
922 2550 991 2600 quae
1009 2538 1104 2588 deamo
1123 2543 1189 2600 nort,

100 2611 181 2673 neget
198 2608 344 2671 Bentleius,
367 2610 535 2674 praefectura
553 2609 627 2660 urbls
664 2625 755 2674 rapere
771 2609 906 2662 velimus?
935 2612 1088 2676 ltapiamus‚
1113 2613 1135 2664 si
1152 2612 1192 2663 las

100 2683 447 2748 officiumerataprincipe
460 2683 626 2746 mandatum,
666 2689 719 2747 est,
747 2689 841 2748 negata
868 2689 913 2736 aut
938 2687 1081 2750 fugientia:
1120 2699 1189 2751 quae

101 2771 164 2818 uon,
183 2759 214 2806 ut
229 2757 423 2822 posterioribus
436 2759 541 2822 imperii
558 2761 628 2808 tem·
665 2758 753 2810 oblata
773 2762 882 2824 praesto
904 2763 979 2822 sunt,
1009 2762 1148 2827 capiamus
1165 2763 1193 2811 et

100 2831 439 2896 poribus,maglstratus*l.
454 2834 628 2896 (Nequevero
665 2847 830 2885 sumamus.»
864 2835 956 2884 lirare.

101 2907 235 2970 eripe-itm
252 2905 381 2969 (militare)
400 2919 517 2970 unquam
535 2907 629 2957 hahuit
697 2909 738 2958 28.
757 2909 853 2970 Linprte
868 2909 962 2973 scaea]
983 2909 1119 2960 «Remisso
1136 2909 1192 2957 enl-

101 2983 257 3042 Maecenas,
291 2983 321 3030 ut
346 2981 482 3031 contendit
504 2980 628 3043 Ltiblrer.)
665 2995 711 3032 mo
728 2983 810 3033 Genio
827 2981 960 3044 indulge.»

574 3190 723 3200 ---

464 3373 827 3432 excitum]

558 3523 728 3608 Aeditui.

168 3701 338 3750 Lacauannus
363 3701 390 3750 in
417 3697 532 3763 Epistola
555 3699 589 3749 ad
612 3700 755 3750 Franlrium
772 3713 798 3764 p.
817 3697 875 3752 ilo.
896 3703 1008 3752 comiter
1024 3700 1099 3753 iilum
1115 3703 1190 3755 relu-

100 3789 161 3834 tans
180 3785 258 3848 (Fest.
278 3783 368 3834 llorat.
387 3797 414 3846 p.
434 3783 520 3844 teil:
552 3783 701 3834 «Octavum
719 3795 829 3834 carmen
847 3783 907 3834 libri
930 3787 1017 3847 tertii,
1048 3787 1121 3851 quod
1138 3800 1189 3850 ego

99 3867 228 3918 Kalendis
246 3867 346 3918 llartlis
364 3866 425 3916 anni
443 3867 500 3917 725.
519 3867 651 3930 scriptum
667 3869 770 3930 statuo,
789 3871 905 3918 tu·anno
923 3869 980 3918 729.
1015 3870 1090 3930 Mihi,
1109 3873 1140 3921 ut
1155 3871 1190 3920 ita

99 3953 233 4012 statuam,
252 3949 350 4000 sufficit
366 3948 435 4000 liber
451 3951 535 4001 Cassii
548 3951 639 4001 Dionis
656 3951 759 4015 primus
777 3953 804 4001 et
821 3953 1071 4016 quinquagesimus,
1091 3955 1118 4004 in
1135 3967 1189 4018 quo

98 4037 205 4096 omnia,
224 4046 293 4099 quae
307 4036 430 4085 lloratlus
447 4034 500 4084 hoc
517 4036 636 4085 carmine
655 4035 769 4098 attingit,
789 4049 822 4085 ex
840 4035 933 4087 ordine
946 4037 1095 4101 perscripta
1113 4041 1187 4088 sunt:

161 4269 179 4322 ¹)
201 4267 296 4312 Nomen
316 4269 413 4322 utique,
437 4278 486 4311 non
501 4277 564 4322 rem,
588 4267 724 4323 desumpsit
740 4271 892 4324 augustusc
909 4251 1032 4326 praelecto
1047 4269 1101 4312 urbi
1116 4271 1189 4314 terla-

99 4343 157 4377 rum
173 4331 311 4378 Latinarum
325 4343 409 4378 causa.

189 4417 280 4462 ilcan.
299 4428 353 4462 ror..
373 4417 388 4460 1.
421 4429 459 4462 ro.
476 4429 553 4462 aaron
570 4417 605 4460 lll.
990 4421 1016 4462 itt
