2986 4974
492 412 550 462 LlB.
572 413 591 461 4.
628 411 657 460 C.
675 409 785 460 XXXIV.

283 571 356 648 Quo
379 569 458 658 Stpur
482 577 514 634 et
536 567 628 633 invisi
651 565 782 632 horrida
805 565 938 631 Taenari

327 689 430 756 Sedes
452 688 684 776 Atlanteusque
707 688 779 753 finis

372 811 568 877 Concutitur.
612 809 702 876 Valet
724 809 786 874 ima
809 809 943 874 summis

283 971 405 1036 Mutare
428 981 460 1035 et
484 969 642 1056 insignem
665 976 808 1035 attenuat
830 966 913 1034 deus

286 1090 434 1158 Obscura
457 1111 627 1178 promens;
651 1087 725 1155 hine
747 1089 873 1176 apicem
896 1109 994 1175 rapax

180 1319 220 1369 43.
240 1287 338 1381 timeris
354 1316 437 1368 Bentl.
456 1317 553 1380 partim
571 1327 634 1365 oum
652 1327 708 1364 aar.
728 1314 787 1364 leot.
806 1331 824 1363 κ
841 1316 938 1379 insipere
956 1319 1070 1364 4444444444
1086 1317 1166 1366 dmm.

112 1531 169 1566 rus.
198 1515 268 1578 Virg.
294 1517 339 1564 Ge
365 1511 394 1574 4,
414 1511 475 1562 464ε
505 1511 642 1562 Taenarias
678 1505 755 1562 κακὰ
778 1511 834 1561 Καὶ
859 1508 927 1570 βίον
945 1507 1043 1581 χρήμῃ
1062 1506 1203 1562 πλανᾶται

112 1591 291 1654 etiamsouees,
301 1552 539 1637 attendentis.-
549 1587 641 1636 omnia
678 1587 728 1638 καὶ
745 1582 988 1686 vdoouaapriopop
1004 1587 1136 1650 aristoph.
1150 1589 1203 1649 Ly-

113 1669 216 1724 autem,
236 1675 305 1726 quae
324 1661 357 1711 ad
371 1664 485 1712 mortem
497 1662 640 1726 pertinent
679 1665 748 1714 sistr
767 1663 829 1711 7744
848 1676 883 1710 τα
900 1654 1073 1746 ὅυπέρτερα
1088 1663 1204 1731 νέρτερα

113 1745 141 1790 44
164 1739 215 1788 diis
239 1740 267 1786 44
289 1736 442 1786 horninibus
467 1737 553 1786 sunt
545 1737 640 1796 4444444,
679 1735 765 1804 θήσει
792 1731 863 1799 Ζεὺς
896 1729 1102 1806 ὑψιβρεμέτης.
1141 1738 1200 1786 Tac.

113 1812 233 1872 horrida,
253 1809 431 1870 formidoloso,
451 1813 479 1860 ut
496 1810 543 1860 Od.
561 1811 585 1870 4,
600 1809 640 1870 44,
680 1816 744 1866 Hist.
771 1812 801 1874 4
828 1811 874 1863 47:
905 1813 1052 1862 4444444444
1078 1811 1205 1860 mutabitis

113 1889 161 1939 23:
182 1888 278 1936 inuisae
294 1887 411 1948 cupressi.
442 1885 512 1949 Virg.
531 1887 596 1934 Aen.
612 1885 641 1944 8,
679 1890 806 1938 Fortunae
817 1901 962 1950 suarumque
973 1887 1060 1936 etima
1070 1887 1201 1935 miscentis.

113 1962 176 2013 245:
196 1975 299 2024 reyna-
311 1961 422 2020 Paliide‚
441 1961 478 2010 dis
489 1961 579 2010 4444444.
599 1961 644 2008 Se-
714 1965 753 2014 44.
781 1963 977 2013 Sententiarum
998 1963 1118 2012 iunctura
1137 1961 1204 2010 haee

114 2051 182 2088 4444
204 2038 283 2086 Hero.
303 2035 353 2084 fur.
373 2034 435 2085 664:
460 2033 505 2084 Hic
524 2035 558 2100 (in
575 2036 643 2084 Tae·
680 2041 734 2090 est:
763 2040 838 2088 «Nee
860 2051 925 2086 vero
947 2034 1128 2102 διοσημε4οις
1145 2038 1204 2085 444-

114 2112 189 2174 nero)
209 2125 257 2160 ora
277 2111 349 2161 soluit
366 2111 432 2160 Ditis
448 2112 530 2160 inuisa
546 2111 641 2158 44444444.
680 2117 750 2174 tum,
775 2113 823 2164 sed
846 2113 925 2162 etiam
945 2111 1095 2174 ingentibus
1112 2123 1204 2160 rerum

114 2187 190 2237 ltiad.
211 2201 238 2246 υ,
258 2187 298 2236 6¹0¹:
318 2187 397 2236 οἰκία
414 2181 577 2254 Σμερδοιλέ,
595 2181 643 2234 eri·
680 2189 858 2238 humanarum
874 2186 1099 2236 vicissitudinibus
1117 2185 1205 2234 mani-

115 2259 237 2333 ρώευτα,
255 2257 322 2308 scire
339 2263 493 2326 στυγέουσι
506 2261 569 2310 θεο4
581 2274 641 2330 περ.
681 2263 747 2313 festa
766 2263 794 2312 [it
811 2275 916 2312 summa
934 2262 1014 2312 diuini
1033 2261 1148 2310 numinis
1159 2273 1206 2323 po-

150 2337 191 2386 44.
210 2335 388 2398 Atlanteusque
397 2337 463 2400 444444]
476 2337 565 2400 Eurip.
579 2335 643 2398 Hip·
682 2339 776 2396 tentia,
796 2338 825 2385 ut
842 2349 904 2387 4444
921 2337 1037 2386 maxime
1055 2336 1080 2385 in
1099 2334 1207 2384 Partho-

116 2411 171 2476 pol.
191 2411 221 2460 3:
250 2413 386 2480 τέρμονες
406 2404 586 2461 Ἇτλανιικοί.
614 2439 641 2448 —-
681 2425 741 2462 rum
763 2411 845 2462 robus
867 2413 1003 2476 apparet.»
1040 2410 1127 2460 Vuiere
1144 2421 1205 2458 eum

115 2486 242 2546 4044444,
262 2487 341 2536 etiam
354 2488 453 2535 Orcum
470 2487 586 2536 44444444
598 2499 644 2535 su·
681 2487 808 2537 4444444444
833 2488 894 2550 (qua
918 2487 1113 2536 constructione
1137 2497 1206 2534 nun·

115 2560 204 2624 premi
217 2560 285 2610 louis
297 2560 424 2623 potentia,
443 2561 498 2610 sive
511 2563 576 2610 nutu
588 2561 643 2609 sive
682 2577 763 2627 quam
786 2563 868 2612 utitur
889 2563 991 2625 Cicero)
1010 2560 1136 2623 frequens
1154 2561 1206 2608 ianr

116 2633 326 2684 fulmineutitur.
340 2635 645 2684 lamutinnaturaurin-
682 2641 724 2688 est
746 2636 817 2700 apud
840 2638 990 2686 Lucretium
1014 2638 1040 2703 et
1059 2633 1204 2697 Virgilium.

117 2711 264 2760 animatam
282 2709 335 2758 vim
353 2722 430 2760 suam
447 2713 555 2760 exercet
566 2710 643 2770 deus
715 2712 755 2761 43.
773 2713 895 2774 insinuem
913 2711 1061 2773 4444444444»
1049 2706 1208 2758 «Virosidu-

117 2785 151 2833 444
171 2784 277 2832 etiam'
271 2797 296 2832 tn
309 2785 390 2833 vitam
403 2784 555 2844 hominum
574 2797 644 2848 quae
682 2789 751 2839 stres
755 2787 910 2851 ‚principes¹
919 2785 1207 2849 regesomnidignitote

118 2859 189 2922 apud
207 2858 257 2907 hos
277 2871 381 2908 summa
404 2861 479 2919 sunt,
506 2860 644 2922 repentina
683 2865 762 2925 atque
771 2861 866 2926 opibus
876 2859 995 2924 spoliat
1006 2861 1094 2922 Eun'p.
1103 2860 1205 2920 Frugm.

118 2933 293 2984 conversione
319 2947 401 2998 saepe
428 2899 588 2984 deiieiuntur
613 2947 645 2982 44
683 2936 869 3024 Andromedae
895 2936 940 2984 434
969 2928 999 2982 Ὁ
1023 2931 1078 2998 μέν
1107 2925 1208 2994 ὄλβιος

119 3021 229 3072 pessum
247 3007 369 3056 dantum
396 3007 451 3057 lob.
471 3009 495 3069 5,
516 3009 560 3057 44;
579 3009 647 3058 Deus
684 3001 735 3076 ἦν,
760 3007 811 3060 τὸν
834 3008 856 3059 d
875 3003 1045 3080 ἀπέκρυψεν
1062 3003 1150 3067 Θεός·
1175 3005 1207 3056 ἑκ

117 3083 188 3144 ponit
204 3083 351 3131 humilesne
367 3083 477 3144 natine,
496 3088 519 3133 et
529 3096 646 3132 moereo-
683 3088 784 3138 κεὶνων
808 3081 865 3134 τῶν
882 3099 951 3134 ποτε
968 3078 1107 3168 λαμπρῶν
1125 3078 1208 3132 Nise

119 3163 154 3206 tes
170 3158 245 3219 eripit
261 3157 387 3218 sospitate.
423 3157 519 3220 Odyss
533 3173 563 3216 π,
581 3157 644 3206 dit:
683 3161 792 3222 βίοτος,
805 3152 1207 3218 νεύειόέτύχυιΚαιὰπνοῦμι

118 3225 239 3320 Ρηΐδιου
262 3227 293 3280 di
315 3231 424 3290 deorse,
452 3233 497 3282 τοὶ
520 3227 647 3302 οὐρανὸν
683 3231 806 3300 ἀνέμων.

121 3301 206 3376 εὐρὺν
236 3298 372 3366 ἔχουσιν,
405 3299 491 3371 Ἤμέν
525 3304 647 3371 κυδῆναι
718 3310 757 3361 44.
770 3311 809 3360 44.
824 3309 951 3358 Obscura
963 3309 1054 3357 eontra
1067 3307 1165 3370 prount
1177 3319 1208 3354 44

121 3323 228 3447 θνητὸν
244 3377 356 3467 βροτὸν
365 3374 415 3446 η’δὲ
431 3379 573 3431 κακῶσαι
593 3383 648 3432 He-
684 3384 802 3436 tenebris
828 3387 855 3434 et
878 3382 1021 3446 splendore
1048 3379 1208 3431 collustrat.»

123 3455 186 3505 siod.
193 3449 273 3526 Εργ.
287 3457 316 3504 5:
332 3449 395 3504 Ῥεα
409 3452 646 3543 μένγὰρβριάει,
685 3459 811 3510 Consulto
837 3471 921 3521 genus
948 3457 1071 3516 mutavit;
1099 3468 1161 3504 nam
1187 3456 1208 3505 si

123 3529 218 3596 ρέαδέ
235 3526 378 3600 βριάοντα
399 3529 547 3592 χαλέπτει,
569 3525 648 3580 ‘reta
684 3533 876 3597 praetulisset'
868 3546 963 3596 renone
975 3531 1036 3581 vei
1028 3544 1138 3595 anaspum
1151 3531 1211 3594 (Cu-

123 3603 145 3652 d
170 3599 306 3690 ἀρίζηλον
327 3602 443 3670 μινύθει
466 3609 515 3657 καὶ
540 3601 647 3672 ἄδηλον
685 3608 798 3671 ningo..)
828 3610 881 3656 tota
905 3607 1034 3658 sententia
1059 3605 1109 3654 loci
1134 3617 1209 3654 conr-

124 3675 212 3744 deget,
228 3675 304 3731 Ρεῖα
326 3679 395 3731 ds'r'
414 3679 507 3732 idduae
527 3677 648 3732 σκολιὸν
685 3683 773 3732 munis
791 3682 903 3732 44444444
921 3681 1008 3731 minus
1025 3679 1180 3744 poeticam'
1174 3692 1211 3727 44-

127 3757 170 3806 eet
196 3749 330 3828 ἀγήνορα
353 3753 459 3828 κάρφει
481 3751 552 3818 Ζευς
576 3749 647 3820 ὕψι·
686 3755 796 3806 duisset.
832 3757 997 3806 Praeterea'
990 3769 1043 3806 4444
1061 3755 1159 3818 cogitat
1176 3753 1210 3803 de

125 3827 273 3901 βρεμέτης.
304 3831 400 3882 Archil.
426 3834 466 3882 Fr.
486 3833 527 3882 44.
547 3831 646 3892 Bergk.
685 3831 799 3882 Tiridate
813 3834 875 3880 tunc
889 3843 972 3893 regno
985 3829 1212 3880 exactoaPhraa

128 3904 191 3968 Τοῖς
216 3905 296 3968 θεοις
313 3904 436 3956 τιθειν“
420 3901 550 3955 α’πανια
578 3903 648 3955 πολ-
687 3909 725 3968 44,
745 3907 870 3970 quocirca
887 3905 1055 3969 aptissimum
1073 3907 1156 3954 estu.
1169 3905 1210 3954 444-

128 3977 206 4043 λάιιις
225 3979 316 4046 μέν
302 3997 430 4031 εκκακω
419 3979 449 4031 ’ν
463 3974 613 4052 Avdpeg'
598 3995 648 4050 ορ-
685 3983 788 4045 44944444.
819 3981 872 4031 cn.
891 3979 939 4030 od.
960 3981 989 4038 4,
1008 3979 1053 4040 46,
1073 3979 1097 4028 5.
1123 3977 1170 4028 Od.
1184 3979 1209 4038 4,

128 4053 229 4106 θοῦσιν
262 4055 384 4128 μιλυλνη
417 4057 569 4142 κειμένους
602 4053 649 4105 ἐπὶ
686 4058 715 4118 4,
736 4057 774 4105 47.
805 4054 1057 4114 44441444444444,
1078 4052 1212 4102 4444444144

130 4129 225 4187 χθονί·
250 4109 436 4193 Πολλάκιςδ
454 4125 650 4218 ἀνατρέπουσι
687 4132 832 4196 sapientiae
858 4129 964 4179 oracula
992 4129 1059 4190 edit,
1090 4127 1211 4192 putidum

131 4205 176 4254 »444
196 4202 264 4270 μάλ’
287 4197 319 4257 sd
340 4203 504 4272 βεβηκότας
521 4201 597 4256 Tur
598 4221 650 4268 ους
687 4205 780 4257 fuisset
788 4205 948 4257 sententiam
958 4202 1081 4267 exemplo
1094 4203 1209 4258 firmare,

132 4275 267 4332 aitvovo'·
295 4295 393 4332 επειτα
423 4277 514 4332 πολλὰ
543 4282 650 4348 γ4νεται
687 4281 760 4345 quod
786 4283 848 4330 tunc
874 4279 998 4330 omnibus
1024 4278 1050 4328 44
1074 4291 1120 4326 ore
1144 4275 1209 4324 eret.
