3080 4980
283 440 359 490 xvlu
683 439 812 490 uorum
829 439 938 490 METRA
954 437 1079 490 LYRICA.

367 597 397 660 8.
422 594 606 662 Tetrameter
627 593 795 681 dactylicus
816 594 1010 662 catalecticus
1030 596 1063 660 io
1084 593 1270 682 disyllabum
1284 615 1309 660 s.
1327 605 1369 659 te-

282 708 429 766 trameter
448 699 603 763 heroicus:

308 878 314 898 ⁸
368 835 510 955 Circa-irie
526 855 677 975 perparco
699 819 859 954 {ariolari
873 847 911 952 el.
956 889 978 951 7.
1002 889 1036 962 7,
1061 890 1090 953 6.

370 991 514 1077 Osortes
530 991 697 1076 peioraque
717 990 812 1076 possi.
857 990 879 1054 1.
903 991 938 1066 7,
962 991 1012 1054 30.

366 1095 539 1161 Meusorern
559 1091 711 1170 cohiberet,
733 1092 879 1178 Archyta.
924 1093 946 1156 7.
972 1091 1029 1167 28,
1053 1091 1082 1156 9.

366 1217 396 1279 9.
422 1213 606 1279 Tetrameter
627 1211 796 1298 dactylicus
818 1211 1006 1278 acatalectus
1027 1232 1053 1276 s.
1076 1233 1103 1277 o.
1125 1210 1321 1278 Alema-rrius:

442 1354 465 1386 7
485 1359 532 1386 ψ»
553 1376 575 1385 -
596 1361 645 1386 w
663 1374 686 1384 -
706 1359 754 1384 w
772 1374 795 1384 -
814 1361 863 1386 w
899 1313 977 1397 (vio.
995 1318 1029 1379 n⁰
1051 1313 1112 1398 79.)

368 1511 380 1575 l
389 1513 417 1576 0.
441 1511 628 1576 Heaarrceter
649 1507 818 1594 dactylicus
839 1507 1034 1574 catalecticus
1053 1509 1086 1573 ire
1107 1506 1309 1594 disyllabum:

414 1596 1097 1762 Lw..ww-Hw!-w.w-v

366 1782 531 1848 Interdum
553 1782 648 1848 etiam
671 1783 704 1846 in
723 1781 794 1846 sede
815 1783 923 1867 qotaa
945 1780 1112 1869 spondeus
1133 1781 1241 1849 locum
1263 1782 1370 1860 hahet,

284 1888 306 1951 1.
335 1887 393 1962 98,
422 1884 473 1950 ul.
515 1882 616 1972 Epod.
640 1883 697 1962 73,
728 1884 758 1948 9.
801 1883 855 1960 76,
886 1884 937 1950 77.
982 1885 1118 1951 Caesare
1147 1906 1213 1952 non
1241 1907 1372 1973 semper

282 1987 400 2054 eodem
421 1986 493 2054 loeo
508 1986 682 2062 invenitur,
706 1985 761 2052 clu.
784 1987 807 2051 I.
831 1988 865 2064 7,
888 1987 941 2052 79.
970 1988 1025 2064 78,
1050 1990 1079 2053 5.
1118 1988 1219 2076 Epod.
1236 1987 1291 2063 76,
1316 1989 1368 2054 ul.

283 2093 344 2156 Ter
377 2111 417 2156 ne
449 2089 498 2155 his
529 2087 663 2176 quidem
694 2087 773 2155 locis
807 2087 1015 2156 observatur:
1048 2092 1071 2155 l.
1105 2091 1161 2167 28,
1193 2091 1234 2155 75
1265 2099 1298 2156 et
1319 2091 1370 2156 29.

284 2192 385 2280 Epod.
410 2191 465 2266 75,
489 2192 519 2256 9.
554 2190 587 2258 Si
610 2190 727 2257 deesse
750 2190 800 2257 his
818 2188 899 2258 locis
915 2212 1084 2259 caesuram
1099 2191 1271 2268 docemus
1296 2213 1373 2258 cae-

283 2316 394 2362 suram
416 2295 553 2362 dicimus
574 2293 759 2368 masculam,
783 2314 868 2380 quae
892 2294 925 2358 iu
947 2294 1011 2359 arsi
1034 2293 1077 2360 fit.

548 2487 579 2572 d]
602 2507 710 2553 vsusus
731 2506 888 2552 cucumer
911 2507 1104 2564 uocuoumcr,

284 2649 316 2712 in
345 2647 464 2733 quibus
491 2647 600 2711 seriem
630 2643 815 2731 dactylicam
842 2644 1053 2732 subsequitur
1082 2645 1176 2710 series
1205 2646 1371 2712 trochaica.

283 2749 463 2835 Loyaoecliei
491 2748 567 2815 dicti
596 2757 683 2824 sunt,
718 2746 807 2834 quod
838 2747 981 2834 dactylici
1009 2757 1041 2813 et
1071 2748 1217 2813 trochaici
1245 2749 1373 2815 numeri

283 2851 508 2928 coniunctione
539 2849 636 2916 medii
667 2847 748 2915 inter
776 2859 902 2916 cautam
931 2859 963 2916 et
990 2871 1181 2915 communem
1201 2871 1375 2915 sermonem

284 2975 358 3040 esse
380 2951 538 3018 videntur.
582 2951 706 3037 Dactyli
727 2951 760 3016 in
774 2971 814 3017 eo
829 2971 926 3018 vorsu
943 2953 1020 3038 pari
1041 2951 1225 3018 conservari
1242 2951 1372 3018 debent.

328 3073 377 3138 77.
405 3073 514 3138 Versus
534 3071 676 3137 Alcaicus
697 3070 925 3158 decosyllahus,
952 3081 1101 3138 constans
1124 3071 1243 3138 duobus
1265 3071 1374 3158 dacty-

284 3176 322 3240 lis
342 3175 525 3264 totidemque
545 3174 705 3240 trochaeis.

368 3309 531 3451 hisinio*
539 3310 679 3430 77777777
699 3312 834 3450 tyronii.
879 3366 901 3429 I.
924 3365 980 3442 35,
1005 3364 1055 3430 lh.

369 3465 500 3555 Syllaba
522 3487 642 3553 anceps
666 3467 698 3531 in
720 3466 790 3534 solo
812 3465 925 3532 ultimo
950 3465 1036 3553 pede
1058 3464 1241 3532 admittitur.
1282 3565 1297 3583 ·

634 3665 664 3745 e)
687 3682 796 3728 vassus
818 3681 1019 3728 cuculruuucu.
1058 3719 1065 3724 .

602 3804 874 3883 Choriamhus:
899 3877 921 3887 -
943 3861 967 3886 o
987 3861 1011 3886 a
1029 3876 1051 3887 -

371 3940 419 4006 lu.
448 3943 557 4007 Versus
577 3940 828 4028 Arhtophauicus
850 3961 875 4008 s.
891 3940 1084 4006 choriambus
1098 3941 1234 4008 catoleai
1248 3941 1369 4028 loyaoo-

284 4045 481 4234 dwaLyrliel,
503 4105 566 4224 elic,
586 4091 645 4232 ylio
667 4093 779 4210 olores.
824 4146 846 4209 l.
871 4147 906 4218 8,
932 4145 960 4209 7.

371 4249 419 4314 78.
451 4249 596 4313 Trioeeter
622 4245 843 4313 choriambicis
867 4247 1061 4315 catalecticus
1083 4271 1108 4315 s.
1133 4249 1370 4328 Areacrooutius,
