2992 4978
513 475 572 525 uls.
591 475 632 524 lll.
667 475 697 524 C.
715 475 758 525 Vl.

321 630 389 695 Hoc
411 629 497 697 sonte
519 631 664 698 derivata
686 631 797 700 clades

361 753 396 816 ln
418 753 554 840 patriam
576 753 798 843 populumque
821 755 919 824 lluxit.

280 911 383 977 llotus
406 912 516 979 doceri
540 913 659 1000 gaudet
680 915 807 982 lonicus

280 1033 402 1100 Matura
423 1035 513 1122 virgo
539 1045 570 1101 et
592 1035 722 1123 fingitur
743 1037 883 1116 artibus;

321 1157 388 1221 lam
410 1177 495 1222 nunc
518 1166 550 1222 et
573 1157 713 1224 incestos
736 1179 864 1224 amores

174 1355 214 1404 so.
233 1355 410 1416 mpsim
426 1353 509 1404 Bentl.
529 1357 597 1405 coni.
628 1384 654 1391 -
684 1357 723 1406 22.
741 1358 1036 1420 tingiturortuburbsc
1055 1359 1098 1427 (yd
1116 1377 1158 1428 ap.
1253 1346 1263 1364 ⁸

143 1429 247 1478 liirchn.
266 1442 292 1493 p.
312 1428 352 1478 36.
372 1429 423 1492 56.)
447 1431 474 1478 et
490 1429 643 1494 conrplures
660 1432 793 1493 Pottierir,
818 1434 949 1497 frangitur
964 1436 1069 1486 crnibus
1093 1437 1111 1486 d
1137 1440 1164 1488 et

143 1502 183 1552 alii
202 1502 337 1565 nonnulli,
367 1503 445 1568 prob.
466 1505 568 1567 {ingero
586 1505 616 1554 V.
637 1507 665 1554 ii.
684 1519 710 1569 p.
734 1505 807 1566 tull,
833 1508 949 1571 [τηρέειν
965 1509 1070 1561 arnobio
1086 1513 1161 1562 Mart.

142 1579 259 1641 Cruquii.
288 1579 329 1642 (Ut
345 1591 404 1640 nos,
423 1579 474 1638 ΒΤ,
494 1580 578 1630 «duo»
596 1579 723 1641 Bentleii,
742 1582 808 1630 Pott.
831 1584 855 1644 l,
877 1582 901 1643 3,
915 1584 939 1644 7,
954 1586 994 1645 lt,
1012 1585 1064 1648 Ὠ.)

109 1715 245 1785 τεαγὰτος
264 1718 313 1768 καὶ
330 1715 475 1784 θηλυκοῦ·
502 1718 549 1770 ἐπὶ
565 1716 633 1770 τού-
649 1719 651 1785 l
669 1725 712 1770 tur
728 1721 834 1772 ortubm
851 1735 884 1772 ne
902 1724 966 1774 satis
984 1726 1073 1775 Latina
1086 1727 1195 1790 quidem

108 1809 146 1860 τῳ
175 1790 232 1864 γὰρ
247 1790 456 1860 &supponem
481 1795 511 1844 ol
528 1789 630 1857 Ἴωνες.
669 1794 789 1856 videtur,
814 1809 877 1848 cum
894 1799 1077 1862 requireretur
1091 1801 1198 1865 tinnitus

107 1867 284 1932 Bacchylides
309 1869 381 1933 apud
406 1871 532 1922 loannem
557 1872 633 1921 sice·
670 1875 754 1928 ortae.
785 1873 815 1920 ut
840 1870 926 1922 blanil.
954 1872 984 1933 l,
1012 1874 1070 1926 797.
1099 1875 1194 1928 iacob:

106 1942 199 1993 liotam
224 1942 259 1992 ad
284 1943 409 2006 Hermog.
434 1945 509 1995 libet.
535 1947 578 1995 Gr.
603 1947 630 1996 T.
670 1945 856 1995 terminandos
869 1947 994 2009 formatus
1005 1949 1195 2014 nwlliorortua,

105 2021 148 2071 vi.
170 2033 231 2084 pag.
249 2019 313 2071 itt:
336 2016 482 2092 Ἀβρότητι
499 2019 633 2085 §satanan
671 2033 721 2070 nec
747 2023 821 2070 esset
845 2021 894 2072 nisi
920 2024 1043 2086 repetitio
1076 2027 1197 2089 priorum

98 2089 195 2158 Ἴωνες
211 2093 358 2161 βασιλῆες.
381 2125 407 2136 -
422 2097 513 2162 docem]
532 2101 559 2148 et
572 2099 634 2161 qui·
670 2093 776 2146 illorum
799 2100 882 2144 neotus
912 2098 996 2146 moeri
1023 2101 1117 2161 pandet
1144 2103 1195 2150 oet.

104 2171 169 2222 dem
190 2185 206 2220 a
227 2173 320 2222 servis.
353 2173 454 2222 Seneca
472 2173 520 2236 Ep.
538 2173 579 2222 90.
598 2173 632 2222 de
670 2169 757 2218 Tertia
778 2168 894 2233 denique
925 2171 1056 2234 frangitur
1083 2173 1197 2232 artabas,

103 2247 192 2298 servis
215 2245 298 2296 verba
321 2246 435 2298 iaciens:
465 2249 554 2310 Imque
577 2249 634 2298 binc
670 2255 720 2306 per
736 2255 765 2293 se
783 2245 857 2292 rectu
875 2243 909 2305 lv.
928 2244 1022 2307 Bentl.)
1041 2249 1067 2296 el
1079 2247 1113 2297 de
1125 2247 1197 2298 molli

103 2325 249 2382 tectonas,
277 2321 333 2370 binc
359 2321 492 2385 snbronen
519 2322 634 2385 officione
670 2317 777 2368 incessu
802 2331 834 2367 ac
854 2320 930 2380 gestu
948 2318 1117 2382 explicanda,
1145 2335 1199 2374 non

103 2400 177 2452 ausu
200 2395 259 2444 binc
275 2397 362 2445 odores
378 2397 550 2457 coquorum,
577 2397 634 2446 binc
669 2395 725 2443 tam
754 2393 913 2455 exquisitam
942 2393 1049 2446 exhibet
1077 2398 1198 2460 speciem

103 2469 191 2520 mun
207 2471 321 2532 corpor-ia
330 2475 412 2521 nenias
422 2471 563 2520 moronus
572 2471 635 2521 mol-
671 2466 837 2532 corruptelae
856 2469 1007 2520 exortibus
1025 2471 1105 2535 ipsis,
1125 2473 1198 2536 apud

102 2545 188 2606 ἱττᾳιττ
204 2549 294 2596 conns
309 2550 333 2596 et
349 2547 478 2610 infractos.
498 2546 581 2609 (Ouid.
599 2549 630 2596 Α.
670 2546 786 2594 Graecos
812 2545 885 2593 certe
912 2546 1028 2595 maxime
1057 2544 1197 2597 laudabili·

105 2621 135 2668 Α.
154 2619 180 2678 3,
199 2619 264 2668 35⁴:
293 2619 405 2684 Artifices
420 2621 519 2682 minis,
546 2633 633 2671 menos
669 2619 736 2680 bus,
756 2621 845 2678 oriae,
864 2621 894 2666 ut
911 2621 1048 2670 taceamus
1066 2621 1146 2672 etiam
1162 2623 1195 2674 de

102 2693 249 2756 miamin
269 2699 405 2752 motum
430 2699 528 2744 tontum
551 2695 633 2746 orob-
669 2695 823 2743 nostrorum
839 2692 967 2744 Codicum
981 2695 1147 2746 auctoritate.
1168 2723 1195 2732 -

103 2768 163 2818 litos
179 2767 226 2818 illo
242 2769 338 2818 deora
353 2769 446 2832 babet.)
669 2768 860 2818 Verumtamen
888 2767 934 2827 iis,
971 2769 1017 2830 qui
1043 2771 1195 2820 etiamnunc

136 2843 179 2892 ἢ.
206 2843 320 2907 dicturo]
344 2845 427 2894 «Cum
445 2841 527 2895 nubili
544 2847 631 2896 aetate
667 2842 798 2905 [ronpitw
825 2841 930 2890 ortubus
961 2841 1127 2904 praeierunt,
1168 2849 1197 2893 ut

103 2917 255 2968 castissima
273 2929 334 2968 esso
352 2917 491 2968 deberet.»
511 2945 539 2954 -
555 2920 633 2983 flom-
670 2916 794 2966 Huschke
820 2915 854 2966 ad
880 2913 973 2966 Tibull.
991 2917 1021 2966 11.
1041 2929 1067 2979 p.
1087 2917 1143 2968 679.
1169 2921 1196 2969 et

102 2997 146 3041 ur
172 2991 278 3055 vobo]
304 2990 411 3042 ablativ.
438 2994 576 3052 instrum,
603 2997 633 3044 ut
670 2993 756 3052 Unger
772 2989 803 3038 V.
822 2991 850 3038 R.
878 3001 905 3053 p.
928 2989 1002 3048 ³99..
1030 2989 1098 3041 duos
1123 2989 1196 3043 locos

103 3079 167 3115 com
179 3064 295 3116 dicimus
305 3067 406 3128 instrui,
419 3068 631 3130 milioribus,
669 3077 828 3128 suggeram:
858 3064 959 3112 Seneca
978 3064 1103 3116 Conuov.
1122 3066 1151 3126 l,
1169 3067 1193 3116 i.

102 3140 287 3201 nondativus,
306 3141 465 3192 utnonnulli
480 3141 631 3204 voluerunt,
670 3152 696 3202 p.
724 3137 766 3188 el.
792 3139 849 3202 Bip.
877 3137 911 3188 de
937 3139 1056 3201 virgine:
1093 3140 1196 3190 docem

104 3215 154 3264 «ad
172 3215 269 3264 artesn.
288 3215 330 3265 Sic
343 3213 447 3266 Colum.
466 3217 512 3278 ll,
531 3218 561 3278 l,
581 3218 630 3267 ia:
669 3213 838 3264 bionddioaei
852 3214 1195 3276 inornnnomottencnrpo-

100 3289 206 3340 uilicus
213 3289 380 3352 conplurium
388 3291 526 3354 omnlino
536 3292 634 3354 smnio
668 3289 705 3338 ris
718 3288 894 3352 confringitur.
923 3287 1078 3350 Hieronymi
1089 3289 1135 3352 Ep.
1147 3287 1192 3340 la:

101 3371 142 3416 lua
152 3364 259 3414 ortibus.
278 3361 351 3414 Plato
369 3364 467 3415 Plraed.
486 3378 512 3429 p.
526 3366 567 3416 θῶ.
586 3367 629 3416 Ι).;
670 3363 797 3424 cannono
813 3363 840 3412 ln
857 3363 1019 3412 motibus
1033 3363 1111 3414 wenis
1129 3377 1195 3414 unus

101 3435 191 3504 σῶμά
200 3452 229 3488 τι
246 3433 417 3500 πλάττοντες
434 3435 504 3501 ζῶσι
520 3437 580 3488 κτλ.
602 3467 628 3476 -
668 3443 744 3500 atoue
767 3437 833 3488 idern
857 3437 944 3488 Mattio
966 3450 1039 3487 nmio
1063 3437 1194 3490 neruosa

102 3515 251 3566 «lemmate
264 3511 378 3572 artibus,
399 3513 633 3576 praetersaltatio·
667 3511 795 3576 robustam
823 3513 943 3573 usundi,
971 3524 1038 3561 nmio
1062 3512 1144 3562 nrollis
1166 3515 1194 3564 lo

102 3601 180 3650 nem,
200 3588 281 3639 etiam
299 3589 395 3648 cantu,
415 3588 535 3648 musicis,
555 3589 630 3652 poesi
670 3587 786 3637 Vaterno
808 3587 955 3652 tramae,
981 3599 1048 3636 nunc
1072 3588 1193 3639 mulne

100 3663 232 3715 amatoria
249 3663 403 3722 instituitur,
426 3664 456 3712 ut
472 3663 629 3726 Sempronia
665 3661 814 3722 indgbelon.
827 3661 1193 3725 ApudSenecamestrbeto-

100 3738 142 3788 illa
172 3736 245 3801 apud
274 3735 429 3797 salustium,
466 3734 569 3796 Clodia,
599 3739 627 3788 P.
665 3737 721 3786 rica
738 3737 920 3800 exaggeratio,
939 3750 988 3788 suo
1005 3735 1077 3798 loco,
1096 3739 1119 3802 si
1135 3739 1190 3799 vis,
1255 3791 1258 3796 ,

101 3813 187 3864 Clodii
199 3825 291 3872 soror,
309 3810 423 3876 Sulpicia
435 3811 540 3872 Tibulli,
560 3813 630 3874 Cyn·
665 3809 822 3870 laudabilis;
841 3808 913 3875 apud
924 3812 1062 3862 Horatium
1079 3813 1192 3864 nimium

101 3889 156 3938 tinia
175 3885 281 3951 (ilosbal
294 3887 439 3950 Propertii,
458 3886 557 3950 quibus
568 3889 630 3938 arti-
665 3885 692 3935 b.
720 3884 736 3934 l.
764 3886 831 3936 toret
856 3889 883 3935 el
909 3887 997 3940 mimis
1024 3887 1133 3936 omnino
1158 3899 1191 3938 ac
1253 3915 1258 3924 ·

101 3962 153 4012 bus
165 3959 430 4012 amatoresalliciat.n
444 3963 525 4012 lotus
537 3965 628 4014 autem
664 3959 818 4024 prostibulis
835 3961 921 4024 aptius
942 3973 1024 4023 quam
1045 3959 1190 4023 virginibus

100 4037 178 4088 loma
202 4033 246 4086 vel
267 4038 379 4100 propter
401 4047 497 4086 versus
513 4047 628 4099 praece·
665 4035 795 4096 ingenuis.

101 4111 198 4162 dentes
215 4110 249 4160 de
265 4110 627 4174 pravaetiamingeuuarum
696 4109 737 4158 23.
773 4110 827 4159 lom
842 4108 923 4172 nunc]
952 4107 1024 4160 ltulti
1050 4108 1118 4158 baec
1144 4119 1187 4156 vv.

100 4184 251 4250 puellarum
279 4185 440 4236 institutione
468 4184 625 4244 domestica,
664 4183 774 4246 iungunt
791 4197 853 4234 oum
871 4181 1108 4248 praecedentibus,
1135 4193 1189 4231 non

101 4273 155 4310 non
183 4259 218 4309 de
246 4259 351 4310 leminis
379 4258 494 4310 libertini
519 4259 626 4322 generis
663 4258 923 4320 animadvertentes,
954 4258 1018 4308 satis
1042 4257 1109 4306 mire
1135 4253 1188 4306 dict

101 4333 295 4397 intelligendus.
317 4361 344 4372 ·-
365 4331 626 4396 Altemlectioflnoi-
661 4338 790 4384 macaron
808 4333 936 4395 virginem
953 4333 1006 4380 mm
1021 4343 1087 4380 nsaw
1104 4328 1187 4380 excoli
