2986 4974
467 431 526 480 ure.
548 432 565 480 ι.
602 432 631 481 c.
651 431 749 482 xxxv,
1121 433 1182 499 itii

95 591 198 638 retrices
213 595 237 638 et
252 589 332 650 fucati
348 588 425 638 aruici
441 601 497 638 eam
513 589 694 652 derelinquunt.
730 592 827 642 Contra
846 593 935 643 autem
957 591 1049 642 dicunt
1065 592 1122 653 ulii,
1142 595 1182 643 in-

95 671 190 722 fideles
214 673 315 722 emicos
339 673 468 722 Fortunae
492 674 604 724 comites
628 689 702 734 esse3
730 688 822 726 rernm
846 677 936 726 autern
959 675 1050 726 Fidem
1070 679 1179 728 mimme

96 761 239 808 Fortunam
256 758 341 821 sequi.
379 755 486 807 Ovidius
503 759 576 806 Pont.
596 759 626 808 11.
646 759 670 818 3,
689 760 712 808 7.
732 758 765 808 de
785 759 898 808 amicitia
916 762 943 808 et
963 760 1016 809 flde
1035 760 1134 810 iucute:

247 851 326 912 Turpe
342 851 441 912 quiden
458 851 538 910 dictu,
557 849 599 899 seri
615 849 646 914 (ei
662 853 736 900 modo
751 865 814 902 uera
829 852 948 915 fatentur)

280 934 369 997 Foipue
385 934 511 982 amicitias
527 933 633 983 utilitate
646 935 746 996 probat.

245 1019 313 1068 erra
329 1019 390 1079 quid
407 1019 524 1079 eapediat
537 1019 612 1080 prius
628 1025 662 1068 eet
679 1033 756 1081 quam
773 1021 833 1081 quid
848 1021 879 1069 eit
896 1022 1035 1070 nouatum:

276 1102 308 1150 iit
324 1115 381 1150 crim
397 1103 544 1152 Fonrurr
560 1107 657 1164 statam
673 1105 789 1165 caditque
804 1105 891 1156 Frons.

96 1198 122 1244 ai
140 1208 203 1245 mox
222 1193 322 1244 ibidem
340 1195 373 1256 (v.
392 1193 443 1256 55.)
462 1193 496 1244 de
514 1194 567 1244 iido
587 1197 689 1246 emico:

245 1287 342 1336 Sciticet
358 1287 503 1352 indigniori,
522 1288 617 1337 tuteris
633 1290 777 1351 rarissime,
796 1291 866 1340 ducis

279 1371 308 1419 Fe
322 1372 379 1434 fieri
396 1383 540 1422 coerrat
555 1373 643 1421 stantis
658 1373 685 1420 iu
701 1373 759 1423 orde
775 1387 851 1423 aare.

95 1471 119 1516 et
137 1467 213 1516 Pont.
234 1467 253 1515 Ι.
273 1467 302 1524 9,
322 1467 365 1516 ts:

242 1559 327 1622 Adsuit
343 1558 384 1608 iiie
400 1559 474 1620 mitri,
492 1572 549 1608 cum
562 1573 626 1621 pars
641 1573 681 1610 uie
696 1573 792 1624 mapna
808 1561 921 1624 reliquit,

275 1644 403 1703 Mantuae,
421 1643 555 1692 Foarmre
570 1657 615 1692 nec
630 1644 679 1706 suit
695 1643 736 1694 itte
752 1657 841 1695 conss.

96 1741 122 1787 et
139 1738 239 1787 iterum
257 1737 331 1785 Pout.
350 1737 393 1785 iv.
414 1737 459 1797 to,
479 1735 524 1786 73:

245 1831 371 1892 (tumim
385 1831 479 1892 refers,
497 1832 598 1880 imitare
613 1832 712 1880 uirum:
728 1836 796 1881 uetat
811 1832 853 1882 ilie
866 1833 977 1896 profecto

278 1913 415 1975 Tranquilli
431 1925 543 1965 corner
559 1916 676 1976 terporis
691 1929 741 1966 eece
756 1917 848 1966 Fruere.

97 2003 226 2057 iuvenalis
244 2007 296 2056 Sat.
315 2006 346 2055 X.
366 2005 410 2056 73:

803 2095 846 2144 red
862 2096 923 2156 quid

247 2173 329 2223 Turia
344 2174 434 2224 Fani?
449 2187 571 2236 superruo
587 2188 719 2227 sarreria
735 2189 844 2239 suuper,
863 2183 886 2227 et
903 2180 955 2229 odit

241 2257 389 2307 Darnuatoe.
469 2293 472 2300 .

158 2351 226 2412 Quid
245 2353 323 2416 igitur
339 2353 401 2403 fleti
424 2354 470 2402 aut
486 2365 540 2415 quo
563 2352 671 2403 tandem
688 2356 767 2418 pecto
786 2355 841 2404 tam
859 2354 964 2405 diverse
982 2356 1049 2404 haec
1065 2357 1134 2407 inter
1151 2371 1180 2407 se

97 2435 227 2488 conciliari
245 2439 387 2501 poterunt?
405 2437 473 2486 Sene
491 2449 553 2486 eum
570 2436 678 2486 Ovidius
695 2439 722 2486 et
739 2435 871 2489 Iuvenalis
884 2439 1023 2488 Fortunam
1034 2441 1179 2500 nominent,

96 2524 226 2572 ueroeam
244 2524 346 2572 tentum
365 2519 512 2582 intelligunt
528 2533 560 2569 ex
577 2523 685 2584 recepto
697 2519 824 2584 loquendi
836 2535 925 2572 more:
944 2525 971 2573 et
982 2524 1094 2587 proinde
1105 2528 1180 2574 recte

100 2605 197 2667 dieunt,
217 2606 334 2656 abeunte
352 2606 466 2655 Fortuna
484 2617 593 2654 manere
612 2607 702 2654 temen
724 2605 793 2655 fidos
810 2607 925 2666 amicos,
944 2619 1032 2669 neque
1051 2609 1180 2658 Fortunae

100 2691 206 2740 comites
224 2703 294 2740 esse.
328 2689 425 2739 Noster
441 2689 532 2738 autem
550 2686 629 2738 uliam
646 2687 724 2752 plane
741 2689 884 2753 imaginem
902 2692 1025 2755 concepit
1036 2692 1182 2755 etreprae-

100 2775 219 2832 scotavit3
246 2771 297 2823 suh
320 2773 450 2822 Fortunae
473 2772 544 2821 euim
564 2771 670 2822 nomine
689 2772 804 2822 eandem
822 2775 849 2823 et
864 2785 1022 2838 prosperam
1040 2776 1067 2824 et
1083 2774 1181 2824 adver-

99 2869 165 2917 sam,
185 2859 287 2908 mutata
304 2857 407 2906 tantum
424 2857 513 2915 veste,
532 2853 664 2918 inteiligit:
685 2856 756 2905 unde
774 2869 943 2918 consequens
960 2859 1029 2916 eret,
1053 2859 1083 2906 ut
1100 2859 1179 2942 etiam

101 2943 210 2992 mutatae
235 2941 365 2990 Fortunae
389 2940 484 3003 Spem,
510 2939 601 2990 Fidem
627 2941 654 2989 et
675 2941 775 2990 amieos
797 2943 885 2988 certos
908 2939 995 2990 adhuc
1018 2942 1129 2992 comites
1153 2945 1180 2992 et

100 3021 209 3076 cultores
235 3037 295 3076 esse
322 3023 435 3083 diceret,
462 3023 619 3074 meretrices
645 3025 735 3073 autern
758 3025 786 3072 et
806 3023 936 3086 parasitos
958 3024 1129 3074 retrocedere
1152 3027 1180 3074 et

101 3105 231 3172 diffugere.
267 3109 299 3158 Et
315 3107 385 3158 bene
408 3106 516 3170 quidem
534 3108 585 3157 hoc
603 3107 709 3158 Horatio
728 3108 865 3167 cessisset,
885 3106 934 3156 uisi
951 3106 1098 3158 addidisset
1116 3121 1179 3157 ver-

100 3189 172 3252 hum,
191 3191 278 3255 quod.
301 3193 330 3241 ut
347 3191 412 3242 mihi
429 3191 538 3254 quidem
554 3190 674 3252 videtur,
697 3191 780 3240 totam
798 3191 867 3239 henc
884 3201 994 3240 scenam
1012 3189 1136 3254 deturpat
1152 3193 1179 3241 et

101 3287 201 3336 prorsus
219 3275 380 3339 corrumpit:

516 3371 560 3408 uec
577 3359 689 3408 acimum
706 3359 827 3424 abrepat,

420 3441 547 3504 Utcunque
562 3447 661 3492 munta
674 3447 786 3504 potentes

455 3526 521 3575 Veste
538 3526 624 3576 donce
639 3527 742 3576 inimica
758 3537 867 3586 uecors.

100 3619 194 3684 Quippe
212 3622 235 3670 si
252 3621 366 3670 Fortuna
389 3619 479 3680 linquit
500 3618 595 3668 domos
618 3616 742 3680 afflictas,
768 3631 876 3686 unaque
897 3619 1056 3667 comitentur
1075 3617 1178 3668 abeun-

100 3703 149 3753 tem
171 3705 236 3768 Spes
259 3703 395 3766 atrides,
426 3705 482 3752 tum
503 3702 623 3766 protecto
643 3714 737 3752 omnes
755 3703 862 3752 omniuo
880 3701 1033 3766 diffugiunt,
1060 3703 1114 3752 mm
1132 3701 1177 3752 iidi

100 3787 171 3837 amici
188 3799 269 3852 quam
287 3783 422 3845 infidelem
441 3799 494 3849 quo
516 3784 579 3837 nihii
598 3785 740 3836 absurdius
757 3785 820 3848 fingi
836 3787 931 3849 potest.
968 3786 1060 3844 certe,
1080 3787 1102 3836 si
1114 3786 1178 3849 quid

100 3869 184 3932 video,
202 3871 244 3922 vei
263 3871 314 3921 troc
331 3869 374 3921 vel
391 3883 444 3921 non
462 3869 582 3922 dissimili
598 3869 683 3920 verbo
701 3870 801 3919 dietum
819 3869 946 3932 oportuit:

207 3961 211 3970 ·
422 3956 547 4016 Utcunque
562 3959 662 4004 mirtuta
674 3958 786 4015 poterin

455 4039 520 4088 Verte
536 4039 622 4088 domos
637 4038 741 4087 taenea
758 4049 858 4088 rearis:

100 4119 145 4170 hoc
161 4125 214 4182 est,
242 4125 364 4184 concutis,
391 4122 493 4187 afflipie.
529 4123 608 4186 Spes,
636 4122 733 4184 inquit,
761 4123 788 4170 et
808 4119 884 4170 Fides
904 4132 1013 4183 semper
1030 4120 1056 4168 te
1075 4117 1176 4176 colunt,

101 4203 218 4264 Fortuna.
237 4219 326 4270 neque
344 4209 370 4256 te
388 4205 529 4264 deserunt,
554 4206 603 4256 sad
621 4205 701 4254 etium
719 4205 745 4255 in
762 4202 858 4256 afflicta
875 4203 970 4264 domo,
995 4215 1056 4253 eum
1074 4203 1177 4252 vestem

101 4291 248 4350 mutaveris,
276 4293 365 4342 tecum
394 4291 516 4347 manent;
544 4286 635 4351 volgus
662 4291 753 4340 eutem
778 4287 889 4339 infidum
915 4287 1005 4338 stetim
1030 4286 1176 4349 diffugiunt.
