<?xml version="1.0" encoding="UTF-8"?>
<!DOCTYPE html PUBLIC "-//W3C//DTD XHTML 1.0 Transitional//EN"
    "http://www.w3.org/TR/xhtml1/DTD/xhtml1-transitional.dtd">
<html xmlns="http://www.w3.org/1999/xhtml" xml:lang="en" lang="en">
 <head>
  <title>
</title>
<meta http-equiv="Content-Type" content="text/html;charset=utf-8" />
  <meta name='ocr-system' content='tesseract 3.04.00' />
  <meta name='ocr-capabilities' content='ocr_page ocr_carea ocr_par ocr_line ocrx_word'/>
</head>
<body>
  <div class='ocr_page' id='page_1' title='image "./qhoratiusflaccu02baitgoog/qhoratiusflaccu02baitgoog_0703.png"; bbox 0 0 3078 4978; ppageno 0'>
   <div class='ocr_carea' id='block_1_1' title="bbox 628 452 972 517">
    <p class='ocr_par' dir='ltr' id='par_1_1' title="bbox 628 452 972 517">
     <span class='ocr_line' id='line_1_1' title="bbox 628 452 972 517; baseline 0.012 -19"><span class='ocrx_word' id='word_1_1' title='bbox 628 493 631 498; x_wconf 92' lang='lat'><em>.</em></span> <span class='ocrx_word' id='word_1_2' title='bbox 670 503 678 517; x_wconf 61' lang='grc'><em>,</em></span> <span class='ocrx_word' id='word_1_3' title='bbox 698 453 826 503; x_wconf 71' lang='lat' dir='ltr'><strong>nonnuli</strong></span> <span class='ocrx_word' id='word_1_4' title='bbox 844 452 972 502; x_wconf 83' lang='lat' dir='ltr'>EPODON</span> 
     </span>
    </p>
   </div>
   <div class='ocr_carea' id='block_1_2' title="bbox 463 607 1378 1170">
    <p class='ocr_par' dir='ltr' id='par_1_2' title="bbox 463 607 1378 1170">
     <span class='ocr_line' id='line_1_2' title="bbox 506 607 1027 695; baseline -0.01 -18"><span class='ocrx_word' id='word_1_5' title='bbox 506 607 633 677; x_wconf 82' lang='lat' dir='ltr'><strong>Othone</strong></span> <span class='ocrx_word' id='word_1_6' title='bbox 656 617 840 695; x_wconf 89' lang='lat' dir='ltr'><strong>contempto</strong></span> <span class='ocrx_word' id='word_1_7' title='bbox 863 607 972 675; x_wconf 85' lang='lat' dir='ltr'><strong>sedet!</strong></span> <span class='ocrx_word' id='word_1_8' title='bbox 1017 635 1027 646; x_wconf 55' lang='lat'><strong>*</strong></span> 
     </span>
     <span class='ocr_line' id='line_1_3' title="bbox 463 727 1091 815; baseline -0.003 -21"><span class='ocrx_word' id='word_1_9' title='bbox 463 727 547 809; x_wconf 86' lang='lat' dir='ltr'><strong>Quid</strong></span> <span class='ocrx_word' id='word_1_10' title='bbox 571 729 681 796; x_wconf 82' lang='lat' dir='ltr'><strong>attinet</strong></span> <span class='ocrx_word' id='word_1_11' title='bbox 703 739 748 796; x_wconf 98' lang='lat' dir='ltr'><strong>tot</strong></span> <span class='ocrx_word' id='word_1_12' title='bbox 770 749 828 794; x_wconf 91' lang='lat' dir='ltr'><strong>ora</strong></span> <span class='ocrx_word' id='word_1_13' title='bbox 851 729 980 796; x_wconf 82' lang='lat' dir='ltr'><strong>navium</strong></span> <span class='ocrx_word' id='word_1_14' title='bbox 1003 729 1091 815; x_wconf 82' lang='lat' dir='ltr'><strong>gravi</strong></span> 
     </span>
     <span class='ocr_line' id='line_1_4' title="bbox 506 849 918 937; baseline 0 -20"><span class='ocrx_word' id='word_1_15' title='bbox 506 853 653 918; x_wconf 84' lang='lat' dir='ltr'><strong>Rostrata</strong></span> <span class='ocrx_word' id='word_1_16' title='bbox 675 851 750 918; x_wconf 87' lang='lat' dir='ltr'><strong>duci</strong></span> <span class='ocrx_word' id='word_1_17' title='bbox 772 849 918 937; x_wconf 89' lang='lat' dir='ltr'><strong>pondere</strong></span> 
     </span>
     <span class='ocr_line' id='line_1_5' title="bbox 465 968 1190 1058; baseline -0.004 -19"><span class='ocrx_word' id='word_1_18' title='bbox 465 973 582 1039; x_wconf 82' lang='lat' dir='ltr'><strong>Contra</strong></span> <span class='ocrx_word' id='word_1_19' title='bbox 603 971 745 1039; x_wconf 85' lang='lat' dir='ltr'><strong>latrones</strong></span> <span class='ocrx_word' id='word_1_20' title='bbox 768 982 866 1058; x_wconf 82' lang='lat' dir='ltr'><strong>etque</strong></span> <span class='ocrx_word' id='word_1_21' title='bbox 888 968 1039 1036; x_wconf 89' lang='lat' dir='ltr'><strong>servilem</strong></span> <span class='ocrx_word' id='word_1_22' title='bbox 1061 991 1190 1037; x_wconf 89' lang='lat' dir='ltr'><strong>manum</strong></span> 
     </span>
     <span class='ocr_line' id='line_1_6' title="bbox 507 1090 1378 1170; baseline -0.002 -10"><span class='ocrx_word' id='word_1_23' title='bbox 507 1094 589 1170; x_wconf 90' lang='lat' dir='ltr'><strong>Hoc,</strong></span> <span class='ocrx_word' id='word_1_24' title='bbox 614 1092 676 1159; x_wconf 89' lang='lat' dir='ltr'><strong>hoc</strong></span> <span class='ocrx_word' id='word_1_25' title='bbox 698 1091 826 1159; x_wconf 93' lang='lat' dir='ltr'><strong>tribuno</strong></span> <span class='ocrx_word' id='word_1_26' title='bbox 849 1090 1011 1158; x_wconf 83' lang='lat' dir='ltr'><strong>militum?</strong></span> <span class='ocrx_word' id='word_1_27' title='bbox 1339 1093 1378 1158; x_wconf 70' lang='lat'><strong>20</strong></span> 
     </span>
    </p>
   </div>
   <div class='ocr_carea' id='block_1_3' title="bbox 360 1299 852 1368">
    <p class='ocr_par' dir='ltr' id='par_1_3' title="bbox 360 1299 852 1368">
     <span class='ocr_line' id='line_1_7' title="bbox 360 1299 852 1368; baseline -0.006 -16"><span class='ocrx_word' id='word_1_28' title='bbox 360 1303 400 1352; x_wconf 71' lang='lat' dir='ltr'><strong>ti,</strong></span> <span class='ocrx_word' id='word_1_29' title='bbox 419 1303 476 1368; x_wconf 85' lang='lat' dir='ltr'><strong>ora]</strong></span> <span class='ocrx_word' id='word_1_30' title='bbox 495 1315 559 1351; x_wconf 82' lang='lat' dir='ltr'><strong>ocra</strong></span> <span class='ocrx_word' id='word_1_31' title='bbox 576 1299 693 1352; x_wconf 85' lang='lat' dir='ltr'><strong>malebat</strong></span> <span class='ocrx_word' id='word_1_32' title='bbox 709 1299 852 1350; x_wconf 87' lang='lat' dir='ltr'><strong>Bentleius.</strong></span> 
     </span>
    </p>
   </div>
   <div class='ocr_carea' id='block_1_4' title="bbox 294 1475 1383 2061">
    <p class='ocr_par' dir='ltr' id='par_1_4' title="bbox 294 1475 1383 2061">
     <span class='ocr_line' id='line_1_8' title="bbox 295 1475 1381 1542; baseline 0 -14"><span class='ocrx_word' id='word_1_33' title='bbox 295 1477 405 1542; x_wconf 88' lang='lat' dir='ltr'><strong>poribus</strong></span> <span class='ocrx_word' id='word_1_34' title='bbox 422 1477 519 1528; x_wconf 87' lang='lat' dir='ltr'><strong>tribuni</strong></span> <span class='ocrx_word' id='word_1_35' title='bbox 537 1476 650 1528; x_wconf 89' lang='lat' dir='ltr'><strong>militum</strong></span> <span class='ocrx_word' id='word_1_36' title='bbox 664 1475 820 1541; x_wconf 78' lang='lat' dir='ltr'><strong>angusticla-</strong></span> <span class='ocrx_word' id='word_1_37' title='bbox 857 1476 999 1527; x_wconf 88' lang='lat' dir='ltr'><strong>damnatus</strong></span> <span class='ocrx_word' id='word_1_38' title='bbox 1022 1478 1106 1536; x_wconf 81' lang='lat' dir='ltr'><strong>esset,</strong></span> <span class='ocrx_word' id='word_1_39' title='bbox 1129 1475 1172 1526; x_wconf 91' lang='lat' dir='ltr'><strong>cui</strong></span> <span class='ocrx_word' id='word_1_40' title='bbox 1189 1475 1262 1541; x_wconf 87' lang='lat' dir='ltr'><strong>apud</strong></span> <span class='ocrx_word' id='word_1_41' title='bbox 1280 1479 1381 1528; x_wconf 83' lang='lat' dir='ltr'><strong>exerci-</strong></span> 
     </span>
     <span class='ocr_line' id='line_1_9' title="bbox 294 1550 1382 1636; baseline 0.002 -35"><span class='ocrx_word' id='word_1_42' title='bbox 294 1553 331 1602; x_wconf 83' lang='lat' dir='ltr'><strong>vii</strong></span> <span class='ocrx_word' id='word_1_43' title='bbox 355 1555 381 1602; x_wconf 89' lang='lat' dir='ltr'><strong>in</strong></span> <span class='ocrx_word' id='word_1_44' title='bbox 403 1550 524 1603; x_wconf 79' lang='lat' dir='ltr'><strong>ordinem</strong></span> <span class='ocrx_word' id='word_1_45' title='bbox 545 1554 700 1616; x_wconf 82' lang='lat' dir='ltr'><strong>equestrem</strong></span> <span class='ocrx_word' id='word_1_46' title='bbox 716 1551 820 1636; x_wconf 57' lang='lat' dir='ltr'><strong>adscm&#39;-</strong></span> <span class='ocrx_word' id='word_1_47' title='bbox 856 1552 914 1600; x_wconf 90' lang='lat' dir='ltr'><strong>tum</strong></span> <span class='ocrx_word' id='word_1_48' title='bbox 932 1551 1090 1613; x_wconf 79' lang='lat' dir='ltr'><strong>ignominiae</strong></span> <span class='ocrx_word' id='word_1_49' title='bbox 1107 1562 1188 1600; x_wconf 87' lang='lat' dir='ltr'><strong>causa</strong></span> <span class='ocrx_word' id='word_1_50' title='bbox 1205 1550 1272 1602; x_wconf 88' lang='lat' dir='ltr'><strong>ordo</strong></span> <span class='ocrx_word' id='word_1_51' title='bbox 1289 1551 1382 1603; x_wconf 82' lang='lat' dir='ltr'><strong>adenr-</strong></span> 
     </span>
     <span class='ocr_line' id='line_1_10' title="bbox 294 1625 1381 1690; baseline -0.001 -13"><span class='ocrx_word' id='word_1_52' title='bbox 294 1625 437 1677; x_wconf 81' lang='lat' dir='ltr'><strong>hebantur.</strong></span> <span class='ocrx_word' id='word_1_53' title='bbox 473 1626 526 1677; x_wconf 84' lang='lat' dir='ltr'><strong>Cir.</strong></span> <span class='ocrx_word' id='word_1_54' title='bbox 544 1628 708 1690; x_wconf 82' lang='lat' dir='ltr'><strong>interpretes</strong></span> <span class='ocrx_word' id='word_1_55' title='bbox 726 1625 760 1676; x_wconf 83' lang='lat' dir='ltr'><strong>ad</strong></span> <span class='ocrx_word' id='word_1_56' title='bbox 776 1627 820 1676; x_wconf 92' lang='lat' dir='ltr'><strong>lu·</strong></span> <span class='ocrx_word' id='word_1_57' title='bbox 857 1627 917 1689; x_wconf 92' lang='lat' dir='ltr'><strong>ptus</strong></span> <span class='ocrx_word' id='word_1_58' title='bbox 934 1627 1019 1685; x_wconf 83' lang='lat' dir='ltr'><strong>esset,</strong></span> <span class='ocrx_word' id='word_1_59' title='bbox 1042 1625 1088 1688; x_wconf 90' lang='lat' dir='ltr'><strong>qul</strong></span> <span class='ocrx_word' id='word_1_60' title='bbox 1105 1637 1220 1687; x_wconf 90' lang='lat' dir='ltr'><strong>corpore</strong></span> <span class='ocrx_word' id='word_1_61' title='bbox 1239 1629 1381 1689; x_wconf 85' lang='lat' dir='ltr'><strong>quaestum</strong></span> 
     </span>
     <span class='ocr_line' id='line_1_11' title="bbox 296 1697 1382 1764; baseline 0.001 -14"><span class='ocrx_word' id='word_1_62' title='bbox 296 1715 357 1752; x_wconf 86' lang='lat' dir='ltr'><strong>ven.</strong></span> <span class='ocrx_word' id='word_1_63' title='bbox 371 1701 401 1761; x_wconf 83' lang='lat' dir='ltr'><strong>i,</strong></span> <span class='ocrx_word' id='word_1_64' title='bbox 414 1700 455 1750; x_wconf 81' lang='lat'><strong>89.</strong></span> <span class='ocrx_word' id='word_1_65' title='bbox 474 1701 582 1750; x_wconf 84' lang='lat' dir='ltr'><strong>sueton.</strong></span> <span class='ocrx_word' id='word_1_66' title='bbox 596 1701 655 1750; x_wconf 87' lang='lat' dir='ltr'><strong>Oth.</strong></span> <span class='ocrx_word' id='word_1_67' title='bbox 669 1701 709 1750; x_wconf 80' lang='lat' dir='ltr'><strong>tt.</strong></span> <span class='ocrx_word' id='word_1_68' title='bbox 727 1701 819 1764; x_wconf 85' lang='lat' dir='ltr'><strong>ltaque</strong></span> <span class='ocrx_word' id='word_1_69' title='bbox 856 1697 1052 1748; x_wconf 84' lang='lat' dir='ltr'><strong>lenociniumva</strong></span> <span class='ocrx_word' id='word_1_70' title='bbox 1070 1700 1149 1762; x_wconf 85' lang='lat' dir='ltr'><strong>quive</strong></span> <span class='ocrx_word' id='word_1_71' title='bbox 1166 1697 1322 1751; x_wconf 89' lang='lat' dir='ltr'><strong>lanistarum</strong></span> <span class='ocrx_word' id='word_1_72' title='bbox 1339 1713 1382 1750; x_wconf 87' lang='lat' dir='ltr'><strong>ar·</strong></span> 
     </span>
     <span class='ocr_line' id='line_1_12' title="bbox 295 1771 1381 1839; baseline -0.002 -13"><span class='ocrx_word' id='word_1_73' title='bbox 295 1773 819 1839; x_wconf 79' lang='lat' dir='ltr'><strong>hocaequevalerepoteratetdevedio</strong></span> <span class='ocrx_word' id='word_1_74' title='bbox 857 1773 946 1822; x_wconf 86' lang='lat' dir='ltr'><strong>tamve</strong></span> <span class='ocrx_word' id='word_1_75' title='bbox 979 1771 1109 1822; x_wconf 85' lang='lat' dir='ltr'><strong>ludicram</strong></span> <span class='ocrx_word' id='word_1_76' title='bbox 1142 1772 1280 1835; x_wconf 57' lang='lat' dir='ltr'><strong>iacerem</strong></span> <span class='ocrx_word' id='word_1_77' title='bbox 1314 1787 1381 1837; x_wconf 84' lang='lat' dir='ltr'><strong>quae</strong></span> 
     </span>
     <span class='ocr_line' id='line_1_13' title="bbox 295 1843 1380 1915; baseline -0.005 -13"><span class='ocrx_word' id='word_1_78' title='bbox 295 1843 818 1915; x_wconf 75' lang='lat' dir='ltr'><strong>Ruloetdeliens.-0ttanacontompto]</strong></span> <span class='ocrx_word' id='word_1_79' title='bbox 859 1845 941 1896; x_wconf 86' lang='lat' dir='ltr'><strong>verbe</strong></span> <span class='ocrx_word' id='word_1_80' title='bbox 960 1849 1023 1897; x_wconf 88' lang='lat' dir='ltr'><strong>sunt</strong></span> <span class='ocrx_word' id='word_1_81' title='bbox 1039 1847 1284 1910; x_wconf 82' lang='lat' dir='ltr'><strong>llerquardiiillist.</strong></span> <span class='ocrx_word' id='word_1_82' title='bbox 1297 1849 1380 1910; x_wconf 81' lang='lat' dir='ltr'><strong>liquit.</strong></span> 
     </span>
     <span class='ocr_line' id='line_1_14' title="bbox 295 1921 1383 1988; baseline 0.001 -13"><span class='ocrx_word' id='word_1_83' title='bbox 295 1925 324 1975; x_wconf 89' lang='lat' dir='ltr'><strong>L.</strong></span> <span class='ocrx_word' id='word_1_84' title='bbox 335 1923 523 1975; x_wconf 85' lang='lat' dir='ltr'><strong>ltosoiusOtho</strong></span> <span class='ocrx_word' id='word_1_85' title='bbox 536 1921 596 1974; x_wconf 87' lang='lat' dir='ltr'><strong>trib.</strong></span> <span class='ocrx_word' id='word_1_86' title='bbox 607 1922 642 1987; x_wconf 91' lang='lat' dir='ltr'><strong>pi.</strong></span> <span class='ocrx_word' id='word_1_87' title='bbox 653 1937 677 1974; x_wconf 90' lang='lat' dir='ltr'><strong>a.</strong></span> <span class='ocrx_word' id='word_1_88' title='bbox 689 1937 715 1974; x_wconf 90' lang='lat' dir='ltr'><strong>u.</strong></span> <span class='ocrx_word' id='word_1_89' title='bbox 726 1937 749 1974; x_wconf 88' lang='lat' dir='ltr'><strong>c.</strong></span> <span class='ocrx_word' id='word_1_90' title='bbox 761 1925 818 1976; x_wconf 74' lang='grc'>687.</span> <span class='ocrx_word' id='word_1_91' title='bbox 855 1924 925 1974; x_wconf 86' lang='lat' dir='ltr'><strong>llam¹</strong></span> <span class='ocrx_word' id='word_1_92' title='bbox 944 1936 971 1987; x_wconf 92' lang='lat' dir='ltr'><strong>p.</strong></span> <span class='ocrx_word' id='word_1_93' title='bbox 991 1923 1032 1974; x_wconf 78' lang='lat'><strong>58.</strong></span> <span class='ocrx_word' id='word_1_94' title='bbox 1068 1923 1121 1975; x_wconf 87' lang='lat' dir='ltr'><strong>Cir.</strong></span> <span class='ocrx_word' id='word_1_95' title='bbox 1143 1924 1241 1988; x_wconf 82' lang='lat' dir='ltr'><strong>Zumpt</strong></span> <span class='ocrx_word' id='word_1_96' title='bbox 1261 1925 1325 1976; x_wconf 69' lang='lat' dir='ltr'><strong>iter</strong></span> <span class='ocrx_word' id='word_1_97' title='bbox 1344 1927 1383 1976; x_wconf 76' lang='lat' dir='ltr'><strong>die</strong></span> 
     </span>
     <span class='ocr_line' id='line_1_15' title="bbox 295 1995 1379 2061; baseline 0.001 -14"><span class='ocrx_word' id='word_1_98' title='bbox 295 1996 382 2061; x_wconf 81' lang='lat' dir='ltr'><strong>legem</strong></span> <span class='ocrx_word' id='word_1_99' title='bbox 400 1995 470 2058; x_wconf 90' lang='lat' dir='ltr'><strong>tulit,</strong></span> <span class='ocrx_word' id='word_1_100' title='bbox 491 2010 525 2048; x_wconf 84' lang='lat' dir='ltr'><strong>ne</strong></span> <span class='ocrx_word' id='word_1_101' title='bbox 537 1998 596 2061; x_wconf 90' lang='lat' dir='ltr'><strong>quis</strong></span> <span class='ocrx_word' id='word_1_102' title='bbox 607 1999 634 2047; x_wconf 90' lang='lat' dir='ltr'><strong>in</strong></span> <span class='ocrx_word' id='word_1_103' title='bbox 645 1998 821 2060; x_wconf 90' lang='lat' dir='ltr'><strong>quattuorde-</strong></span> <span class='ocrx_word' id='word_1_104' title='bbox 857 1999 926 2050; x_wconf 74' lang='lat' dir='ltr'><strong>Rom.</strong></span> <span class='ocrx_word' id='word_1_105' title='bbox 956 1999 1042 2048; x_wconf 83' lang='lat' dir='ltr'><strong>litttsr.</strong></span> <span class='ocrx_word' id='word_1_106' title='bbox 1068 1997 1134 2048; x_wconf 83' lang='lat' dir='ltr'><strong>Berl.</strong></span> <span class='ocrx_word' id='word_1_107' title='bbox 1158 1997 1281 2048; x_wconf 64' lang='grc' dir='ltr'><strong>ΔΝΜ.</strong></span> <span class='ocrx_word' id='word_1_108' title='bbox 1309 1999 1379 2051; x_wconf 75' lang='lat' dir='ltr'><strong>iste.</strong></span> 
     </span>
    </p>
   </div>
   <div class='ocr_carea' id='block_1_5' title="bbox 221 2071 978 2136">
    <p class='ocr_par' dir='ltr' id='par_1_5' title="bbox 221 2071 978 2136">
     <span class='ocr_line' id='line_1_16' title="bbox 221 2071 978 2136; baseline -0.001 -14"><span class='ocrx_word' id='word_1_109' title='bbox 221 2097 228 2113; x_wconf 71' lang='grc' dir='ltr'><strong>ι</strong></span> <span class='ocrx_word' id='word_1_110' title='bbox 296 2075 349 2124; x_wconf 91' lang='lat' dir='ltr'><strong>cim</strong></span> <span class='ocrx_word' id='word_1_111' title='bbox 360 2071 486 2136; x_wconf 80' lang='lat' dir='ltr'><strong>gradibus</strong></span> <span class='ocrx_word' id='word_1_112' title='bbox 496 2072 664 2133; x_wconf 84' lang='lat' dir='ltr'><strong>orchestrae,</strong></span> <span class='ocrx_word' id='word_1_113' title='bbox 678 2072 703 2122; x_wconf 89' lang='lat' dir='ltr'><strong>in</strong></span> <span class='ocrx_word' id='word_1_114' title='bbox 715 2085 768 2136; x_wconf 89' lang='lat' dir='ltr'><strong>qua</strong></span> <span class='ocrx_word' id='word_1_115' title='bbox 780 2085 822 2124; x_wconf 90' lang='lat' dir='ltr'><strong>se·</strong></span> <span class='ocrx_word' id='word_1_116' title='bbox 857 2085 918 2136; x_wconf 79' lang='lat' dir='ltr'><strong>pag.</strong></span> <span class='ocrx_word' id='word_1_117' title='bbox 937 2071 978 2122; x_wconf 79' lang='lat'><strong>95.</strong></span> 
     </span>
    </p>
   </div>
   <div class='ocr_carea' id='block_1_6' title="bbox 293 2145 1384 4072">
    <p class='ocr_par' dir='ltr' id='par_1_6' title="bbox 293 2145 1384 4072">
     <span class='ocr_line' id='line_1_17' title="bbox 296 2145 1380 2211; baseline 0.001 -14"><span class='ocrx_word' id='word_1_118' title='bbox 296 2145 551 2210; x_wconf 85' lang='lat' dir='ltr'><strong>natoressedebant‚</strong></span> <span class='ocrx_word' id='word_1_119' title='bbox 565 2147 691 2210; x_wconf 83' lang='lat' dir='ltr'><strong>proximis</strong></span> <span class='ocrx_word' id='word_1_120' title='bbox 703 2147 819 2210; x_wconf 89' lang='lat' dir='ltr'><strong>sederet,</strong></span> <span class='ocrx_word' id='word_1_121' title='bbox 890 2147 994 2197; x_wconf 71' lang='grc'><strong>47-20.</strong></span> <span class='ocrx_word' id='word_1_122' title='bbox 1019 2145 1255 2211; x_wconf 58' lang='lat' dir='ltr'><strong>orm-nostrata]</strong></span> <span class='ocrx_word' id='word_1_123' title='bbox 1282 2149 1380 2198; x_wconf 71' lang='lat' dir='ltr'><strong>«rosan</strong></span> 
     </span>
     <span class='ocr_line' id='line_1_18' title="bbox 300 2221 1382 2285; baseline 0 -13"><span class='ocrx_word' id='word_1_124' title='bbox 300 2222 349 2272; x_wconf 89' lang='lat' dir='ltr'><strong>nisi</strong></span> <span class='ocrx_word' id='word_1_125' title='bbox 373 2223 419 2285; x_wconf 88' lang='lat' dir='ltr'><strong>qui</strong></span> <span class='ocrx_word' id='word_1_126' title='bbox 444 2234 527 2285; x_wconf 87' lang='lat' dir='ltr'><strong>eques</strong></span> <span class='ocrx_word' id='word_1_127' title='bbox 549 2223 577 2271; x_wconf 88' lang='lat' dir='ltr'><strong>ct</strong></span> <span class='ocrx_word' id='word_1_128' title='bbox 598 2221 716 2285; x_wconf 79' lang='lat' dir='ltr'><strong>equestri</strong></span> <span class='ocrx_word' id='word_1_129' title='bbox 737 2233 821 2273; x_wconf 89' lang='lat' dir='ltr'><strong>censu</strong></span> <span class='ocrx_word' id='word_1_130' title='bbox 856 2221 883 2272; x_wconf 90' lang='lat' dir='ltr'><strong>iu</strong></span> <span class='ocrx_word' id='word_1_131' title='bbox 900 2223 1008 2272; x_wconf 77' lang='lat' dir='ltr'><strong>navium</strong></span> <span class='ocrx_word' id='word_1_132' title='bbox 1024 2221 1138 2285; x_wconf 83' lang='lat' dir='ltr'><strong>proris.»</strong></span> <span class='ocrx_word' id='word_1_133' title='bbox 1156 2221 1211 2272; x_wconf 86' lang='lat' dir='ltr'><strong>Etsi</strong></span> <span class='ocrx_word' id='word_1_134' title='bbox 1222 2222 1281 2272; x_wconf 86' lang='lat' dir='ltr'><strong>sine</strong></span> <span class='ocrx_word' id='word_1_135' title='bbox 1294 2234 1382 2272; x_wconf 82' lang='lat' dir='ltr'><strong>exem-</strong></span> 
     </span>
     <span class='ocr_line' id='line_1_19' title="bbox 297 2293 1382 2361; baseline -0.001 -14"><span class='ocrx_word' id='word_1_136' title='bbox 297 2297 377 2348; x_wconf 88' lang='lat' dir='ltr'><strong>esset.</strong></span> <span class='ocrx_word' id='word_1_137' title='bbox 402 2296 460 2346; x_wconf 87' lang='lat' dir='ltr'><strong>lloc</strong></span> <span class='ocrx_word' id='word_1_138' title='bbox 477 2308 541 2359; x_wconf 77' lang='lat' dir='ltr'><strong>ergo</strong></span> <span class='ocrx_word' id='word_1_139' title='bbox 553 2295 627 2346; x_wconf 89' lang='lat' dir='ltr'><strong>dicit:</strong></span> <span class='ocrx_word' id='word_1_140' title='bbox 647 2296 761 2348; x_wconf 75' lang='lat' dir='ltr'><strong>«Vedius</strong></span> <span class='ocrx_word' id='word_1_141' title='bbox 772 2309 822 2361; x_wconf 89' lang='lat' dir='ltr'><strong>per</strong></span> <span class='ocrx_word' id='word_1_142' title='bbox 855 2293 900 2360; x_wconf 92' lang='lat' dir='ltr'><strong>plo</strong></span> <span class='ocrx_word' id='word_1_143' title='bbox 927 2293 1029 2346; x_wconf 85' lang='lat' dir='ltr'><strong>dictum</strong></span> <span class='ocrx_word' id='word_1_144' title='bbox 1057 2294 1175 2356; x_wconf 79' lang='lat' dir='ltr'><strong>videtin,</strong></span> <span class='ocrx_word' id='word_1_145' title='bbox 1212 2307 1265 2346; x_wconf 87' lang='lat' dir='ltr'><strong>nou</strong></span> <span class='ocrx_word' id='word_1_146' title='bbox 1295 2297 1382 2346; x_wconf 70' lang='lat' dir='ltr'><strong>umen</strong></span> 
     </span>
     <span class='ocr_line' id='line_1_20' title="bbox 296 2368 1383 2434; baseline -0.001 -12"><span class='ocrx_word' id='word_1_147' title='bbox 296 2370 412 2422; x_wconf 88' lang='lat' dir='ltr'><strong>iacinora</strong></span> <span class='ocrx_word' id='word_1_148' title='bbox 427 2383 476 2420; x_wconf 88' lang='lat' dir='ltr'><strong>sua</strong></span> <span class='ocrx_word' id='word_1_149' title='bbox 493 2372 562 2422; x_wconf 88' lang='lat' dir='ltr'><strong>adeo</strong></span> <span class='ocrx_word' id='word_1_150' title='bbox 579 2371 632 2421; x_wconf 90' lang='lat' dir='ltr'><strong>iam</strong></span> <span class='ocrx_word' id='word_1_151' title='bbox 649 2371 724 2422; x_wconf 88' lang='lat' dir='ltr'><strong>dives</strong></span> <span class='ocrx_word' id='word_1_152' title='bbox 737 2371 821 2423; x_wconf 87' lang='lat' dir='ltr'><strong>iaetus</strong></span> <span class='ocrx_word' id='word_1_153' title='bbox 856 2371 999 2434; x_wconf 87' lang='lat' dir='ltr'><strong>propterea</strong></span> <span class='ocrx_word' id='word_1_154' title='bbox 1027 2368 1186 2422; x_wconf 84' lang='lat' dir='ltr'><strong>mutandum</strong></span> <span class='ocrx_word' id='word_1_155' title='bbox 1211 2382 1274 2422; x_wconf 86' lang='lat' dir='ltr'><strong>cum</strong></span> <span class='ocrx_word' id='word_1_156' title='bbox 1301 2371 1383 2421; x_wconf 80' lang='lat' dir='ltr'><strong>Sana-</strong></span> 
     </span>
     <span class='ocr_line' id='line_1_21' title="bbox 296 2442 1382 2508; baseline 0.002 -14"><span class='ocrx_word' id='word_1_157' title='bbox 296 2445 352 2504; x_wconf 79' lang='lat' dir='ltr'><strong>est,</strong></span> <span class='ocrx_word' id='word_1_158' title='bbox 371 2445 401 2492; x_wconf 90' lang='lat' dir='ltr'><strong>ut</strong></span> <span class='ocrx_word' id='word_1_159' title='bbox 416 2442 491 2494; x_wconf 83' lang='lat' dir='ltr'><strong>iacile</strong></span> <span class='ocrx_word' id='word_1_160' title='bbox 509 2445 594 2508; x_wconf 87' lang='lat' dir='ltr'><strong>possit</strong></span> <span class='ocrx_word' id='word_1_161' title='bbox 610 2445 742 2496; x_wconf 85' lang='lat' dir='ltr'><strong>Othonem</strong></span> <span class='ocrx_word' id='word_1_162' title='bbox 753 2446 822 2496; x_wconf 88' lang='lat' dir='ltr'><strong>eius·</strong></span> <span class='ocrx_word' id='word_1_163' title='bbox 857 2443 929 2494; x_wconf 89' lang='lat' dir='ltr'><strong>dono</strong></span> <span class='ocrx_word' id='word_1_164' title='bbox 951 2444 977 2494; x_wconf 92' lang='lat' dir='ltr'><strong>ln</strong></span> <span class='ocrx_word' id='word_1_165' title='bbox 998 2449 1107 2494; x_wconf 82' lang='lat' dir='ltr'><strong>rostro-</strong></span> <span class='ocrx_word' id='word_1_166' title='bbox 1118 2443 1240 2494; x_wconf 78' lang='lat' dir='ltr'><strong>-Aarcta</strong></span> <span class='ocrx_word' id='word_1_167' title='bbox 1255 2443 1299 2495; x_wconf 81' lang='lat' dir='ltr'><strong>vel</strong></span> <span class='ocrx_word' id='word_1_168' title='bbox 1321 2457 1382 2496; x_wconf 85' lang='lat' dir='ltr'><strong>cum</strong></span> 
     </span>
     <span class='ocr_line' id='line_1_22' title="bbox 295 2514 1383 2581; baseline 0.003 -16"><span class='ocrx_word' id='word_1_169' title='bbox 295 2529 349 2580; x_wconf 89' lang='lat' dir='ltr'><strong>que</strong></span> <span class='ocrx_word' id='word_1_170' title='bbox 367 2514 454 2578; x_wconf 83' lang='lat' dir='ltr'><strong>legem</strong></span> <span class='ocrx_word' id='word_1_171' title='bbox 465 2522 633 2579; x_wconf 81' lang='lat' dir='ltr'><strong>contemnere,</strong></span> <span class='ocrx_word' id='word_1_172' title='bbox 651 2518 679 2568; x_wconf 92' lang='lat' dir='ltr'><strong>id</strong></span> <span class='ocrx_word' id='word_1_173' title='bbox 697 2521 750 2580; x_wconf 79' lang='lat' dir='ltr'><strong>est,</strong></span> <span class='ocrx_word' id='word_1_174' title='bbox 768 2521 820 2569; x_wconf 89' lang='lat' dir='ltr'><strong>mi·</strong></span> <span class='ocrx_word' id='word_1_175' title='bbox 857 2515 975 2568; x_wconf 87' lang='lat' dir='ltr'><strong>Bentleio</strong></span> <span class='ocrx_word' id='word_1_176' title='bbox 993 2519 1019 2568; x_wconf 90' lang='lat' dir='ltr'><strong>in</strong></span> <span class='ocrx_word' id='word_1_177' title='bbox 1034 2515 1142 2581; x_wconf 72' lang='lat' dir='ltr'><strong>volgare</strong></span> <span class='ocrx_word' id='word_1_178' title='bbox 1159 2515 1222 2568; x_wconf 88' lang='lat' dir='ltr'><strong>illud</strong></span> <span class='ocrx_word' id='word_1_179' title='bbox 1238 2531 1315 2568; x_wconf 80' lang='lat' dir='ltr'><strong>oar-a:</strong></span> <span class='ocrx_word' id='word_1_180' title='bbox 1334 2531 1383 2569; x_wconf 86' lang='lat' dir='ltr'><strong>noc</strong></span> 
     </span>
     <span class='ocr_line' id='line_1_23' title="bbox 295 2591 1384 2658; baseline 0 -16"><span class='ocrx_word' id='word_1_181' title='bbox 295 2591 367 2642; x_wconf 89' lang='lat' dir='ltr'><strong>nime</strong></span> <span class='ocrx_word' id='word_1_182' title='bbox 385 2602 479 2640; x_wconf 88' lang='lat' dir='ltr'><strong>curare</strong></span> <span class='ocrx_word' id='word_1_183' title='bbox 498 2603 548 2641; x_wconf 86' lang='lat' dir='ltr'><strong>neo</strong></span> <span class='ocrx_word' id='word_1_184' title='bbox 565 2594 700 2652; x_wconf 85' lang='lat' dir='ltr'><strong>metuere,</strong></span> <span class='ocrx_word' id='word_1_185' title='bbox 724 2605 757 2642; x_wconf 91' lang='lat' dir='ltr'><strong>ne</strong></span> <span class='ocrx_word' id='word_1_186' title='bbox 774 2605 821 2642; x_wconf 89' lang='lat' dir='ltr'><strong>co-</strong></span> <span class='ocrx_word' id='word_1_187' title='bbox 857 2603 921 2642; x_wconf 89' lang='lat' dir='ltr'><strong>vero</strong></span> <span class='ocrx_word' id='word_1_188' title='bbox 938 2593 995 2642; x_wconf 89' lang='lat' dir='ltr'><strong>sine</strong></span> <span class='ocrx_word' id='word_1_189' title='bbox 1013 2603 1093 2642; x_wconf 84' lang='lat' dir='ltr'><strong>causa</strong></span> <span class='ocrx_word' id='word_1_190' title='bbox 1104 2591 1198 2642; x_wconf 87' lang='lat' dir='ltr'><strong>Bosius</strong></span> <span class='ocrx_word' id='word_1_191' title='bbox 1208 2605 1269 2658; x_wconf 77' lang='lat' dir='ltr'><strong>pag.</strong></span> <span class='ocrx_word' id='word_1_192' title='bbox 1282 2591 1325 2644; x_wconf 80' lang='lat' dir='ltr'><strong>ta.</strong></span> <span class='ocrx_word' id='word_1_193' title='bbox 1338 2592 1384 2644; x_wconf 87' lang='lat' dir='ltr'><strong>du·</strong></span> 
     </span>
     <span class='ocr_line' id='line_1_24' title="bbox 296 2663 1383 2728; baseline 0.006 -15"><span class='ocrx_word' id='word_1_194' title='bbox 296 2664 411 2728; x_wconf 75' lang='lat' dir='ltr'><strong>guittone</strong></span> <span class='ocrx_word' id='word_1_195' title='bbox 437 2663 471 2714; x_wconf 90' lang='lat' dir='ltr'><strong>de</strong></span> <span class='ocrx_word' id='word_1_196' title='bbox 497 2665 552 2717; x_wconf 81' lang='lat' dir='ltr'><strong>suis</strong></span> <span class='ocrx_word' id='word_1_197' title='bbox 576 2665 687 2718; x_wconf 77' lang='lat' dir='ltr'><strong>fortunis</strong></span> <span class='ocrx_word' id='word_1_198' title='bbox 704 2667 820 2718; x_wconf 85' lang='lat' dir='ltr'><strong>institute</strong></span> <span class='ocrx_word' id='word_1_199' title='bbox 858 2665 939 2728; x_wconf 76' lang='lat' dir='ltr'><strong>bitot,</strong></span> <span class='ocrx_word' id='word_1_200' title='bbox 959 2678 1024 2717; x_wconf 90' lang='lat' dir='ltr'><strong>aum</strong></span> <span class='ocrx_word' id='word_1_201' title='bbox 1041 2679 1104 2716; x_wconf 81' lang='lat' dir='ltr'><strong>aera</strong></span> <span class='ocrx_word' id='word_1_202' title='bbox 1122 2671 1235 2718; x_wconf 81' lang='lat' dir='ltr'><strong>rostrata</strong></span> <span class='ocrx_word' id='word_1_203' title='bbox 1251 2668 1317 2718; x_wconf 87' lang='lat' dir='ltr'><strong>satis</strong></span> <span class='ocrx_word' id='word_1_204' title='bbox 1335 2669 1383 2718; x_wconf 84' lang='lat' dir='ltr'><strong>La·</strong></span> 
     </span>
     <span class='ocr_line' id='line_1_25' title="bbox 297 2739 1384 2806; baseline 0.004 -18"><span class='ocrx_word' id='word_1_205' title='bbox 297 2739 386 2790; x_wconf 87' lang='lat' dir='ltr'><strong>minus</strong></span> <span class='ocrx_word' id='word_1_206' title='bbox 414 2751 496 2802; x_wconf 87' lang='lat' dir='ltr'><strong>quem</strong></span> <span class='ocrx_word' id='word_1_207' title='bbox 525 2740 620 2792; x_wconf 83' lang='lat' dir='ltr'>CCCC.</span> <span class='ocrx_word' id='word_1_208' title='bbox 640 2739 710 2792; x_wconf 90' lang='lat' dir='ltr'><strong>milia</strong></span> <span class='ocrx_word' id='word_1_209' title='bbox 739 2743 770 2792; x_wconf 86' lang='lat' dir='ltr'><strong>ll.</strong></span> <span class='ocrx_word' id='word_1_210' title='bbox 793 2743 818 2792; x_wconf 89' lang='lat' dir='ltr'><strong>S.</strong></span> <span class='ocrx_word' id='word_1_211' title='bbox 858 2741 910 2791; x_wconf 87' lang='lat' dir='ltr'><strong>tine</strong></span> <span class='ocrx_word' id='word_1_212' title='bbox 934 2740 986 2792; x_wconf 87' lang='lat' dir='ltr'><strong>dici</strong></span> <span class='ocrx_word' id='word_1_213' title='bbox 1007 2741 1123 2806; x_wconf 87' lang='lat' dir='ltr'><strong>possint,</strong></span> <span class='ocrx_word' id='word_1_214' title='bbox 1149 2743 1293 2806; x_wconf 84' lang='lat' dir='ltr'><strong>propterea</strong></span> <span class='ocrx_word' id='word_1_215' title='bbox 1311 2741 1384 2806; x_wconf 90' lang='lat' dir='ltr'><strong>quod</strong></span> 
     </span>
     <span class='ocr_line' id='line_1_26' title="bbox 295 2812 1384 2881; baseline 0.004 -17"><span class='ocrx_word' id='word_1_216' title='bbox 295 2812 434 2878; x_wconf 86' lang='lat' dir='ltr'><strong>possidere</strong></span> <span class='ocrx_word' id='word_1_217' title='bbox 452 2815 626 2880; x_wconf 75' lang='lat' dir='ltr'><strong>reperiatur·</strong></span> <span class='ocrx_word' id='word_1_218' title='bbox 654 2817 822 2872; x_wconf 74' lang='lat' dir='ltr'><strong>«contemnit</strong></span> <span class='ocrx_word' id='word_1_219' title='bbox 857 2829 899 2866; x_wconf 85' lang='lat' dir='ltr'><strong>oss</strong></span> <span class='ocrx_word' id='word_1_220' title='bbox 923 2828 973 2880; x_wconf 85' lang='lat' dir='ltr'><strong>pro</strong></span> <span class='ocrx_word' id='word_1_221' title='bbox 999 2818 1058 2881; x_wconf 88' lang='lat' dir='ltr'><strong>ipso</strong></span> <span class='ocrx_word' id='word_1_222' title='bbox 1083 2818 1169 2866; x_wconf 85' lang='lat' dir='ltr'><strong>rostro</strong></span> <span class='ocrx_word' id='word_1_223' title='bbox 1194 2819 1330 2880; x_wconf 90' lang='lat' dir='ltr'><strong>ponatur,</strong></span> <span class='ocrx_word' id='word_1_224' title='bbox 1356 2821 1384 2868; x_wconf 91' lang='lat' dir='ltr'><strong>ut</strong></span> 
     </span>
     <span class='ocr_line' id='line_1_27' title="bbox 296 2886 1383 2954; baseline 0.003 -15"><span class='ocrx_word' id='word_1_225' title='bbox 296 2899 345 2939; x_wconf 88' lang='lat' dir='ltr'><strong>sua</strong></span> <span class='ocrx_word' id='word_1_226' title='bbox 363 2901 425 2938; x_wconf 91' lang='lat' dir='ltr'><strong>cum</strong></span> <span class='ocrx_word' id='word_1_227' title='bbox 442 2886 500 2952; x_wconf 78' lang='lat' dir='ltr'><strong>lege</strong></span> <span class='ocrx_word' id='word_1_228' title='bbox 518 2889 661 2950; x_wconf 87' lang='lat' dir='ltr'><strong>Othonem,</strong></span> <span class='ocrx_word' id='word_1_229' title='bbox 689 2891 734 2954; x_wconf 90' lang='lat' dir='ltr'><strong>qui</strong></span> <span class='ocrx_word' id='word_1_230' title='bbox 756 2889 820 2941; x_wconf 89' lang='lat' dir='ltr'><strong>nihil</strong></span> <span class='ocrx_word' id='word_1_231' title='bbox 857 2893 922 2942; x_wconf 81' lang='lat' dir='ltr'><strong>nen.</strong></span> <span class='ocrx_word' id='word_1_232' title='bbox 940 2892 970 2950; x_wconf 86' lang='lat' dir='ltr'><strong>l,</strong></span> <span class='ocrx_word' id='word_1_233' title='bbox 989 2891 1036 2940; x_wconf 81' lang='lat'><strong>39:</strong></span> <span class='ocrx_word' id='word_1_234' title='bbox 1054 2903 1156 2953; x_wconf 68' lang='lat' dir='ltr'><strong>spurias</strong></span> <span class='ocrx_word' id='word_1_235' title='bbox 1171 2890 1232 2940; x_wconf 79' lang='lat' dir='ltr'><strong>ralis</strong></span> <span class='ocrx_word' id='word_1_236' title='bbox 1247 2905 1308 2942; x_wconf 81' lang='lat' dir='ltr'><strong>uere</strong></span> <span class='ocrx_word' id='word_1_237' title='bbox 1324 2905 1383 2942; x_wconf 77' lang='lat' dir='ltr'><strong>rue-</strong></span> 
     </span>
     <span class='ocr_line' id='line_1_28' title="bbox 296 2961 1383 3028; baseline 0.003 -15"><span class='ocrx_word' id='word_1_238' title='bbox 296 2965 388 3013; x_wconf 91' lang='lat' dir='ltr'><strong>contra</strong></span> <span class='ocrx_word' id='word_1_239' title='bbox 415 2961 487 3014; x_wconf 84' lang='lat' dir='ltr'><strong>illam</strong></span> <span class='ocrx_word' id='word_1_240' title='bbox 512 2963 627 3015; x_wconf 83' lang='lat' dir='ltr'><strong>admisit.</strong></span> <span class='ocrx_word' id='word_1_241' title='bbox 654 2965 744 3016; x_wconf 87' lang='lat' dir='ltr'><strong>luven.</strong></span> <span class='ocrx_word' id='word_1_242' title='bbox 772 2967 818 3026; x_wconf 84' lang='lat' dir='ltr'><strong>io,</strong></span> <span class='ocrx_word' id='word_1_243' title='bbox 857 2965 925 3015; x_wconf 82' lang='lat' dir='ltr'><strong>bant.</strong></span> <span class='ocrx_word' id='word_1_244' title='bbox 955 2964 1007 3015; x_wconf 88' lang='lat' dir='ltr'><strong>Clr.</strong></span> <span class='ocrx_word' id='word_1_245' title='bbox 1028 2963 1103 3015; x_wconf 85' lang='lat' dir='ltr'><strong>Diod.</strong></span> <span class='ocrx_word' id='word_1_246' title='bbox 1123 2965 1173 3014; x_wconf 90' lang='lat' dir='ltr'><strong>Sic.</strong></span> <span class='ocrx_word' id='word_1_247' title='bbox 1193 2965 1240 3026; x_wconf 76' lang='grc'><strong>43,</strong></span> <span class='ocrx_word' id='word_1_248' title='bbox 1259 2963 1304 3016; x_wconf 85' lang='lat' dir='ltr'><strong>to:</strong></span> <span class='ocrx_word' id='word_1_249' title='bbox 1323 2969 1383 3028; x_wconf 77' lang='grc' dir='ltr'><strong>τοῖς</strong></span> 
     </span>
     <span class='ocr_line' id='line_1_29' title="bbox 297 3035 1384 3104; baseline 0.003 -18"><span class='ocrx_word' id='word_1_250' title='bbox 297 3037 353 3087; x_wconf 78' lang='lat' dir='ltr'><strong>isa.</strong></span> <span class='ocrx_word' id='word_1_251' title='bbox 381 3037 414 3088; x_wconf 88' lang='lat' dir='ltr'><strong>de</strong></span> <span class='ocrx_word' id='word_1_252' title='bbox 442 3039 583 3089; x_wconf 82' lang='lat' dir='ltr'><strong>Cicerone:</strong></span> <span class='ocrx_word' id='word_1_253' title='bbox 610 3039 700 3090; x_wconf 72' lang='lat' dir='ltr'><strong>Amant</strong></span> <span class='ocrx_word' id='word_1_254' title='bbox 723 3041 821 3104; x_wconf 68' lang='lat' dir='ltr'><strong>alodios</strong></span> <span class='ocrx_word' id='word_1_255' title='bbox 857 3035 987 3103; x_wconf 74' lang='grc' dir='ltr'><em>στόμασι</em></span> <span class='ocrx_word' id='word_1_256' title='bbox 1003 3035 1060 3090; x_wconf 78' lang='grc' dir='ltr'><strong>τῶν</strong></span> <span class='ocrx_word' id='word_1_257' title='bbox 1070 3035 1213 3104; x_wconf 75' lang='grc' dir='ltr'><strong><em>ἐμβόλων.</em></strong></span> <span class='ocrx_word' id='word_1_258' title='bbox 1229 3067 1257 3076; x_wconf 99' lang='grc'>-</span> <span class='ocrx_word' id='word_1_259' title='bbox 1268 3042 1384 3104; x_wconf 78' lang='lat' dir='ltr'><strong>praui--</strong></span> 
     </span>
     <span class='ocr_line' id='line_1_30' title="bbox 293 3113 1383 3179; baseline 0.005 -17"><span class='ocrx_word' id='word_1_260' title='bbox 293 3113 375 3174; x_wconf 80' lang='lat' dir='ltr'><strong>potuit</strong></span> <span class='ocrx_word' id='word_1_261' title='bbox 390 3117 556 3174; x_wconf 71' lang='lat' dir='ltr'><strong>conamwo,</strong></span> <span class='ocrx_word' id='word_1_262' title='bbox 579 3113 653 3164; x_wconf 80' lang='lat' dir='ltr'><strong>sisic</strong></span> <span class='ocrx_word' id='word_1_263' title='bbox 670 3114 761 3164; x_wconf 81' lang='lat' dir='ltr'><strong>omnio</strong></span> <span class='ocrx_word' id='word_1_264' title='bbox 780 3115 821 3164; x_wconf 78' lang='lat' dir='ltr'><strong>dt·</strong></span> <span class='ocrx_word' id='word_1_265' title='bbox 853 3113 976 3179; x_wconf 68' lang='lat' dir='ltr'><strong>petowe]</strong></span> <span class='ocrx_word' id='word_1_266' title='bbox 999 3113 1034 3163; x_wconf 89' lang='lat' dir='ltr'><strong>ob</strong></span> <span class='ocrx_word' id='word_1_267' title='bbox 1051 3115 1137 3178; x_wconf 87' lang='lat' dir='ltr'><strong>ipsam</strong></span> <span class='ocrx_word' id='word_1_268' title='bbox 1155 3116 1265 3166; x_wconf 84' lang='lat' dir='ltr'><strong>navium</strong></span> <span class='ocrx_word' id='word_1_269' title='bbox 1281 3117 1383 3179; x_wconf 76' lang='lat' dir='ltr'><strong>magni·</strong></span> 
     </span>
     <span class='ocr_line' id='line_1_31' title="bbox 295 3187 1383 3254; baseline 0.003 -17"><span class='ocrx_word' id='word_1_270' title='bbox 295 3188 379 3237; x_wconf 65' lang='lat' dir='ltr'><strong>mmet.</strong></span> <span class='ocrx_word' id='word_1_271' title='bbox 399 3187 479 3238; x_wconf 86' lang='lat' dir='ltr'><strong>Tacit.</strong></span> <span class='ocrx_word' id='word_1_272' title='bbox 493 3191 560 3239; x_wconf 80' lang='lat' dir='ltr'><strong>Ano.</strong></span> <span class='ocrx_word' id='word_1_273' title='bbox 574 3189 603 3249; x_wconf 71' lang='lat' dir='ltr'><strong>i,</strong></span> <span class='ocrx_word' id='word_1_274' title='bbox 624 3188 669 3239; x_wconf 79' lang='lat' dir='ltr'><strong>at:</strong></span> <span class='ocrx_word' id='word_1_275' title='bbox 688 3203 759 3239; x_wconf 82' lang='lat' dir='ltr'><strong>nec·</strong></span> <span class='ocrx_word' id='word_1_276' title='bbox 771 3191 821 3239; x_wconf 87' lang='lat' dir='ltr'><strong>tlr-</strong></span> <span class='ocrx_word' id='word_1_277' title='bbox 857 3187 986 3238; x_wconf 88' lang='lat' dir='ltr'><strong>tudinem.</strong></span> <span class='ocrx_word' id='word_1_278' title='bbox 1008 3215 1034 3224; x_wconf 94' lang='lat'>-</span> <span class='ocrx_word' id='word_1_279' title='bbox 1053 3188 1171 3252; x_wconf 66' lang='lat' dir='ltr'><strong>taam]</strong></span> <span class='ocrx_word' id='word_1_280' title='bbox 1191 3188 1277 3248; x_wconf 78' lang='lat' dir='ltr'><strong>«Quid</strong></span> <span class='ocrx_word' id='word_1_281' title='bbox 1300 3189 1383 3254; x_wconf 89' lang='lat' dir='ltr'><strong>prod-</strong></span> 
     </span>
     <span class='ocr_line' id='line_1_32' title="bbox 295 3261 1383 3328; baseline 0 -14"><span class='ocrx_word' id='word_1_282' title='bbox 295 3264 403 3328; x_wconf 79' lang='lat' dir='ltr'><strong>pulania</strong></span> <span class='ocrx_word' id='word_1_283' title='bbox 413 3263 602 3327; x_wconf 71' lang='lat' dir='ltr'><strong>ootenperout&#39;t,</strong></span> <span class='ocrx_word' id='word_1_284' title='bbox 615 3266 822 3316; x_wconf 72' lang='lat' dir='ltr'><strong>incommens-</strong></span> <span class='ocrx_word' id='word_1_285' title='bbox 858 3263 900 3312; x_wconf 91' lang='lat' dir='ltr'><strong>est</strong></span> <span class='ocrx_word' id='word_1_286' title='bbox 924 3263 1021 3312; x_wconf 85' lang='lat' dir='ltr'><strong>armari</strong></span> <span class='ocrx_word' id='word_1_287' title='bbox 1049 3261 1162 3314; x_wconf 84' lang='lat' dir='ltr'><strong>classem</strong></span> <span class='ocrx_word' id='word_1_288' title='bbox 1183 3263 1218 3313; x_wconf 84' lang='lat' dir='ltr'><strong>ab</strong></span> <span class='ocrx_word' id='word_1_289' title='bbox 1242 3263 1383 3315; x_wconf 81' lang='lat' dir='ltr'><strong>Octauiano</strong></span> 
     </span>
     <span class='ocr_line' id='line_1_33' title="bbox 296 3335 1381 3403; baseline -0.002 -15"><span class='ocrx_word' id='word_1_290' title='bbox 296 3339 363 3389; x_wconf 63' lang='lat' dir='ltr'><strong>satu</strong></span> <span class='ocrx_word' id='word_1_291' title='bbox 381 3345 463 3401; x_wconf 81' lang='lat' dir='ltr'><strong>spreto</strong></span> <span class='ocrx_word' id='word_1_292' title='bbox 486 3341 571 3390; x_wconf 81' lang='lat' dir='ltr'><strong>Pisone</strong></span> <span class='ocrx_word' id='word_1_293' title='bbox 595 3339 665 3403; x_wconf 68' lang='lat' dir='ltr'><strong>(nihil</strong></span> <span class='ocrx_word' id='word_1_294' title='bbox 689 3353 752 3390; x_wconf 89' lang='lat' dir='ltr'><strong>eum</strong></span> <span class='ocrx_word' id='word_1_295' title='bbox 772 3354 821 3390; x_wconf 87' lang='lat' dir='ltr'><strong>cn·</strong></span> <span class='ocrx_word' id='word_1_296' title='bbox 858 3335 1098 3399; x_wconf 55' lang='lat' dir='ltr'><strong>continuativas,</strong></span> <span class='ocrx_word' id='word_1_297' title='bbox 1117 3348 1186 3400; x_wconf 93' lang='lat' dir='ltr'><strong>quos</strong></span> <span class='ocrx_word' id='word_1_298' title='bbox 1198 3339 1381 3388; x_wconf 82' lang='lat' dir='ltr'><strong>armavitsex.</strong></span> 
     </span>
     <span class='ocr_line' id='line_1_34' title="bbox 297 3409 1383 3475; baseline 0 -13"><span class='ocrx_word' id='word_1_299' title='bbox 297 3413 367 3474; x_wconf 78' lang='lat' dir='ltr'><strong>ranst</strong></span> <span class='ocrx_word' id='word_1_300' title='bbox 383 3419 479 3464; x_wconf 57' lang='lat' dir='ltr'><strong>vectam</strong></span> <span class='ocrx_word' id='word_1_301' title='bbox 491 3417 627 3465; x_wconf 81' lang='lat' dir='ltr'><strong>Gssnrraus.</strong></span> <span class='ocrx_word' id='word_1_302' title='bbox 647 3413 821 3466; x_wconf 78' lang='lat' dir='ltr'><strong>Aliametiam</strong></span> <span class='ocrx_word' id='word_1_303' title='bbox 857 3411 1013 3475; x_wconf 83' lang='lat' dir='ltr'><strong>Pompeius,</strong></span> <span class='ocrx_word' id='word_1_304' title='bbox 1033 3411 1055 3461; x_wconf 92' lang='lat' dir='ltr'><strong>si</strong></span> <span class='ocrx_word' id='word_1_305' title='bbox 1074 3410 1185 3470; x_wconf 84' lang='lat' dir='ltr'><strong>Vedius,</strong></span> <span class='ocrx_word' id='word_1_306' title='bbox 1204 3409 1268 3462; x_wconf 88' lang='lat' dir='ltr'><strong>olim</strong></span> <span class='ocrx_word' id='word_1_307' title='bbox 1288 3423 1383 3462; x_wconf 79' lang='lat' dir='ltr'><strong>seruus</strong></span> 
     </span>
     <span class='ocr_line' id='line_1_35' title="bbox 297 3483 1383 3554; baseline -0.002 -16"><span class='ocrx_word' id='word_1_308' title='bbox 297 3499 411 3551; x_wconf 88' lang='lat' dir='ltr'><strong>eamque</strong></span> <span class='ocrx_word' id='word_1_309' title='bbox 442 3487 631 3553; x_wconf 86' lang='lat' dir='ltr'><strong>simpliciorem</strong></span> <span class='ocrx_word' id='word_1_310' title='bbox 662 3490 822 3554; x_wconf 89' lang='lat' dir='ltr'><strong>interpreta—</strong></span> <span class='ocrx_word' id='word_1_311' title='bbox 857 3498 889 3536; x_wconf 91' lang='lat' dir='ltr'><strong>ao</strong></span> <span class='ocrx_word' id='word_1_312' title='bbox 907 3483 988 3546; x_wconf 81' lang='lat' dir='ltr'><strong>latro.</strong></span> <span class='ocrx_word' id='word_1_313' title='bbox 1012 3483 1135 3536; x_wconf 77' lang='lat' dir='ltr'><strong>tribmus</strong></span> <span class='ocrx_word' id='word_1_314' title='bbox 1153 3498 1224 3537; x_wconf 88' lang='lat' dir='ltr'><strong>nuuc</strong></span> <span class='ocrx_word' id='word_1_315' title='bbox 1241 3485 1328 3538; x_wconf 83' lang='lat' dir='ltr'><strong>iactus</strong></span> <span class='ocrx_word' id='word_1_316' title='bbox 1343 3489 1383 3536; x_wconf 83' lang='lat' dir='ltr'><strong>est</strong></span> 
     </span>
     <span class='ocr_line' id='line_1_36' title="bbox 296 3556 1381 3627; baseline 0.001 -19"><span class='ocrx_word' id='word_1_317' title='bbox 296 3563 395 3612; x_wconf 81' lang='lat' dir='ltr'><strong>tionem</strong></span> <span class='ocrx_word' id='word_1_318' title='bbox 413 3563 496 3614; x_wconf 73' lang='lat' dir='ltr'><strong>verba</strong></span> <span class='ocrx_word' id='word_1_319' title='bbox 514 3565 607 3614; x_wconf 68' lang='lat' dir='ltr'><strong>ottone</strong></span> <span class='ocrx_word' id='word_1_320' title='bbox 622 3569 760 3627; x_wconf 71' lang='grc' dir='ltr'><strong>ωηιοηιρω</strong></span> <span class='ocrx_word' id='word_1_321' title='bbox 776 3564 821 3614; x_wconf 74' lang='lat' dir='ltr'><strong>ad·</strong></span> <span class='ocrx_word' id='word_1_322' title='bbox 858 3557 970 3610; x_wconf 88' lang='lat' dir='ltr'><strong>militum</strong></span> <span class='ocrx_word' id='word_1_323' title='bbox 998 3560 1026 3608; x_wconf 87' lang='lat' dir='ltr'><strong>et</strong></span> <span class='ocrx_word' id='word_1_324' title='bbox 1059 3556 1154 3612; x_wconf 85' lang='lat' dir='ltr'><strong>classis</strong></span> <span class='ocrx_word' id='word_1_325' title='bbox 1186 3559 1381 3624; x_wconf 78' lang='lat' dir='ltr'><strong>praefectust·</strong></span> 
     </span>
     <span class='ocr_line' id='line_1_37' title="bbox 296 3631 1382 3700; baseline 0.006 -14"><span class='ocrx_word' id='word_1_326' title='bbox 296 3637 412 3696; x_wconf 80' lang='lat' dir='ltr'><strong>mittunt,</strong></span> <span class='ocrx_word' id='word_1_327' title='bbox 427 3643 507 3690; x_wconf 68' lang='lat' dir='ltr'><strong>«aaz</strong></span> <span class='ocrx_word' id='word_1_328' title='bbox 519 3640 574 3689; x_wconf 71' lang='lat' dir='ltr'><strong>nan</strong></span> <span class='ocrx_word' id='word_1_329' title='bbox 585 3641 671 3690; x_wconf 73' lang='lat' dir='ltr'><strong>aeson</strong></span> <span class='ocrx_word' id='word_1_330' title='bbox 682 3640 819 3700; x_wconf 60' lang='lat' dir='ltr'><strong>pronon,</strong></span> <span class='ocrx_word' id='word_1_331' title='bbox 857 3636 949 3684; x_wconf 82' lang='lat' dir='ltr'><strong>senon.</strong></span> <span class='ocrx_word' id='word_1_332' title='bbox 980 3631 1072 3683; x_wconf 80' lang='lat' dir='ltr'><strong>Florus</strong></span> <span class='ocrx_word' id='word_1_333' title='bbox 1090 3632 1119 3693; x_wconf 82' lang='lat' dir='ltr'><strong>t,</strong></span> <span class='ocrx_word' id='word_1_334' title='bbox 1132 3633 1157 3692; x_wconf 86' lang='lat'><strong>8.</strong></span> <span class='ocrx_word' id='word_1_335' title='bbox 1170 3634 1200 3683; x_wconf 75' lang='lat'><strong>2:</strong></span> <span class='ocrx_word' id='word_1_336' title='bbox 1220 3635 1288 3697; x_wconf 74' lang='lat' dir='ltr'><strong>(sex.</strong></span> <span class='ocrx_word' id='word_1_337' title='bbox 1303 3635 1382 3686; x_wconf 80' lang='lat' dir='ltr'><strong>Pom·</strong></span> 
     </span>
     <span class='ocr_line' id='line_1_38' title="bbox 297 3708 1380 3778; baseline 0.006 -21"><span class='ocrx_word' id='word_1_338' title='bbox 297 3708 343 3758; x_wconf 81' lang='lat' dir='ltr'><strong>nbi</strong></span> <span class='ocrx_word' id='word_1_339' title='bbox 353 3709 483 3770; x_wconf 75' lang='lat' dir='ltr'><strong>(iuvenale</strong></span> <span class='ocrx_word' id='word_1_340' title='bbox 493 3714 819 3778; x_wconf 53' lang='lat' dir='ltr'><strong>contemplamini-ist.)</strong></span> <span class='ocrx_word' id='word_1_341' title='bbox 856 3709 945 3772; x_wconf 77' lang='lat' dir='ltr'><strong>peius)</strong></span> <span class='ocrx_word' id='word_1_342' title='bbox 976 3708 1097 3770; x_wconf 68' lang='lat' dir='ltr'><strong>omnm</strong></span> <span class='ocrx_word' id='word_1_343' title='bbox 1123 3708 1235 3758; x_wconf 60' lang='lat' dir='ltr'><strong>dum</strong></span> <span class='ocrx_word' id='word_1_344' title='bbox 1257 3721 1275 3758; x_wconf 80' lang='lat' dir='ltr'><strong>a</strong></span> <span class='ocrx_word' id='word_1_345' title='bbox 1291 3713 1380 3772; x_wconf 78' lang='lat' dir='ltr'><strong>patre!</strong></span> 
     </span>
     <span class='ocr_line' id='line_1_39' title="bbox 297 3783 1381 3852; baseline 0.003 -21"><span class='ocrx_word' id='word_1_346' title='bbox 297 3783 436 3844; x_wconf 81' lang='lat' dir='ltr'><strong>statueris,</strong></span> <span class='ocrx_word' id='word_1_347' title='bbox 464 3783 521 3850; x_wconf 82' lang='lat' dir='ltr'><strong>lege</strong></span> <span class='ocrx_word' id='word_1_348' title='bbox 548 3788 640 3838; x_wconf 84' lang='lat' dir='ltr'><strong>lioseia</strong></span> <span class='ocrx_word' id='word_1_349' title='bbox 664 3787 690 3837; x_wconf 86' lang='lat' dir='ltr'><strong>id</strong></span> <span class='ocrx_word' id='word_1_350' title='bbox 711 3801 819 3852; x_wconf 88' lang='lat' dir='ltr'><strong>quoque</strong></span> <span class='ocrx_word' id='word_1_351' title='bbox 857 3783 899 3833; x_wconf 84' lang='lat' dir='ltr'><strong>ills</strong></span> <span class='ocrx_word' id='word_1_352' title='bbox 924 3783 1015 3832; x_wconf 71' lang='lat' dir='ltr'><strong>etitem</strong></span> <span class='ocrx_word' id='word_1_353' title='bbox 1039 3783 1209 3834; x_wconf 63' lang='lat' dir='ltr'><strong>mimae</strong></span> <span class='ocrx_word' id='word_1_354' title='bbox 1238 3783 1277 3833; x_wconf 79' lang='lat' dir='ltr'><strong>tic</strong></span> <span class='ocrx_word' id='word_1_355' title='bbox 1301 3797 1381 3835; x_wconf 71' lang='lat' dir='ltr'><strong>mm</strong></span> 
     </span>
     <span class='ocr_line' id='line_1_40' title="bbox 297 3855 1383 3924; baseline 0.005 -16"><span class='ocrx_word' id='word_1_356' title='bbox 297 3859 405 3908; x_wconf 89' lang='lat' dir='ltr'><strong>cautum</strong></span> <span class='ocrx_word' id='word_1_357' title='bbox 418 3858 511 3920; x_wconf 78' lang='lat' dir='ltr'><strong>titisse,</strong></span> <span class='ocrx_word' id='word_1_358' title='bbox 526 3863 688 3912; x_wconf 74' lang='lat' dir='ltr'><strong>uncinlllv.</strong></span> <span class='ocrx_word' id='word_1_359' title='bbox 702 3862 818 3924; x_wconf 79' lang='lat' dir='ltr'><strong>sederet,</strong></span> <span class='ocrx_word' id='word_1_360' title='bbox 854 3857 955 3919; x_wconf 67' lang='lat' dir='ltr'><strong>viratas</strong></span> <span class='ocrx_word' id='word_1_361' title='bbox 970 3855 1074 3908; x_wconf 68' lang='lat' dir='ltr'><strong>malet</strong></span> <span class='ocrx_word' id='word_1_362' title='bbox 1090 3855 1213 3921; x_wconf 64' lang='lat' dir='ltr'><strong>stellabat.</strong></span> <span class='ocrx_word' id='word_1_363' title='bbox 1243 3856 1383 3908; x_wconf 67' lang='lat' dir='ltr'><strong>nodoso·</strong></span> 
     </span>
     <span class='ocr_line' id='line_1_41' title="bbox 297 3929 1379 3999; baseline 0.008 -18"><span class='ocrx_word' id='word_1_364' title='bbox 297 3933 342 3996; x_wconf 94' lang='lat' dir='ltr'><strong>qui</strong></span> <span class='ocrx_word' id='word_1_365' title='bbox 368 3945 455 3996; x_wconf 88' lang='lat' dir='ltr'><strong>nequo</strong></span> <span class='ocrx_word' id='word_1_366' title='bbox 483 3935 611 3996; x_wconf 82' lang='lat' dir='ltr'><strong>ingenuus</strong></span> <span class='ocrx_word' id='word_1_367' title='bbox 637 3948 725 3999; x_wconf 89' lang='lat' dir='ltr'><strong>neque</strong></span> <span class='ocrx_word' id='word_1_368' title='bbox 754 3939 819 3988; x_wconf 89' lang='lat' dir='ltr'><strong>civis</strong></span> <span class='ocrx_word' id='word_1_369' title='bbox 857 3929 919 3980; x_wconf 72' lang='lat' dir='ltr'><strong>dem</strong></span> <span class='ocrx_word' id='word_1_370' title='bbox 948 3931 1045 3982; x_wconf 65' lang='lat' dir='ltr'><strong>[1¹⁰8ss-</strong></span> <span class='ocrx_word' id='word_1_371' title='bbox 1066 3931 1092 3990; x_wconf 66' lang='lat' dir='ltr'><strong>l,</strong></span> <span class='ocrx_word' id='word_1_372' title='bbox 1121 3930 1164 3982; x_wconf 64' lang='lat'><strong>432</strong></span> <span class='ocrx_word' id='word_1_373' title='bbox 1195 3932 1296 3983; x_wconf 60' lang='lat' dir='ltr'><strong>mllio</strong></span> <span class='ocrx_word' id='word_1_374' title='bbox 1320 3931 1379 3982; x_wconf 60' lang='grc' dir='ltr'><strong>ΝΜ</strong></span> 
     </span>
     <span class='ocr_line' id='line_1_42' title="bbox 297 4003 1005 4072; baseline 0.007 -16"><span class='ocrx_word' id='word_1_375' title='bbox 297 4009 370 4059; x_wconf 82' lang='lat' dir='ltr'><strong>esset</strong></span> <span class='ocrx_word' id='word_1_376' title='bbox 381 4010 527 4068; x_wconf 79' lang='lat' dir='ltr'><strong>Romanus,</strong></span> <span class='ocrx_word' id='word_1_377' title='bbox 548 4010 591 4072; x_wconf 90' lang='lat' dir='ltr'><strong>qui</strong></span> <span class='ocrx_word' id='word_1_378' title='bbox 605 4009 700 4058; x_wconf 81' lang='lat' dir='ltr'><strong>iudicio</strong></span> <span class='ocrx_word' id='word_1_379' title='bbox 712 4008 819 4071; x_wconf 86' lang='lat' dir='ltr'><strong>publico</strong></span> <span class='ocrx_word' id='word_1_380' title='bbox 856 4003 901 4054; x_wconf 69' lang='lat' dir='ltr'><strong>Stil</strong></span> <span class='ocrx_word' id='word_1_381' title='bbox 917 4005 1005 4056; x_wconf 71' lang='lat' dir='ltr'><strong>14th-</strong></span> 
     </span>
    </p>
   </div>
   <div class='ocr_carea' id='block_1_7' title="bbox 728 4253 944 4275">
    <p class='ocr_par' dir='ltr' id='par_1_7' title="bbox 728 4253 944 4275">
     <span class='ocr_line' id='line_1_43' title="bbox 728 4253 944 4275; baseline 0.023 -15"><span class='ocrx_word' id='word_1_382' title='bbox 728 4253 944 4275; x_wconf 52' lang='lat' dir='ltr'><strong>m‘fi&#39;ss&#39;ss‘.</strong></span> 
     </span>
    </p>
   </div>
   <div class='ocr_carea' id='block_1_8' title="bbox 0 0 1548 4978">
    <p class='ocr_par' dir='ltr' id='par_1_8' title="bbox 0 0 1548 4978">
     <span class='ocr_line' id='line_1_44' title="bbox 0 0 1548 4978; baseline 0 0"><span class='ocrx_word' id='word_1_383' title='bbox 0 0 1548 4978; x_wconf 95' lang='lat' dir='ltr'><strong> </strong></span> 
     </span>
    </p>
   </div>
  </div>
 </body>
</html>
