3078 4978
623 471 627 478 ι
708 408 835 460 uocari]
854 409 982 462 EPODON

652 863 887 927 cm
917 867 1053 930 RVH·

431 1037 498 1102 4444
520 1037 582 1101 iam
605 1032 727 1100 efficaci
750 1033 793 1100 do
816 1055 930 1100 manus
952 1035 1122 1110 scientiae,

431 1157 574 1245 Supplex
596 1165 628 1223 et
649 1176 707 1221 oro
730 1177 831 1242 regna
852 1176 912 1242 per
933 1157 1162 1244 Proserpinae,

429 1283 493 1348 Per
514 1289 546 1346 et
567 1279 689 1344 Dianae
711 1297 775 1342 non
797 1276 957 1342 movenda
979 1278 1128 1354 numina,

430 1404 494 1468 Per
515 1410 612 1488 atque
635 1397 735 1465 libros
758 1397 936 1464 carminum
958 1397 1132 1464 valentium

368 1589 443 1640 iiiiii.
471 1589 552 1650 lusor.
571 1585 640 1650 voig.
667 1586 705 1636 444
721 1585 861 1636 Canidiam.
891 1609 919 1620 -
949 1585 1033 1649 Ftnpit
1057 1599 1083 1636 aa
1099 1586 1222 1638 Canidiae
1237 1590 1363 1654 4444444444

336 1670 492 1728 opacam
511 1663 657 1726 aiieporieos
673 1662 822 1724 deprecatur
840 1663 869 1710 ct
885 1658 931 1708 cibi
943 1665 1037 1721 porcat
1053 1659 1098 1710 Bo.
1119 1687 1146 1697 -
1166 1661 1224 1711 om.
1242 1664 1273 1712 T.
1306 1665 1361 1725 (vv.

336 1741 406 1790 4-44
423 1741 451 1790 44
467 1740 487 1789 B
504 1736 619 1798 desunt.)

335 1907 412 1958 xvii.
442 1908 542 1958 Rursus
567 1903 711 1956 salsissime
736 1904 828 1955 irridet
862 1903 1063 1965 cumcontra,
1089 1904 1124 1954 444
1145 1909 1292 1956 cetrarium
1312 1909 1393 1956 actem

302 1981 440 2033 Canidiam
459 1979 618 2044 (Gratidiam)
637 1991 729 2042 sagam
746 1981 826 2040 atque
862 1991 954 2027 444444
982 1979 1082 2028 44444444.
1116 2007 1144 2016 -
1171 1993 1223 2030 ooo
1250 1981 1391 2042 44444444]

302 2059 390 2107 semet
411 2057 499 2119 ipsum
522 2053 624 2104 artibus
642 2054 699 2103 eius
717 2053 829 2115 magicis
864 2065 938 2102 «non
963 2050 1095 2103 laedenda
1120 2065 1208 2117 neque
1237 2055 1390 2114 4444444444,

302 2132 415 2194 petitum
433 2132 460 2180 et
475 2130 562 2179 saevis
575 2126 781 2178 cruciatibusah
795 2140 826 2176 ea
864 2121 1003 2190 ἀκίνητα,
1030 2125 1200 2178 translatione
1227 2127 1262 2179 ab
1291 2131 1323 2180 iis
1346 2129 1392 2179 de-

302 2205 429 2255 affectum
454 2203 571 2266 tingens,
599 2206 628 2253 ut
644 2201 694 2252 sibi
712 2203 765 2251 iam
783 2213 827 2251 sa·
864 2201 984 2264 sumpta,
1011 2202 1056 2263 qui
1074 2200 1185 2265 profano
1207 2202 1292 2254 modo
1311 2204 1392 2254 simu-

301 2279 335 2329 tis
352 2279 502 2363 perdomito
519 2277 746 2341 tandemparoat‚
765 2286 827 2338 sup-
864 2273 935 2324 14444
952 2273 1064 2324 deorum
1082 2273 1142 2326 ioco
1160 2288 1210 2327 suo
1228 2281 1342 2328 movent
1352 2275 1392 2327 uei

302 2351 363 2416 piex
391 2353 525 2402 inimicam
553 2353 611 2401 orat
640 2353 666 2400 et
692 2348 824 2399 obsecrat.
864 2349 945 2399 etiam
954 2349 1089 2399 deruerunt
1105 2349 1201 2412 (schol.
1208 2349 1273 2401 Plat.
1283 2353 1390 2402 4444444.

302 2425 412 2489 Reliqua
424 2439 549 2477 carminis
561 2438 642 2476 scena
653 2439 703 2490 per
715 2437 744 2475 44
756 2423 826 2474 clara
864 2437 923 2489 pag.
946 2422 1047 2484 acob,
1070 2422 1115 2474 44;
1143 2416 1189 2474 ὅτι
1212 2420 1255 2490 μὴ
1276 2424 1325 2476 cer
1343 2419 1391 2491 ἕδη

303 2501 352 2550 est.
387 2502 468 2550 Recte
484 2504 575 2549 autem
586 2497 828 2561 Doeringiusreiu-
863 2495 937 2584 μηδὲ
952 2492 1073 2562 βωμοὺς
1089 2492 1216 2564 444444νῆ
1236 2493 1393 2564 admoveri*

301 2576 367 2625 tavit
383 2572 632 2633 Mitscheriichium‚
661 2574 705 2635 qui
727 2573 827 2622 Varum
852 2563 959 2642 *iipovp
962 2571 1014 2636 )-
1029 2573 1186 2636 Proserpina
1199 2575 1227 2622 44
1237 2574 1323 2625 Diana
1336 2575 1392 2658 (444-

303 2647 396 2713 (Epod
417 2647 451 2711 44.)
475 2648 518 2698 hic
543 2646 615 2710 loqui
641 2648 763 2711 opinatus
787 2648 828 2696 est
864 2647 931 2709 44444
943 2647 1112 2711 potissimum
1125 2651 1321 2709 memorantur,
1334 2649 1391 2712 quia

301 2735 388 2787 usque
411 2722 552 2773 441444.
584 2721 825 2784 «nNammnquit,
864 2722 926 2772 sunt
946 2721 1055 2771 numina
1076 2720 1226 2771 interorum
1249 2735 1283 2772 ao
1303 2735 1391 2786 maga-

303 2800 348 2847 444
372 2795 435 2846 nihii
461 2795 495 2846 de
514 2810 541 2846 v.
563 2795 610 2846 39:
639 2797 690 2845 sive
713 2795 827 2844 mendaci
864 2808 939 2856 rum,
958 2794 1031 2844 unde
1049 2798 1193 2858 praeerant
1209 2797 1295 2848 sacris
1313 2797 1391 2860 magi-

301 2872 360 2933 ipra
380 2871 447 2921 Voles
462 2871 549 2921 conari
565 2870 666 2932 dicam,
692 2869 827 2934 quomodo
864 2869 911 2919 444.
948 2869 1001 2919 Cir.
1021 2869 1101 2920 etiam
1118 2868 1261 2920 natet.
1281 2873 1391 2930 -Quo-

302 2943 429 2996 ridiculus
441 2943 484 2995 4444
496 2958 579 2996 senex
589 2945 674 2995 Vama
683 2958 725 2994 vv.
736 2943 825 2994 44-44.
864 2942 945 2994 modo
962 2943 1072 2995 Bothius
1089 2944 1117 2992 44
1133 2945 1180 2994 Per
1190 2949 1267 3007 atque
1278 2946 1389 2997 haerere

302 3033 331 3071 se
349 3031 411 3069 cum
429 3018 580 3069 stesichoro
603 3031 758 3083 comparare
777 3031 828 3081 po·
865 3020 892 3068 et
915 3019 962 3068 Per
987 3022 1058 3078 44444
1082 3030 1234 3082 proponere
1259 3020 1388 3083 potuerit,

302 3094 386 3144 tutu»
399 3094 451 3142 cet.
466 3093 605 3142 «Omnium
618 3092 767 3156 epodorum
778 3106 828 3142 no·
864 3093 909 3141 vix
925 3090 1085 3155 intelligitur.
1101 3118 1128 3128 —
1141 3093 1297 3155 4444444444]
1316 3091 1386 3144 Ouid.

302 3168 426 3218 vissimus
444 3166 508 3215 mihi
530 3165 636 3215 videtur
658 3179 732 3226 4444,
760 3167 828 3218 scri-
864 3168 923 3216 Am.
937 3167 967 3227 4,
987 3166 1015 3227 4,
1034 3165 1080 3215 434
1100 3165 1222 3216 Camino
1237 3168 1389 3232 aonpuiaece

301 3243 362 3306 ptus
374 3253 398 3289 a.
417 3239 523 3289 circiter
540 3238 614 3290 444.»
633 3240 741 3289 Faunae.
759 3242 827 3290 item
864 3241 988 3290 4444444444
1003 3251 1102 3289 amnuo
1121 3240 1208 3290 Lunae
1222 3241 1256 3291 Et
1271 3245 1388 3292 reuocant

301 3313 478 3366 Waleirenaer
504 3315 525 3365 1.
554 3327 581 3378 p.
609 3315 673 3365 ⁴68:
703 3313 826 3364 4444444444.
863 3315 947 3364 4444444
963 3314 1029 3364 Solia
1044 3315 1124 3364 coetu
1140 3327 1223 3376 equos.
1245 3314 1386 3381 -1444444

302 3391 370 3439 Sane
397 3389 471 3453 prius
493 3389 656 3452 compositus
677 3390 718 3438 est
743 3388 825 3453 Epod.
864 3389 930 3438 Sunt
959 3388 1036 3450 quasi
1059 3387 1127 3438 fixae
1149 3389 1176 3438 44
1205 3387 1280 3440 44444
1298 3388 1386 3441 stellae

301 3465 326 3514 4.
345 3467 373 3513 44
393 3465 490 3524 Sati,
508 3463 532 3514 8.
553 3460 827 3526 (GrotetendetWal-
864 3460 1069 3526 (Ρ444.44.Ν.4,
1089 3462 1117 3511 8:
1144 3463 1249 3525 8444444,
1267 3463 1387 3527 444444-

303 3539 419 3588 44444444
436 3538 543 3600 auia,
563 3537 692 3588 iiirehner
712 3550 737 3586 a.
756 3538 825 3599 444,
860 3538 918 3600 fleo
938 3535 1049 3586 (44444444
1067 3535 1204 3600 mundo.);
1234 3537 1387 3589 devocando

301 3612 439 3662 weicheri
461 3624 485 3661 a.
505 3611 562 3662 449.
598 3612 714 3676 Tempus
739 3611 827 3676 ipsum
863 3611 942 3674 igitur
951 3613 1106 3675 reliquantur,
1126 3611 1244 3662 efficiunt
1254 3615 1387 3675 sagae,ut

301 3686 394 3748 utique
411 3686 544 3736 incertum
561 3685 621 3750 est.)
863 3685 990 3736 decidant
1012 3684 1047 3736 de
1071 3683 1153 3735 caeto.
1183 3687 1254 3748 virg.
1273 3689 1339 3737 444.
1356 3689 1384 3746 5,

334 3760 390 3809 4-5.
409 3761 440 3808 iio
456 3760 554 3825 444444]
572 3761 643 3812 Dant
659 3772 754 3811 manus
766 3772 828 3823 pro-
863 3761 925 3811 tti:
953 3760 1022 3810 caeto
1044 3773 1089 3810 eeu
1104 3774 1178 3824 coepe
1192 3763 1277 3826 relico
1297 3761 1387 3811 14444·

300 3835 372 3900 prio,
391 3833 436 3896 qui
453 3845 622 3886 manuasuas
637 3835 731 3886 victori
747 3847 827 3899 prae·
862 3840 969 3885 eumont
993 3836 1137 3897 4444444444
1165 3835 1279 3885 catania
1306 3835 1386 3886 eidem

301 3906 554 3966 percunctandum
574 3908 635 3958 hino
653 3911 695 3960 est
712 3909 827 3959 «cedere
864 3911 966 3960 4444444.
993 3909 1162 3960 Deteriorem
1183 3909 1325 3960 lectionem
1345 3909 1387 3958 de-

303 3987 331 4036 et
347 3983 422 4036 fateri
440 3995 470 4033 ae
487 3983 640 4034 interiorem
653 3996 740 4034 ease.»
772 3983 825 4034 Cir.
862 3985 919 4048 4444
934 3983 980 4046 qui
998 3983 1166 4048 praeterunt,
1184 3984 1388 4047 interpretantur

303 4059 450 4121 4444444,
470 4056 548 4108 toti:
575 4058 642 4108 Dede
657 4070 765 4116 444444,Ι
783 4062 828 4108 ctat
864 4055 907 4108 vel
925 4057 1018 4108 «4444444
1040 4055 1147 4120 caeto,»
1165 4056 1206 4107 vei
1224 4053 1384 4122 «emaum.

301 4134 477 4197 4444444444,
490 4133 727 4196 mammonae.
741 4132 827 4182 Etiam
865 4132 1070 4184 incantamentis
1087 4131 1191 4196 ligata.»

302 4209 329 4259 in
349 4208 467 4272 pedestri
488 4208 617 4259 oratione,
649 4206 703 4257 Cic.
723 4205 825 4259 441444.
898 4208 922 4258 6.
936 4209 961 4257 4.
978 4207 1200 4272 cadim-saeris]
1214 4202 1385 4258 «carminibus

302 4283 332 4340 4,
350 4283 395 4334 44;
414 4283 497 4335 metat
520 4283 592 4333 444444
604 4281 690 4344 444444
705 4293 766 4332 ecoe
784 4283 829 4332 iiic
866 4282 1037 4346 44444444»-
1049 4278 1384 4345 cuamwmaosoiooinite
