2986 4974
712 443 840 494 ltonlttl
858 443 1027 496 CARMINUM

496 600 639 688 Angulus
661 599 756 676 ridet,
781 598 836 666 ubi
859 620 923 666 non
945 600 1096 688 Hymetto

497 722 589 789 Mella
611 722 774 789 decedunt
795 721 955 808 viridique
976 729 1078 788 certat

623 845 709 910 Buca
734 842 886 922 Venulr03

496 1005 558 1070 Ver
579 1003 634 1070 ubi
656 1003 787 1091 longum
808 1001 1000 1090 tepidasque
1022 1002 1159 1090 praebet

494 1124 637 1212 luppiter
659 1124 807 1202 brumas,
838 1133 872 1190 et
893 1124 1016 1190 amicus
1036 1123 1139 1191 Aulon

492 1246 600 1314 Fertili
622 1245 749 1313 Baccho
772 1245 937 1312 minimum
958 1245 1102 1314 Falernis

389 1449 427 1499 l8.
447 1448 553 1498 mulctris
569 1448 599 1496 N.
613 1445 750 1506 Heinsius,
769 1443 965 1508 oprtettsBontl.
984 1447 1065 1506 coni,
1085 1443 1261 1508 «levissimnp
1278 1447 1367 1511 inquit,

357 1525 544 1575 mutatione.»
570 1550 598 1559 -
622 1522 663 1572 to.
688 1521 787 1572 Fertilis
808 1520 893 1588 b,yp‚
915 1521 989 1570 Serv.
1008 1519 1043 1569 nd
1066 1522 1132 1570 Aen.
1151 1520 1179 1570 3.
1198 1521 1265 1584 553,
1288 1521 1367 1571 Bentl.

356 1602 396 1663 tot
412 1611 474 1660 uos,
493 1597 579 1660 BSTd,
598 1599 665 1648 Pott.
684 1595 801 1660 novem.)
830 1623 858 1634 -
883 1595 989 1646 nimium
1006 1608 1136 1660 suprave
1155 1597 1320 1648 correctione
1336 1596 1367 1653 d;

354 1675 427 1726 idem
444 1687 580 1740 superscr.
599 1675 626 1723 in
642 1674 672 1724 B.

355 1842 444 1894 teti.
454 1842 612 1893 Necessario
620 1841 783 1904 iungendum
791 1853 844 1892 non
880 1840 963 1904 sorum
984 1839 1111 1891 Fatorum?
1137 1841 1204 1901 quod
1224 1840 1305 1891 otcwrr
1323 1841 1397 1890 Vero·

321 1930 405 1967 mones
423 1922 565 1977 terrorum,
585 1915 634 1966 scd
645 1915 753 1978 appulso
764 1920 846 1965 tm·
880 1915 949 1980 troi)
968 1917 994 1966 et
1011 1914 1092 1966 Plinio
1105 1917 1148 1977 to,
1166 1916 1191 1965 Ξ.
1205 1917 1336 1980 optimum
1347 1917 1397 1965 eret

320 2005 393 2052 mm,
411 1992 440 2040 ut
451 1992 571 2055 Propert.
585 1989 610 2050 t,
628 1991 652 2051 9,
672 1989 716 2040 65τ
734 1989 846 2054 lupulto
882 1992 952 2041 inter
968 1991 1067 2041 omnia.

320 2065 360 2115 tic
384 2067 472 2134 munti
496 2078 563 2114 nunc
582 2078 623 2114 me
637 2077 695 2114 oreo
715 2065 772 2127 fato
788 2069 845 2113 tra-
915 2065 998 2116 leno.
1009 2065 1097 2130 Audon]
1108 2063 1398 2116 «Monscalubn'eeiux-

319 2140 415 2190 lentem
430 2140 539 2203 Accipit:
564 2140 626 2190 lucc
643 2140 707 2202 fesso
722 2139 769 2188 otto
784 2139 845 2188 mot
881 2143 908 2190 tu
935 2141 1080 2190 Tarentum
1111 2139 1184 2190 lerax
1209 2141 1301 2205 optimi
1326 2140 1397 2190 tini.»

319 2220 477 2277 terropatct.
497 2213 587 2266 Vellei.
601 2215 625 2276 2,
640 2215 700 2265 tos:
719 2215 747 2263 to
757 2215 845 2264 ultimo
882 2217 973 2265 Senon.
988 2215 1066 2271 Cruo.
1080 2212 1189 2266 llurtiel.
1201 2215 1245 2276 ⁴3,
1260 2215 1320 2264 tro:
1332 2213 1400 2264 Noti

319 2303 350 2339 oc
372 2291 536 2340 remotissimo
559 2294 688 2339 terrarum
710 2288 777 2338 ortis
795 2302 845 2337 uo·
881 2289 911 2338 tts
933 2293 957 2338 ct
978 2288 1043 2338 bots
1059 2293 1082 2338 ot
1103 2289 1201 2338 Boeoto
1220 2289 1311 2353 sutilis
1326 2289 1398 2340 Actor

318 2365 385 2428 puto.
412 2391 440 2400 -
464 2364 536 2426 ridet]
559 2365 651 2414 Artius
673 2362 708 2412 ad
731 2363 842 2413 Vestric.
881 2366 929 2414 Det
941 2364 1054 2426 pretioso
1070 2363 1114 2413 titt
1129 2364 1235 2424 oeltmc,
1257 2365 1392 2414 muttit.

319 2439 396 2502 Spur.
415 2450 442 2502 p.
462 2437 518 2488 itt.
538 2436 636 2488 mavolt
653 2438 749 2498 Mors,
767 2436 845 2487 vide·
881 2440 966 2489 Nemo
987 2440 1077 2488 tamen
1095 2439 1313 2503 Gcographorum
1332 2453 1398 2489 snos·

319 2510 381 2562 licet
397 2515 508 2576 propter
525 2513 656 2562 mctmml
678 2537 706 2548 -
721 2511 843 2577 Hporetto]
881 2517 930 2562 tem
951 2513 1071 2562 Arctoncm
1094 2513 1225 2573 nominnt3
1252 2517 1296 2565 est
1318 2516 1399 2579 potius

320 2585 390 2637 melli
420 2587 553 2648 Hymettio
586 2587 613 2636 in
644 2587 741 2648 Attico,
772 2587 845 2651 quod
882 2599 1006 2638 recessus
1034 2587 1189 2651 depressior
1214 2589 1331 2652 regionis
1356 2590 1399 2638 Te-
1478 2577 1479 2620 ³

319 2662 473 2711 etiamnunc
497 2659 648 2711 celebratur
670 2665 782 2726 propter
798 2675 846 2712 co·
882 2663 1002 2712 rentinne
1014 2675 1098 2726 propo
1111 2663 1244 2724 semrom,
1263 2662 1344 2714 hodie
1355 2665 1400 2714 lle

318 2734 405 2786 lorem
423 2733 514 2786 album
533 2737 560 2784 et
576 2747 711 2786 summum
729 2735 846 2788 dulcedi·
882 2738 937 2788 lonc
959 2734 1112 2800 (Romanelli
1138 2737 1313 2800 Topoprcpltto
1337 2740 1356 2789 l.
1376 2751 1398 2802 p.
1478 2773 1479 2778 κ

319 2823 391 2878 ιιειιχΙ
410 2806 462 2860 llel
478 2813 570 2860 eutem
587 2810 758 2862 Terentinum
776 2814 846 2877 opti-
881 2809 944 2862 sol:
971 2812 1033 2860 «sito
1050 2811 1179 2874 detizioso,
1202 2812 1297 2863 celebre
1312 2824 1400 2863 ancora

319 2897 395 2936 mum
421 2883 484 2936 dicit
509 2886 535 2935 in
564 2885 638 2936 ltolia
662 2887 747 2938 Varro
773 2888 846 2952 apud
877 2887 918 2948 pd
936 2885 991 2934 runt
1006 2885 1107 2950 vinis),
1126 2887 1171 2949 qni
1189 2889 1301 2951 propter
1316 2889 1400 2937 vinem

319 2961 437 3014 Macrob.
456 2960 509 3010 Set.
528 2961 557 3022 2,
579 2962 618 3011 ts.
633 2974 659 3025 p.
673 2961 730 3012 365.
750 2962 846 3013 hodie·
882 2973 945 3012 sues
970 2959 1066 3011 dieitur
1094 2961 1191 3010 emtores
1217 2975 1269 3012 csse
1296 2963 1399 3022 ltoocto,

319 3048 373 3100 quc
390 3035 517 3086 eximium
534 3039 589 3098 cst,
608 3038 637 3087 nt
652 3038 733 3088 ctiam
745 3036 843 3088 oleum.
882 3035 1028 3096 uBacclm,
1042 3032 1180 3085 fertilitatis
1192 3035 1296 3099 datore,
1314 3035 1399 3088 aman.

318 3111 424 3161 Terenti
433 3113 523 3161 utrum
532 3110 656 3162 habuerit
663 3111 753 3162 villam
761 3113 846 3177 Septi·
882 3111 946 3162 stat.
965 3108 1026 3160 silv.
1039 3110 1064 3170 Ξ,
1083 3111 1107 3170 2,
1127 3109 1158 3160 t:
1177 3111 1234 3174 Qum
1249 3111 1353 3162 Bromio
1366 3111 1401 3160 tt-

319 3187 401 3248 mius,
421 3189 451 3235 ut
468 3187 609 3250 opinantur
626 3185 756 3250 nonnulli,
779 3201 845 3239 nec-
880 3185 957 3236 lectus
973 3197 1035 3248 oper
1052 3185 1173 3248 collesque
1184 3199 1234 3248 per
1244 3187 1311 3238 altos
1323 3187 1402 3238 lli-itm

319 3275 366 3323 nc,
385 3275 435 3312 nos
453 3261 615 3324 ignoramus.
881 3265 905 3310 ot
925 3259 1003 3322 prelis
1024 3273 1076 3309 non
1097 3260 1191 3310 incidet
1211 3274 1264 3310 wc
1284 3261 1398 3312 Falernis.
1478 3313 1479 3316 ,

353 3337 393 3386 ltt.
412 3335 539 3400 decedunt]
557 3335 669 3386 Decedit
686 3338 793 3401 proprie
811 3337 842 3400 is,
882 3333 1008 3395 Siliusm,
1019 3335 1083 3384 526:
1101 3335 1225 3398 Allifanus
1234 3337 1324 3387 locello
1335 3335 1401 3387 linat

320 3410 366 3473 qui
390 3411 447 3460 viro
476 3409 599 3474 ampliori
625 3411 651 3460 in
676 3412 719 3460 via
737 3411 844 3464 honoris
881 3409 1008 3459 inornatus
1023 3423 1094 3473 oper.
1130 3408 1266 3461 claudian.
1287 3413 1317 3463 lt.
1333 3413 1399 3462 Pros-

320 3483 844 3551 causalocumdut.-otrtdtq1oeccrtot]
881 3485 911 3546 i,
939 3483 1000 3534 tos:
1029 3497 1135 3545 qum
1157 3491 1246 3535 aurato
1266 3487 1330 3536 loct
1366 3486 1400 3535 lic

320 3559 363 3607 Sic
386 3564 495 3620 certare,
519 3572 635 3623 peperero
657 3559 729 3623 apud
752 3563 845 3625 poetes
880 3558 975 3608 Autooe
991 3558 1039 3609 olr.
1058 3560 1188 3622 imprimis
1205 3557 1401 3623 Wagnerumiu

319 3631 393 3684 haud
413 3646 475 3682 raro
499 3645 561 3683 cum
579 3632 675 3684 dativo.
699 3635 769 3698 virg.
788 3629 843 3686 Ecl'.
880 3633 942 3684 Ver.
961 3635 1044 3684 Leott.
1058 3634 1123 3684 Aen.
1137 3634 1166 3694 3,
1185 3634 1243 3685 553.
1261 3635 1327 3686 item
1342 3637 1401 3685 Lou-

320 3711 350 3768 5,
369 3707 393 3757 8.
412 3708 442 3769 8,
462 3709 501 3757 55.
521 3709 586 3757 Aen.
605 3707 635 3769 t,
654 3708 698 3759 38:
719 3711 846 3772 placitone
882 3721 946 3772 gum
971 3709 1000 3770 3,
1027 3709 1073 3758 nt:
1102 3707 1232 3772 Κοῖλος
1256 3707 1297 3777 τῷ
1322 3705 1400 3772 πεδίῳ

319 3782 397 3832 ettam
410 3782 536 3846 pupnobis
548 3781 650 3833 umori?
882 3777 924 3834 αὐ
932 3778 1001 3850 talu
1018 3776 1208 3848 ὑποκείμενος
1225 3783 1268 3848 (el.
1283 3777 1401 3854 ὑπερκεί-

355 3857 394 3906 to.
419 3857 498 3922 Buca]
526 3857 608 3907 «Eius
634 3855 718 3908 ulvae
742 3861 846 3910 certent
881 3857 977 3922 μενος)
990 3857 1040 3908 καὶ
1056 3853 1108 3908 τὸν
1125 3849 1201 3924 ἦχον
1213 3859 1255 3922 εἰς
1264 3853 1356 3910 αὑτὸν
1366 3850 1400 3918 ὥς

321 3943 383 3981 cum
401 3929 463 3992 illis,
482 3944 549 3995 quos
566 3931 690 3996 producit
701 3932 845 3984 Venalrum
883 3925 1007 4002 ὄργανον
1016 3929 1182 3998 δεχόμενος.
1198 3961 1226 3971 -
1238 3933 1402 3985 eminere»

321 4007 411 4071 (vinde
427 4009 538 4071 propter
554 4007 610 4070 ipss
623 4005 737 4071 oliveto),
757 4011 846 4058 extre·
881 4008 945 4069 titis,
965 4008 1039 4072 quod
1054 4009 1137 4060 hebet
1147 4010 1229 4060 etiam
1239 4010 1347 4060 Servius
1357 4007 1372 4058 l.
1384 4005 1400 4056 l.

321 4093 396 4132 mum
413 4081 440 4131 in
457 4081 670 4145 Septentrionem
684 4081 844 4146 Campaniae
882 4085 910 4134 et
931 4083 1026 4135 lltnch
1050 4097 1136 4149 nuper
1158 4097 1252 4136 rursus
1272 4081 1399 4149 praemiii,

321 4154 449 4219 oppidum
460 4169 545 4220 prope
557 4155 729 4208 Minturnas.»
752 4156 845 4208 Oleum
882 4157 1046 4208 intolerabile
1064 4161 1105 4209 est
1127 4161 1239 4224 propter
1260 4147 1400 4208 ontionem

321 4233 411 4282 autem
423 4229 600 4282 Venutrenum
612 4232 845 4282 testeetiemvur-
882 4233 960 4283 nirnis
985 4232 1149 4298 pedestrem.
1190 4235 1289 4284 Amtcm
1310 4231 1401 4284 Recolo

321 4318 386 4358 rone
405 4305 441 4368 (li.
456 4307 484 4355 ll.
499 4306 528 4368 l,
547 4307 575 4355 2:
595 4307 666 4370 Quod
681 4307 769 4358 olerent
784 4321 845 4358 coo-
881 4309 940 4358 viva
953 4311 995 4358 est
1011 4311 1098 4371 imago
1116 4312 1226 4375 propter
1237 4321 1348 4361 sensum
1359 4307 1401 4356 lm·
1478 4293 1479 4346 ἒ
