3002 4974
697 426 824 474 donarii
843 425 1011 476 candidati

483 581 578 647 Victis
602 581 742 646 minores
766 579 896 645 volvere
918 580 1074 654 vertices,

525 705 675 789 Intraque
702 701 937 788 praescriptum
961 702 1103 768 Gelonos

568 823 698 910 Exiguis
716 820 867 910 ”equitare
892 825 1024 910 campis.

377 1025 418 1072 22.
436 1023 541 1088 coicere]
566 1027 661 1071 uertere
677 1039 694 1087 y
718 1022 833 1084 (Kirchn.
852 1035 878 1086 p.
898 1020 963 1084 tid),
988 1021 1073 1072 tottam
1096 1023 1230 1073 Luctatius
1246 1022 1312 1073 Piae.
1330 1023 1358 1073 ad

346 1099 408 1147 Stat.
428 1096 511 1147 Theb.
532 1099 571 1156 44,
591 1097 647 1146 508.
669 1124 695 1132 -
713 1098 819 1146 vortices
836 1098 864 1145 L.
885 1097 998 1158 (uiuos,
1016 1094 1149 1158 BhSTcd.)

315 1274 400 1338 Victis]
428 1275 469 1324 Sic
490 1274 583 1324 Cicero
610 1285 659 1337 pro
685 1274 769 1323 Sestio
789 1275 837 1324 6⁴:
875 1273 921 1322 Hic
938 1273 1040 1336 Letepas
1058 1273 1187 1334 Carasque
1203 1276 1386 1338 sapidisemeu

313 1349 379 1396 orbis
400 1353 528 1397 terrarum
548 1348 661 1411 raciones
678 1361 693 1396 a
711 1349 838 1411 Pompeio
877 1347 982 1397 Gelonos
995 1349 1109 1410 firmarat
1126 1350 1248 1412 (victos).
1284 1347 1386 1408 «Geloni,

313 1424 512 1473 adiunctasiiuio
523 1423 628 1484 imperio
639 1422 711 1483 dicit,
725 1423 836 1472 ethrr.
876 1423 994 1486 primum
1011 1424 1153 1472 memorati
1171 1421 1205 1472 ab
1224 1423 1350 1473 Herodoto
1366 1421 1386 1475 4.

312 1501 375 1548 dcc.
389 1499 417 1558 ὅ,
437 1499 467 1547 6;
486 1499 596 1546 maiores
612 1511 669 1546 cum
680 1497 794 1546 Siciliam
805 1498 840 1545 ad
878 1497 949 1556 ⁴08..
971 1497 1115 1546 Sarmatiae
1134 1499 1190 1548 siva
1209 1499 1328 1560 Scythiae
1344 1497 1389 1546 Eu-

313 1586 366 1620 rem
380 1572 509 1634 practicam
520 1572 699 1620 adiunxissmt.
716 1600 743 1608 -
756 1572 840 1620 miuo-
877 1583 992 1634 ropaeae
1010 1571 1113 1634 popuii,
1140 1573 1166 1622 in
1188 1575 1325 1637 posterum
1345 1573 1388 1620 iam

312 1646 360 1710 rer]
375 1648 451 1710 «quia
464 1645 626 1696 debellatum
644 1660 674 1696 se
691 1647 779 1707 sentit,
800 1646 839 1696 ia·
877 1647 945 1696 intra
956 1658 1020 1696 suos
1032 1646 1170 1696 dumtaxat
1182 1647 1262 1708 tinea,
1279 1649 1306 1696 ut
1317 1644 1390 1696 soient

315 1723 399 1781 stum,
413 1735 466 1784 quo
477 1723 551 1785 prius
563 1721 698 1780 tumebat,
712 1721 837 1781 abiecitu3
877 1719 1019 1780 Nomades,
1039 1721 1197 1781 auctitabant,
1217 1733 1305 1784 neque
1317 1723 1344 1769 ut
1354 1733 1391 1768 an-

314 1799 390 1846 cuius
408 1797 516 1846 demissi
534 1797 615 1846 animi
636 1798 741 1859 signum
761 1796 839 1846 nobis
878 1796 920 1844 tea
945 1795 972 1860 in
998 1795 1144 1844 Romanam
1171 1795 1321 1855 dicionem,
1348 1805 1390 1856 qua

315 1872 440 1934 proponit
465 1871 522 1920 eius
546 1873 660 1920 vertices
682 1871 770 1920 minus
792 1884 839 1920 ae·
878 1870 916 1918 cis
935 1881 1006 1917 nunc
1024 1869 1195 1919 interdictum
1215 1872 1257 1920 cst
1273 1868 1306 1920 ab
1318 1871 1392 1930 nugu-

315 1947 616 2007 stuososqunmautec,
635 1959 795 2006 cumnuuo,
811 1947 841 1994 ut
877 1944 935 2004 sto,
962 1943 1129 1992 incursiones
1152 1941 1276 1992 iaciente
1312 1941 1391 1993 Florus

304 2015 380 2067 ’καθ’
400 2013 562 2086 ὑπερβολὴν
579 2020 655 2080 dicit,
674 2020 786 2083 pentibus
797 2021 841 2069 ad-
877 2017 905 2077 i,
919 2019 963 2078 44,
977 2018 1022 2066 20:
1039 2017 1392 2080 Samootaepaienttbuseam-

316 2093 409 2152 ditum,
435 2093 462 2142 id
489 2096 544 2154 est,
579 2095 692 2158 imperio
721 2095 839 2145 Romano
874 2093 915 2154 pis
932 2091 1059 2157 (Steppeu)
1079 2093 1227 2153 inequitant.
1250 2120 1277 2128 -
1296 2091 1391 2155 euenit

316 2167 467 2218 subiectum
485 2169 528 2218 sit.
564 2170 644 2219 Tacit.
658 2172 726 2219 dnn.
745 2171 774 2230 4,
794 2171 838 2219 79:
878 2170 981 2230 autem,
995 2169 1017 2217 si
1029 2169 1228 2232 comparaveris
1241 2179 1304 2218 cum
1316 2169 1391 2232 priore

316 2242 377 2302 oum
405 2243 487 2303 ipsam
518 2242 623 2291 Tiberim
650 2244 714 2292 nolte
735 2258 841 2306 prorsus
879 2255 974 2291 eorum
999 2240 1117 2302 licent-iu,
1145 2255 1197 2305 qua
1219 2243 1287 2292 fines
1305 2241 1391 2305 patrios

316 2317 408 2365 accolis
423 2317 507 2379 stuciis
523 2317 639 2364 orbatum
649 2319 841 2382 minereptom'c
879 2315 1009 2366 arbitratu
1026 2329 1076 2368 suo
1094 2315 1279 2378 excedebant,
1307 2317 1391 2366 Roma·

316 2394 401 2452 tiuare.
431 2416 459 2424 -
484 2390 595 2453 uertices]
625 2390 699 2440 Hanc
717 2391 839 2452 sormam,
878 2389 1252 2455 nosagrosdepopulabundi.
1272 2389 1390 2440 Ciriion.

318 2478 371 2514 non
400 2465 518 2524 vortices,
553 2465 659 2513 videtur
684 2465 841 2528 praetulisse
878 2468 977 2528 Ancyr.
991 2465 1088 2516 edFr.
1103 2478 1129 2529 p.
1144 2465 1192 2514 36:
1211 2465 1330 2514 Nostram
1340 2461 1391 2512 uoi-

319 2540 400 2588 etiam
417 2537 547 2601 Virgilius.
593 2538 645 2588 Cir.
667 2540 784 2601 Wagner
808 2541 843 2590 ed
878 2542 966 2591 citiam
988 2542 1113 2602 petierunt
1125 2553 1174 2602 per
1190 2539 1286 2603 topatus
1300 2541 1393 2589 Bastar-

319 2616 364 2662 Ge.
380 2613 407 2672 4,
427 2612 483 2662 tet.
503 2615 568 2663 Aen.
589 2612 617 2674 4,
638 2613 693 2662 tm.
722 2614 841 2677 Orthogr.
879 2629 928 2664 uae
953 2619 976 2664 et
1001 2614 1108 2675 Scythae
1132 2619 1156 2663 et
1180 2614 1393 2664 Sarmatarum

319 2685 414 2750 Vergit.
433 2700 460 2750 p.
474 2687 531 2736 484.
880 2691 915 2739 cis
928 2691 1033 2739 Tanaim
1042 2691 1148 2754 fluuium
1161 2689 1314 2751 Tanaimque
1327 2687 1391 2736 uitro

883 2764 945 2826 (Cir.
966 2763 1032 2814 Flor.
1052 2764 1080 2824 4,
1102 2765 1146 2824 ta,
1167 2763 1206 2813 48.
1251 2765 1321 2813 Suet.
1346 2761 1392 2810 Oct.

353 2838 393 2887 43.
413 2837 530 2902 Getoms]
551 2839 620 2901 Virg.
641 2839 706 2888 den.
729 2838 758 2899 8,
778 2839 841 2888 725:
882 2838 922 2886 at.
942 2841 969 2888 et
986 2839 1025 2889 43.
1057 2840 1147 2890 lustin.
1167 2837 1212 2900 to,
1231 2837 1266 2900 5.)
