3080 4980
542 1010 866 1075 ΡΜΞῊῙΟ

359 1265 363 1274 ¹
473 1164 724 1232 EDITIONIS
752 1163 935 1231 Pntnns.

225 1535 399 1624 Philologis
427 1557 467 1604 ea
496 1546 618 1602 tannim
648 1534 743 1602 huius
774 1553 872 1601 curae
900 1554 976 1622 pars
1003 1534 1161 1600 destinata
1182 1543 1247 1610 est,

163 1679 248 1748 quae
272 1660 303 1724 in
326 1673 433 1745 rptcac
455 1660 630 1728 Horatiana
650 1665 807 1724 versatur.
852 1656 976 1722 Etenim
997 1676 1070 1722 cum
1088 1675 1162 1722 meo
1177 1655 1250 1743 qui-

163 1781 238 1847 dem
261 1779 381 1848 iudicio
402 1782 486 1847 inter
500 1800 627 1858 omnes,
657 1779 714 1868 qui
735 1799 777 1847 eo
799 1779 831 1845 in
846 1798 967 1867 genere
984 1787 1058 1866 post
1070 1775 1250 1844 Bentleium

164 1901 384 1980 elaborarunt,
419 1901 513 1969 facile
544 1902 664 1989 primas
692 1901 773 1968 ferat
804 1902 967 1988 Augustus
998 1897 1145 1966 bieineke
1179 1899 1251 1982 (Be-

164 2021 272 2100 rolini,
304 2023 341 2090 G.
363 2023 509 2091 Reimer:
542 2024 581 2089 bi.
604 2023 720 2092 DCCC.
743 2022 905 2108 XXXIV),
934 2019 1115 2110 periculum
1142 2019 1250 2086 facere

164 2145 303 2223 decrevi,
321 2144 401 2232 quid
415 2143 575 2212 commodi
592 2143 633 2210 ad
646 2151 776 2232 poetam
791 2143 867 2211 inde
882 2142 1138 2210 redundaturum
1153 2151 1249 2220 esset,

165 2267 190 2330 si
219 2265 342 2354 aliquot
369 2265 544 2334 Codicibus
566 2265 812 2353 antiquissimis,
846 2285 985 2353 quorum
1015 2262 1171 2330 lectiones
1194 2283 1251 2330 ne

164 2387 296 2455 modum
326 2408 400 2454 cum
423 2387 549 2456 Criticis
571 2388 854 2463 communicasset,
885 2385 1067 2453 accuratius
1089 2384 1252 2451 examina-

165 2507 218 2584 tis,
249 2507 362 2576 erbis
390 2509 597 2597 praesertim,
628 2508 790 2582 interdum
812 2509 909 2576 etiam
931 2528 972 2574 ex
995 2505 1081 2585 aliie,
1112 2505 1252 2572 maxime

166 2649 206 2695 er
232 2631 365 2718 Cruquii
393 2629 625 2706 Blandinianis‚
654 2650 739 2718 quae
768 2628 821 2696 illa
850 2631 881 2696 in
904 2628 1123 2718 recognitione
1144 2627 1251 2693 minus

165 2748 344 2837 probabilia
373 2752 443 2818 visa
473 2761 597 2828 essent,
632 2752 891 2820 emendarentur,
935 2753 1109 2818 Praeterea
1131 2767 1252 2836 operae

165 2871 303 2957 pretium
329 2870 487 2940 facturum
515 2893 569 2939 me
598 2884 686 2940 ratus
709 2893 796 2951 sum,
831 2895 857 2939 si
886 2872 1149 2960 gravissimarum
1170 2889 1252 2957 qua-

165 3011 301 3080 rumque
322 2991 497 3060 lectionum
514 3005 635 3061 certam
656 2993 765 3062 denuo
780 2994 1003 3061 auctoritatem
1017 2986 1250 3081 expromerem

164 3133 238 3182 cum
268 3134 353 3202 quae
383 3113 488 3182 adbuc
518 3125 644 3183 exstant
671 3113 831 3180 eiusmodi
854 3124 1013 3199 cottoyat
1034 3134 1099 3181 non
1121 3133 1253 3202 semper

139 3233 287 3312 clarae,
311 3235 467 3322 integrae,
491 3235 555 3302 fide
577 3255 817 3324 usquequaque
840 3212 956 3321 dignis
978 3255 1054 3302 esse
1070 3233 1249 3302 videantur.

227 3355 365 3423 Codices
386 3367 509 3434 autem,
534 3356 653 3446 quibus
675 3377 754 3422 usus
777 3377 866 3435 sum,
888 3355 920 3422 hi
943 3367 1031 3424 sunt:

226 3477 249 3540 1.
286 3476 395 3544 Codex
424 3479 590 3544 Bnnnansrs
611 3480 647 3542 N.
670 3478 743 3544 363.
766 3477 810 3542 4⁰.
834 3479 905 3544 Sec.
929 3479 1006 3544 VIII.
1029 3479 1177 3544 exeuntis
1199 3479 1249 3544 vel

164 3597 214 3661 IX.
242 3597 396 3676 ineuntis,
431 3599 589 3682 Scotice*)
624 3599 780 3686 scriptus,
815 3599 1057 3687 antiquissimus
1090 3601 1248 3676 omnium,

163 3729 323 3806 quotquot
350 3718 457 3787 adhuc
485 3720 702 3796 innotuerunt,
730 3730 763 3786 et
791 3720 904 3786 ordine
934 3721 1112 3787 carminum
1133 3742 1154 3787 a
1175 3719 1250 3787 reii-

225 4044 249 4106 *i
276 4045 324 4096 Hic
347 4045 399 4098 illic
422 4047 448 4096 in
471 4045 594 4100 foliorum
616 4049 780 4114 marginibus
800 4051 971 4116 reperiuntur
986 4049 1117 4102 voeabula
1134 4047 1246 4110 Celtica,

160 4139 277 4191 qnorum
301 4130 371 4180 haee
396 4133 501 4182 notavi:
531 4132 621 4198 brtptt,
646 4135 703 4198 teet,
728 4135 837 4198 sodort,
863 4136 981 4198 wttdcd,
1006 4137 1138 4202 stipor-pp,
1165 4133 1246 4194 cattb,

159 4211 274 4277 mtdpat,
298 4213 450 4276 summast,
473 4215 647 4279 optumaocn,
668 4219 804 4282 toptnarct,
827 4217 983 4282 eboracam,
1005 4219 1170 4270 muorutaob:
1195 4217 1247 4268 boc

161 4307 222 4346 eum
240 4297 457 4362 interpretatione
476 4299 580 4350 «butu»

1035 4397 1066 4436 *a
