2992 4978
622 449 750 499 nourrii
769 447 937 501 caelibibus

410 607 598 692 Spartacum
624 605 651 670 si
675 625 740 692 qua
762 605 865 691 potuit
885 614 1053 691 vagantem

493 724 616 791 Fallere
639 735 729 791 testa.

410 885 469 950 Dic
491 895 523 950 et
545 893 677 971 argutae
700 895 852 972 properet
874 886 1018 951 Neaerae

409 1005 593 1073 llurrheum
615 1005 702 1071 nodo
724 1004 877 1071 cohibere
899 1006 1039 1083 crinem3

307 1189 346 1237 ta.
365 1185 470 1236 liabent
486 1186 507 1234 si
524 1199 576 1246 qao
591 1183 718 1244 libSTcd,
737 1197 790 1234 non
808 1186 828 1233 si
845 1198 922 1246 quoe,
955 1185 985 1233 ut
1001 1183 1108 1234 volebat
1135 1187 1241 1236 Parcus.
1263 1213 1293 1224 -

273 1275 394 1326 capacem
410 1259 546 1310 Charisius
564 1258 591 1319 l,
611 1259 651 1308 37.
675 1272 700 1323 p.
720 1258 761 1309 36.
780 1259 854 1309 Lind.
874 1256 1052 1309 Memorabilis
1063 1272 1128 1310 sane
1146 1258 1232 1310 lectio.
1253 1261 1293 1311 Ci.

275 1337 414 1389 Paldamus
431 1336 514 1385 iibein.
533 1335 597 1384 Mra.
611 1335 644 1384 N.
656 1336 684 1384 F.
697 1335 739 1384 VI.
752 1348 779 1398 p.
793 1333 840 1384 633
852 1346 893 1396 sq.
910 1335 1012 1382 -Post
1028 1347 1053 1382 v.
1066 1334 1107 1383 24.
1121 1334 1210 1386 deficit
1227 1335 1293 1385 Cod.

275 1412 395 1473 dasque
419 1410 452 1459 ad
476 1410 564 1458 carm.
584 1409 630 1470 46,
654 1409 695 1460 it.
716 1434 744 1444 —
763 1410 804 1458 22.
823 1409 970 1459 Maniam
993 1409 1087 1472 scripsi
1110 1423 1172 1460 eum
1189 1410 1294 1460 labnio:

274 1489 405 1538 blancum
415 1484 518 1545 BbSTc,
536 1481 600 1550 βγκ,
613 1481 711 1544 Bentl,
730 1484 768 1544 hi,
781 1484 927 1545 Mprrbeam
940 1484 1019 1534 LCtF.
1035 1509 1063 1519 -
1076 1485 1201 1534 cohibente
1210 1484 1293 1534 ilenti.

275 1562 355 1620 coni,
376 1561 401 1610 in
419 1571 500 1623 quam
517 1558 647 1609 inciderat
663 1559 715 1608 iam
733 1559 850 1608 Muretus
867 1558 901 1607 ad
918 1557 1011 1608 Tibull.
1031 1558 1059 1619 3,
1078 1558 1106 1619 l,
1124 1559 1165 1610 28.

242 1727 265 1761 c.
277 1709 414 1769 663-665.,
430 1710 483 1758 iam
494 1721 578 1771 prope
590 1710 767 1771 septuagena·
803 1707 919 1770 arpertus]
939 1719 1068 1757 «canorae
1082 1705 1238 1771 psaltriae.»
1261 1708 1329 1772 Epp.

241 1787 324 1845 rium,
343 1785 365 1834 si
382 1797 435 1847 qua
447 1784 548 1832 ratione
561 1782 691 1833 eiusmodi
704 1787 767 1832 testo
803 1783 831 1841 b,
850 1783 880 1843 ἰ,
897 1783 941 1832 9⁰:
965 1787 1071 1846 aprima
1085 1807 1102 1818 -
1114 1786 1233 1844 -poetas
1256 1783 1330 1845 virg.

243 1859 346 1924 (cadus)
374 1859 511 1920 superstes
529 1857 576 1907 luit
596 1855 666 1906 bello
686 1859 767 1921 Spar·
803 1855 857 1906 Ecl.
877 1857 906 1918 9,
932 1857 978 1908 36:
1006 1863 1111 1921 orpetos
1134 1858 1201 1908 inter
1220 1863 1332 1920 caepere

242 1935 311 1985 tacio
320 1934 375 1982 sive
384 1930 471 1981 servili
484 1943 508 1980 a.
522 1931 642 1980 oar—683.
656 1929 766 1994 illasque
805 1945 880 1982 ense
896 1933 983 1982 olores.

242 2013 363 2059 catervas
382 2007 479 2070 fefellit,
499 2004 598 2054 latuit.»
633 2005 711 2068 Apud
723 2005 767 2054 iu·
835 2005 1331 2071 22.Marrbearn]«perseaequebene

241 2098 303 2134 ven.
322 2084 350 2140 b,
370 2081 411 2131 3⁴.
431 2081 515 2143 magis
533 2080 613 2129 etiam
630 2078 768 2143 hyperbo-
804 2079 920 2130 olentem
941 2093 973 2130 ac
994 2082 1017 2132 si
1034 2081 1173 2142 myrrhino
1194 2083 1331 2143 unguento

243 2159 308 2209 lice:
334 2156 513 2216 caecamque
528 2159 591 2204 teret
606 2154 674 2204 bellis
689 2155 769 2204 socie·
805 2157 876 2205 esset
892 2154 1053 2206 delibutus.»
1079 2157 1117 2205 De
1136 2154 1225 2205 colore
1244 2156 1332 2205 «inter

243 2229 483 2282 iibaaaonmdives.
495 2256 524 2265 -
548 2230 584 2292 (in
597 2229 767 2292 homonymis
803 2229 903 2279 ssavum
921 2231 948 2278 et
965 2231 1088 2292 nigrum»
1113 2230 1148 2293 (id
1166 2230 1221 2290 est,
1245 2229 1329 2292 hasco)

241 2310 319 2358 cadus
333 2308 359 2356 et
374 2310 437 2355 msto
453 2305 515 2367 (vas)
529 2303 665 2367 quomodo
681 2317 768 2367 nuper
804 2301 883 2362 falso,
913 2306 943 2353 ut
968 2303 1088 2364 videtur,
1117 2305 1330 2368 interpretantur

243 2375 764 2445 quishaererepotuerit,haudintelligo.
803 2375 973 2426 scholiastae.
1010 2377 1059 2437 Qui
1084 2378 1136 2428 hoc
1156 2377 1328 2442 praeierunt,

277 2455 317 2504 49.
344 2455 365 2502 si
391 2452 454 2516 pue]
478 2454 535 2502 Non
558 2454 632 2502 recte
657 2453 767 2513 iungunt
803 2449 937 2515 appellant
956 2452 1084 2515 Propertii
1101 2453 1130 2514 3,
1153 2452 1198 2514 ro,
1223 2455 1271 2504 Ὧι
1298 2454 1332 2502 Et

243 2526 359 2578 nonnulli
381 2527 404 2575 si
424 2539 475 2588 qao
496 2530 572 2585 usto,
599 2538 662 2575 curn
679 2526 766 2575 nomi·
802 2527 902 2575 oroeino
923 2539 998 2575 aeres
1014 2527 1132 2576 merbeca
1149 2533 1327 2590 capotenus.

242 2605 296 2652 nat.
321 2615 373 2663 qua
395 2599 495 2662 ubique
520 2601 689 2663 corripiatur;
717 2597 767 2650 sed
804 2626 833 2635 -
850 2600 975 2663 cohibere]
993 2601 1124 2661 Muretus,
1150 2598 1253 2662 Bentl',
1276 2603 1331 2652 Cu-

244 2679 285 2728 est
301 2673 379 2725 ablat.
393 2672 580 2724 adverbialiter
593 2673 708 2737 positus,
728 2674 765 2723 usi
803 2675 892 2737 ningh.
911 2675 1034 2724 cohibente
1057 2675 1117 2725 ideo
1134 2674 1328 2739 praetulerunt,

244 2765 296 2816 qua
321 2752 375 2811 ua,
403 2748 522 2809 sicubi,a
552 2750 581 2798 ut
602 2749 673 2811 Virg.
698 2753 763 2798 Aen.
803 2751 864 2813 quia
892 2762 918 2799 v,
942 2755 1060 2812 properet
1087 2753 1252 2814 acceperunt
1279 2765 1328 2815 pro

244 2829 272 2887 t,
291 2825 337 2876 l8:
363 2825 391 2874 si
412 2839 463 2886 que
482 2824 538 2886 saw
558 2825 650 2874 deant
672 2851 699 2860 —
717 2837 766 2872 cu-
803 2837 933 2889 rpropere
959 2824 1081 2884 veniat»,
1107 2826 1138 2873 at
1158 2824 1207 2874 Od.
1226 2827 1255 2884 2,
1282 2827 1326 2881 it.

242 2900 350 2964 partera]
368 2913 400 2949 ex
413 2899 557 2962 Campania
567 2911 653 2961 usqne
666 2897 701 2947 ad
712 2899 766 2948 hlu-
802 2899 849 2948 23:
875 2903 997 2956 materen
1024 2911 1118 2948 verum
1144 2899 1171 2948 in
1196 2912 1229 2948 eo
1253 2901 1328 2963 ipso,

243 2975 338 3034 huam,
358 2974 524 3024 inderursus
542 2971 681 3023 iniialiam
698 2973 765 3023 inie—
803 2972 876 3037 quod
903 2971 945 3022 illa
969 2977 1086 3035 properet
1109 2973 1233 3035 cohibere,
1261 2975 1330 3029 inest

243 3051 354 3109 riorem,
381 3048 467 3097 donec
489 3049 516 3097 in
539 3046 677 3112 peninsula
695 3048 766 3097 Rhe·
803 3048 949 3099 sententia:
977 3047 1067 3097 «nodo
1089 3046 1246 3112 simpliciter
1268 3047 1329 3098 reli·

243 3125 346 3187 giorum
363 3137 379 3172 a
395 3124 429 3173 M.
443 3123 540 3172 Crasso
558 3135 653 3172 caesus
671 3123 720 3173 est.
803 3125 864 3185 gato
881 3122 938 3185 (οἀ.
957 3123 987 3182 2,
1011 3122 1054 3182 ti,
1078 3121 1129 3184 23.)
1148 3125 1227 3172 exeat
1249 3122 1329 3173 domo

275 3199 316 3247 it.
334 3196 390 3260 Dio]
409 3196 464 3246 Hoc
481 3197 559 3258 igitur
573 3197 615 3246 die
627 3209 684 3246 vere
695 3196 764 3259 sesto,
803 3197 948 3259 statimque
966 3195 999 3245 ad
1018 3208 1061 3245 me
1079 3197 1193 3246 veniat.»

244 3274 273 3322 ut
287 3269 413 3320 laetitiam
430 3269 590 3330 cumularet,
615 3269 687 3321 solus
704 3273 766 3320 cum
836 3271 925 3322 23-25.
936 3271 964 3320 Si
971 3283 1019 3332 per
1027 3269 1089 3333 cet]
1102 3271 1143 3320 «Si
1152 3270 1329 3322 molestusille

243 3344 299 3398 sola
317 3357 378 3396 esse
395 3343 515 3404 volebat,
537 3345 767 3407 quemadmodum
804 3347 910 3404 ianitor,
930 3347 975 3408 qni
993 3357 1088 3408 saepe,
1112 3344 1177 3395 dum
1195 3344 1239 3396 alii
1256 3360 1330 3397 ama·

244 3421 291 3470 Od.
310 3423 338 3482 h,
362 3421 406 3480 lt,
430 3419 471 3469 ai.
493 3417 542 3468 alia
565 3418 671 3481 psaltria
689 3418 766 3469 simili
804 3425 876 3470 tores
907 3419 978 3483 apud
1008 3432 1069 3468 earn
1100 3421 1161 3468 sunt
1192 3420 1236 3470 vel
1270 3435 1329 3472 cum

244 3494 352 3546 consilio
380 3495 526 3545 arcessitur
554 3493 589 3542 ad
617 3495 767 3544 convivium
804 3493 912 3544 delicias
930 3495 987 3558 ipsa
1013 3493 1086 3554 iacit,
1121 3496 1151 3542 ut
1176 3495 1329 3558 cupidinem

245 3583 306 3620 cum
324 3570 444 3629 Quinctio
463 3567 663 3618 celebrandum.
677 3568 767 3619 Nullus
804 3581 893 3620 meam
911 3569 1020 3630 excitet,
1044 3580 1088 3617 me
1106 3567 1236 3630 excludit,
1260 3583 1328 3621 nune

245 3646 335 3694 autern
358 3645 415 3694 eius
438 3641 590 3706 aequalium
612 3643 662 3692 lrac
682 3643 715 3692 de
737 3657 766 3693 re
805 3656 911 3708 quoque
935 3643 961 3692 te
985 3657 1038 3692 non
1062 3643 1197 3704 admittet,
1225 3643 1278 3696 noll
1303 3644 1328 3694 id

245 3731 307 3768 eum
326 3716 524 3780 reprehendere
540 3719 658 3781 poterat,
685 3718 767 3768 nostri
805 3717 915 3768 nimium
937 3729 1044 3778 curare,
1073 3716 1122 3768 sed
1144 3718 1179 3767 ad
1200 3731 1246 3769 me
1264 3718 1329 3770 illico

244 3796 274 3844 ut
290 3791 347 3841 sine
365 3789 446 3840 dubio
463 3790 582 3840 lacerent
598 3790 768 3854 hominespii
804 3791 876 3853 redi;
907 3805 969 3841 narn
1000 3793 1027 3841 et
1055 3791 1112 3842 sine
1138 3793 1255 3854 Neaera,
1285 3793 1328 3844 ubi

246 3869 272 3916 et
289 3865 445 3928 gravissimi.
476 3865 570 3914 Facete
589 3877 653 3914 vero
670 3864 767 3914 deiude
806 3879 913 3916 meeum
932 3879 991 3916 esse
1013 3867 1156 3926 recusarit,
1184 3866 1282 3918 iestum
1299 3881 1328 3918 ac

246 3939 374 4005 significat
399 3939 479 3988 etiam
504 3939 561 3988 sine
587 3940 672 3988 amica
694 3937 767 3988 diem
805 3940 904 3990 laetum
931 3940 1004 3990 diem
1032 3939 1190 3991 celebrabo:
1221 3941 1328 4006 capillus

246 4015 319 4066 illum
336 4014 387 4065 sibi
408 4012 464 4063 lore
479 4011 663 4064 laetissimum.
688 4013 767 4076 (Haec
806 4017 878 4065 enim
898 4029 1043 4077 praecem
1068 4015 1143 4079 (Epp.
1163 4017 1190 4078 t,
1215 4017 1244 4078 7,
1268 4017 1326 4078 ih),

246 4090 361 4142 notanda
378 4091 431 4140 iam
449 4091 524 4139 erant
539 4092 649 4153 propter
667 4090 717 4140 ΗΡ.
731 4091 769 4139 at·
806 4091 880 4139 aetas
896 4089 950 4139 iam
967 4091 1119 4153 provectior
1136 4089 1327 4154 (quadragena-

245 4179 298 4229 que
315 4165 510 4226 Eichsadium,
538 4177 605 4228 quos
628 4165 768 4228 peritiores
806 4165 862 4228 ria),
876 4165 978 4228 mitigat
988 4166 1068 4215 animi
1084 4165 1239 4216 affectiones
1251 4165 1325 4216 nimis

245 4253 351 4291 morum
376 4240 557 4290 Romanorum
581 4241 662 4303 atque
690 4240 768 4292 hrrius
805 4239 954 4291 turbidas.»
987 4269 1013 4278 -
1043 4233 1140 4290 lorber
1170 4245 1261 4293 autem
1289 4244 1327 4290 est

246 4315 338 4365 aetatis
359 4312 483 4365 ltalorurn
504 4327 564 4364 esse
586 4313 718 4377 decebat.)
740 4341 766 4350 -
806 4327 900 4365 servus
921 4317 1003 4380 ipsius
1027 4315 1167 4367 libertinae
1194 4317 1323 4381 innuptae,
