3014 4978
642 421 772 472 acuarit
792 419 961 473 clamauit

427 587 591 674 virginum
614 586 738 675 culpae.
785 585 967 674 vigilansne
990 583 1081 672 ploro

428 711 533 796 Turpe
556 709 779 783 commissum,
804 727 844 773 an
865 706 950 772 vitiis
972 714 1134 772 carentem

557 828 651 897 Ludit
672 829 778 916 imago

429 991 529 1065 Vana,
553 1009 638 1077 quae
660 999 754 1075 porta
777 986 903 1074 fugiens
926 985 1051 1052 eburna

428 1111 595 1177 Somnium
616 1109 727 1176 ducit?
751 1106 906 1175 lleliusne
928 1105 1044 1173 fluctus

430 1234 480 1298 lre
502 1252 561 1320 per
583 1230 697 1318 longos
718 1229 790 1306 luit,
815 1249 856 1294 an
877 1239 1026 1296 recentes

557 1353 699 1441 Carpere
721 1350 843 1417 flores?

430 1513 462 1578 Si
488 1513 562 1600 quis
585 1511 734 1578 infamem
755 1509 831 1575 mihi
853 1529 938 1576 nune
960 1511 1131 1577 iuvencum
1314 1513 1355 1575 t5

387 1702 392 1708 ,
431 1634 536 1702 Dedat
557 1633 673 1710 iratae,
698 1631 842 1700 lacerare
864 1630 950 1697 ferro
973 1642 1006 1698 et

430 1757 591 1840 Frangere
614 1753 717 1820 enitar
739 1751 837 1818 modo
860 1751 994 1818 multum
1017 1753 1111 1819 amati

328 1955 368 2005 38.
391 1953 498 2016 Virptots
520 1949 665 2002 Markland.
686 1977 713 1986 —
733 1949 773 2000 ³9.
790 1950 852 2000 otilo
874 1949 957 2000 Bentl.
980 1952 1048 2001 coni.
1070 1979 1097 1988 -
1115 1951 1157 2003 tt.
1177 1966 1254 2014 mmm
1272 1955 1323 2005 sa.

298 2025 504 2154 nadpupm-Cll
519 2025 624 2077 recentis
639 2025 667 2074 Τ.
689 2051 716 2061 -
730 2024 771 2076 tc.
790 2023 873 2074 Dedct
888 2024 985 2075 iratae!
1002 2027 1128 2076 merore
1144 2025 1281 2090 distinguit
1297 2027 1320 2078 J.

266 2279 321 2330 oe?
350 2278 434 2330 codd.
458 2276 567 2329 llertzh.
592 2289 654 2328 cum
675 2276 784 2327 Laetam.
822 2275 902 2340 mors)
925 2277 978 2326 exit
997 2276 1123 2328 exaltare
1136 2279 1194 2328 utra
1208 2281 1299 2344 porta,
1314 2292 1358 2329 se-

263 2354 352 2418 cerno.)
825 2363 887 2400 cum
900 2351 968 2400 docti
979 2349 1041 2402 illud
1052 2353 1189 2414 amanium,
1206 2353 1279 2416 quod
1292 2367 1355 2404 cum

297 2427 338 2478 38.
370 2428 513 2490 Vtrptaom]
552 2425 645 2476 olaeso
675 2423 785 2490 pudori,
825 2425 941 2475 maxime
958 2425 1050 2476 videre
1067 2427 1145 2478 nobis
1161 2426 1312 2478 videmur.-

264 2514 346 2565 quam
357 2513 492 2551 summam
501 2501 668 2550 committere
677 2501 790 2563 possunt
858 2498 898 2549 li.
918 2497 958 2549 ta.
977 2500 1110 2564 Melissae]
1128 2501 1284 2561 aQuomodo
1296 2503 1357 2551 tau·

265 2572 370 2638 culpam
395 2575 535 2637 virgines.»
569 2573 649 2624 Multo
672 2572 789 2635 exquisi-
827 2575 891 2624 dem
908 2573 1007 2624 laetam
1026 2577 1079 2636 est,
1097 2577 1128 2625 ut
1143 2575 1232 2625 cattio
1250 2575 1356 2638 (iucun-

265 2649 315 2698 tior
339 2648 366 2697 in
391 2647 443 2697 hoc
467 2661 493 2697 v.
519 2650 546 2697 et
567 2647 593 2696 in
614 2661 640 2697 r.
662 2647 730 2696 odiis
747 2646 789 2696 est
826 2647 894 2710 dius)
913 2647 1031 2698 dementi
1052 2650 1117 2700 mihi
1133 2649 1271 2701 videretur
1289 2663 1354 2700 nare

265 2735 338 2772 num.
351 2719 420 2786 plur.
434 2735 515 2786 quam
526 2720 672 2773 Marklandi
682 2721 790 2785 arpino
826 2735 876 2786 per
892 2722 988 2773 tluctus
1011 2735 1092 2786 quam
1114 2737 1147 2774 ex
1169 2723 1261 2774 vernis
1278 2723 1355 2774 llari·

265 2799 293 2846 et
316 2793 427 2846 Bentleii
451 2795 521 2844 vitio.
557 2793 622 2845 Illud
646 2795 718 2844 enirn
740 2807 790 2858 per
826 2795 878 2846 hus
896 2795 1008 2847 corollas
1026 2799 1149 2858 nectere,
1168 2800 1194 2848 in
1212 2809 1267 2860 quo
1279 2801 1355 2860 grato

265 2871 535 2921 communicationem
569 2882 630 2920 curn
665 2867 789 2918 omnibus
827 2883 909 2936 opere
927 2875 1055 2934 occupata
1076 2871 1188 2921 eramt»
1212 2897 1240 2907 -
1260 2871 1355 2937 lencm]

264 2943 409 3008 uirginibus
431 2944 521 2994 nescio
545 2942 681 3008 quomodo
704 2943 789 3005 magis
827 2959 861 2994 er
873 2945 1004 2995 Phoenice
1017 2945 1043 2994 in
1056 2946 1172 2996 Cretam.
1200 2946 1303 2997 uosoa.
1321 2947 1353 3006 Ξ,

265 3018 447 3069 verecundam
458 3017 541 3069 habet
552 3019 670 3082 speeiem
682 3015 791 3082 inpuel·
828 3019 892 3071 tta:
911 3015 1003 3084 τόσην
1019 3009 1077 3070 ἅλα
1092 3015 1309 3090 μετρήσασθαι,

265 3091 306 3143 lae
333 3105 397 3152 ore;
427 3092 479 3142 hoc
497 3093 587 3142 autem
608 3089 702 3155 plural.
724 3089 791 3140 cittis
859 3093 900 3144 ts.
920 3095 948 3144 Si
965 3094 1028 3159 qais]
1047 3095 1105 3143 Non
1127 3097 1168 3144 est
1184 3091 1352 3155 exclamatio,

264 3167 363 3217 vitatur
383 3167 461 3218 nimis
483 3169 575 3232 aperta
598 3165 681 3231 stupri
709 3165 791 3227 signi-
827 3169 857 3218 ut
881 3168 907 3219 in
942 3167 1031 3218 multis
1064 3167 1131 3218 Edd.
1166 3166 1352 3232 distinguitur:

266 3243 367 3302 ficatio,
397 3255 479 3305 quam
496 3242 633 3291 notionem
650 3239 790 3304 singularis
828 3243 1062 3303 stu-trames,
1089 3241 1138 3292 sed
1164 3239 1308 3314 πρότασις
1327 3256 1352 3291 v.

265 3315 350 3367 habet
371 3314 512 3380 aliquoties
534 3314 605 3379 apud
626 3315 788 3365 Terentium.
828 3318 918 3367 miter.
948 3315 1126 3378 -tafomorn1
1148 3315 1354 3368 «detestandum

268 3389 387 3455 (adelph.
406 3390 435 3454 ³,
455 3393 484 3452 t,
503 3390 527 3440 9.
547 3389 575 3449 ³,
595 3389 625 3450 ἰ,
646 3387 696 3451 to.)
827 3393 937 3456 propter
948 3391 1000 3440 hoc
1016 3391 1118 3454 ipsum,
1137 3390 1210 3454 quod
1221 3393 1354 3456 pudorem

299 3463 340 3517 ll.
360 3465 400 3517 ta.
424 3465 618 3529 porto-atomo]
641 3462 737 3527 odyss.
759 3477 789 3525 τ,
828 3467 893 3516 mihi
911 3467 1052 3529 erepturus
1070 3467 1137 3516 est.»

267 3539 328 3589 aaa:
342 3539 425 3590 Δοιαὶ
436 3536 492 3611 γάρ
502 3536 629 3590 aaudiat
640 3532 791 3604 ἀμενηνῶν
861 3540 902 3592 tl.
922 3539 962 3591 ta.
981 3540 1078 3602 enitor]
1096 3538 1237 3591 «omnibus
1255 3541 1356 3592 viribus

267 3612 340 3662 εἰσὶν
366 3607 498 3684 ὀνείρων·
534 3612 571 3665 At
590 3612 645 3679 μὲν
667 3609 722 3684 γὰρ
742 3626 791 3662 κε·
829 3613 973 3665 conabam
989 3615 1135 3664 -mullwn
1147 3615 1239 3677 cama]
1258 3617 1356 3666 «Cuius

267 3683 370 3758 (νάεσσι
398 3683 583 3752 τετεύχαται,
624 3687 657 3737 αἱ
684 3684 707 3736 δ’
731 3683 791 3738 ἑλέ·
829 3691 869 3739 ori
885 3689 966 3740 liores
983 3689 1057 3752 virgo
1075 3688 1250 3751 admoverat,
1281 3691 1356 3740 cuius

268 3778 368 3827 φαντι·
388 3761 450 3814 Τῶν
467 3766 497 3814 οἳ
511 3765 565 3830 μέν
581 3763 605 3814 κ’
617 3758 725 3814 taceat
744 3758 792 3813 διὰ
829 3776 929 3815 cornua
940 3763 1017 3814 sertis
1030 3763 1161 3824 cinxerat,
1175 3763 1252 3813 ouius
1262 3769 1356 3828 pecto-

269 3835 390 3911 npunor'r
415 3837 588 3902 ἐλέφαντος,
623 3836 660 3887 Ot
681 3831 705 3908 ῥ’
732 3835 793 3888 ἕλε·
828 3851 858 3890 ra
883 3837 1009 3888 manibus
1033 3835 1183 3901 plauserat;
1208 3838 1258 3888 sic
1284 3840 1355 3888 euim

231 3923 235 3930 ’
268 3915 437 3985 φαίρονται,
455 3906 513 3962 ἕπε’
525 3905 675 3984 ἀκράαντα
686 3912 792 3983 φέρον-
829 3913 963 3963 Ovidius.»
989 3912 1152 3963 Tonnsmrus.
1183 3935 1211 3948 -
1236 3911 1355 3972 mmset]

268 4003 333 4052 τες·
360 3987 395 4038 Οἳ
418 3984 449 4038 δὲ
474 3983 526 4038 διὰ,
546 3982 655 4051 ξεστῶν
680 3983 792 4058 κεράων
829 3985 917 4039 Altera
934 3985 1013 4036 lectio
1031 3985 1101 4035 tatem
1118 3987 1161 4036 est
1177 3997 1210 4035 ex
1228 3983 1310 4049 gloss.
1329 3987 1355 4036 et

267 4057 507 4135 ἔλθωσιθύροζε,
526 4054 595 4134 Οΐρ’
606 4052 699 4128 ἔτυμα
710 4062 792 4132 κραί-
829 4075 904 4112 exv.
924 4060 964 4110 Ἠ.

269 4153 365 4200 rocoa,
382 4133 496 4209 βροτῶν
513 4128 562 4187 ὅτε
572 4137 621 4188 κέν
631 4151 675 4199 τις
686 4133 790 4201 irinum.
861 4135 958 4186 oc-ta.
976 4133 1118 4197 importem]
1130 4129 1266 4197 Κλὶμωτοι
1276 4133 1352 4183 huius

269 4213 339 4276 virg.
356 4213 421 4263 Aen.
441 4213 470 4274 6,
492 4209 550 4262 894.
571 4239 598 4248 -
618 4205 792 4276 «deinceps
827 4209 1006 4276 repetitionis,
1025 4221 1096 4272 quaa
1113 4205 1214 4258 lucilius
1231 4207 1350 4266 seutttur,

270 4289 375 4347 autem,
403 4287 502 4352 asopo,
532 4297 601 4350 qaae
624 4284 715 4351 rapide
739 4284 793 4350 (fto-
829 4295 910 4348 quam
927 4283 1018 4335 verbis
1035 4283 1190 4348 exponitur,
1216 4283 1251 4332 ita
1270 4279 1351 4344 expll-
