3012 4978
537 487 596 535 Lib.
617 487 657 535 tv.
695 487 722 534 C.
743 487 784 534 vt.

496 1013 832 1076 mvl·

246 1183 342 1260 Divo,
366 1204 464 1271 quem
486 1183 595 1272 proles
616 1184 740 1250 Niobea
762 1205 897 1271 magnae

246 1305 411 1372 Vindicem
433 1305 561 1393 linguae
584 1307 759 1395 Tityosque
783 1317 892 1395 raptor

182 1487 225 1535 Vl.
247 1488 331 1536 inser.
349 1483 417 1549 volg.
438 1485 475 1536 Ad
491 1486 641 1549 Apollinem,
661 1489 687 1535 et
705 1487 743 1536 sie
761 1487 821 1536 hsc.
840 1516 865 1522 —
884 1487 1004 1548 Apollinis
1020 1489 1120 1539 taudem
1131 1504 1174 1540 re-

148 1561 198 1622 fert
215 1561 337 1622 muniam
348 1562 457 1611 seruauit
475 1561 576 1610 Antron
588 1565 716 1610 auctorem
727 1561 833 1626 oripinls
849 1563 976 1612 Romanae
987 1563 1015 1612 B.
1032 1591 1059 1598 -
1072 1564 1130 1614 0m.
1144 1567 1171 1614 T.

149 1737 190 1787 vl.
222 1737 270 1788 Est
293 1735 374 1787 veluti
400 1738 554 1808 προοίμιον
583 1751 643 1788 car·
661 1741 664 1765 ⁸
680 1737 738 1787 286.
758 1735 968 1788 ldiillerDanltm.
983 1739 1001 1788 l.
1015 1741 1046 1789 N.
1061 1740 1117 1790 tls.
1137 1742 1205 1792 Cum

117 1811 193 1862 minis
217 1810 347 1862 secularis
367 1811 399 1875 (a.
412 1825 439 1861 u.
453 1826 476 1862 c.
490 1813 570 1874 731),
589 1825 643 1875 quo
680 1810 778 1873 Niobe,
806 1813 976 1876 Amphionis,
1005 1813 1075 1877 regis
1100 1816 1206 1867 Theba-

117 1885 242 1950 lpollinis
269 1900 365 1950 pacem
390 1899 423 1936 ac
448 1887 582 1948 levorem,
610 1900 643 1937 ex
681 1899 754 1948 rum,
773 1899 854 1946 uxor,
875 1887 918 1938 oui
936 1889 1042 1952 septem
1060 1887 1127 1940 lilios
1144 1892 1207 1940 totl-

116 1963 207 2010 vetere
219 1962 387 2024 hymnorum
396 1962 588 2013 consuetudine
598 1961 643 2011 ad·
680 1961 798 2024 demque
822 1960 888 2012 filias
910 1965 1067 2026 pepererat,
1094 1975 1124 2014 se
1142 1976 1207 2028 pro-

117 2036 244 2087 mimndis
257 2037 316 2086 eius
332 2035 408 2086 lactis
422 2034 576 2096 celebratis,
595 2037 644 2086 im·
680 2036 789 2100 lemque
810 2049 887 2088 suam
911 2040 1025 2090 Latonae
1046 2039 1157 2103 eiusque
1175 2040 1205 2090 il-

117 2108 214 2173 plorat,
235 2113 267 2160 at
284 2113 310 2159 et
328 2112 384 2175 ipse
402 2114 481 2174 poeta
499 2114 527 2160 et
543 2124 643 2175 puero·
681 2111 753 2161 heris
771 2109 938 2162 antetulisset
949 2113 976 2161 et
993 2115 1128 2164 matronas
1140 2115 1208 2164 The-

117 2198 173 2234 rum
195 2187 385 2250 virginumque
408 2185 482 2236 chori
502 2199 564 2236 mor
581 2199 643 2236 ma·
680 2185 765 2236 banas
781 2184 816 2235 ab
834 2184 902 2236 illius
920 2186 986 2236 deae
1005 2186 1076 2237 cultu
1100 2187 1206 2239 abstar-

117 2272 179 2310 ucra
196 2273 248 2312 suo
266 2261 315 2311 rite
335 2260 405 2324 iungi
423 2261 536 2325 possint.
565 2264 644 2311 Prae-
680 2261 789 2319 ruisset,
808 2257 900 2323 Apollo
918 2262 945 2310 et
956 2261 1039 2311 Diana
1051 2263 1144 2314 matris
1156 2264 1206 2314 ira·

117 2335 191 2397 cipue
209 2337 302 2386 autem
324 2335 482 2386 immoratur
498 2337 524 2384 in
542 2333 642 2386 Achille
680 2337 722 2384 tae
744 2334 817 2386 iussu
839 2331 966 2386 Niobidas
987 2349 1081 2387 omnes
1105 2338 1205 2399 sagittis

116 2407 200 2459 adeo
223 2409 377 2470 interiecto,
404 2412 547 2475 propterea
570 2410 643 2473 quod
666 2409 855 2460 'confixerunt
881 2407 954 2458 Iliad.
979 2425 1017 2470 ω,
1042 2411 1099 2460 aot.
1129 2412 1203 2463 Ouid.

117 2483 188 2534 Troia
207 2485 243 2536 ob
267 2482 335 2536 illius
358 2485 493 2535 interitum
511 2499 564 2536 non
582 2485 642 2535 luu-
680 2485 782 2546 Metti,
802 2485 858 2534 tae.
885 2509 913 2518 -
944 2485 1204 2552 napum-linquae]

117 2556 281 2610 ditusdeleta
288 2562 432 2623 Aeaeaque
444 2563 551 2611 servato
564 2561 642 2610 condi
681 2558 855 2610 «immodicae
873 2559 1042 2618 iactantiore
1061 2560 1132 2611 unde
1149 2560 1207 2612 Cal-

116 2635 199 2694 petuit
226 2633 296 2687 Urbs
322 2637 440 2686 aeterua.
479 2636 581 2686 Deinde
607 2635 642 2686 ad
679 2635 794 2687 limacho
812 2637 844 2687 H.
857 2634 914 2687 Del.
928 2637 969 2687 96.
982 2639 1024 2686 est
1040 2634 1206 2704 κακόγλωσ-

116 2707 209 2761 choros
227 2723 259 2762 se
282 2713 442 2761 convertens
463 2711 543 2760 etiam
561 2713 641 2774 atque
680 2725 745 2772 σος,
773 2709 956 2760 Theudoridae
976 2710 1080 2762 anthol.
1100 2710 1153 2762 Pal.
1172 2715 1203 2764 ll.

117 2783 192 2834 etlam
206 2797 255 2836 eos
269 2786 434 2846 exhortatur,
451 2787 492 2845 ut,
511 2789 641 2850 quantum
679 2800 705 2850 p.
720 2786 776 2835 665.
799 2779 1036 2855 ἀθυρόγλωσσος.
1054 2786 1128 2836 Ouid.
1142 2789 1203 2838 Met.

117 2857 140 2906 in
163 2859 225 2922 ipsis
250 2859 298 2917 sit,
325 2859 413 2910 allicio
436 2861 560 2924 imposito
578 2862 642 2912 satis
679 2860 706 2918 6,
732 2860 788 2909 450.
808 2860 842 2910 de
862 2859 959 2910 Nioba:
989 2861 1040 2910 Nec
1057 2866 1140 2911 tomen
1157 2863 1205 2912 od-

116 2929 222 2994 iaciant‚
250 2935 326 2984 caius
343 2937 418 2984 recte
435 2933 563 2998 persoluti
582 2947 642 2985 me·
678 2935 775 2983 marita
787 2939 823 2984 est
836 2948 920 2996 poena
934 2935 1067 2996 popularis
1079 2935 1205 2986 Arachnes
1253 2977 1259 2990 ,

116 3008 196 3056 moria
219 3007 364 3072 aliquando
387 3010 538 3071 gratissima
559 3009 590 3058 iis
607 3010 642 3059 sit
679 3009 769 3059 Cedere
793 3009 920 3058 caelitibus
943 3009 1073 3070 verbisque
1097 3011 1205 3060 minori-

117 3078 208 3133 lutura.
230 3082 408 3153 «Προοίμιον
425 3084 477 3133 hoc
495 3085 584 3133 ortum
601 3086 643 3134 est
678 3083 723 3132 bus
738 3085 783 3132 uti.
805 3083 876 3146 Virg.
895 3084 960 3133 Aen.
981 3084 1025 3143 to,
1044 3083 1107 3134 tit:
1126 3085 1205 3134 Dim-

117 3167 147 3204 ex
165 3158 233 3208 iusta
258 3158 374 3221 quadam
398 3158 523 3222 superbia
548 3161 575 3208 ct
600 3160 641 3209 sui
677 3163 721 3208 rat
736 3158 777 3208 ille
791 3157 888 3218 diquid
902 3169 1032 3221 empnam.
1063 3159 1105 3208 Sia
1122 3161 1204 3209 etiam

116 3227 223 3294 fiducia,
244 3245 297 3296 qua
315 3235 394 3296 poeta
412 3233 588 3294 efferebatur,
608 3247 640 3283 ex
679 3233 780 3282 Graeci.
812 3232 931 3294 Theogn.
967 3233 1031 3282 ⁴59:
1066 3227 1202 3297 Μήποτε,

116 3315 166 3365 quo
187 3309 310 3372 tempore
331 3308 458 3357 virtutem
479 3319 557 3357 suam
573 3312 641 3370 poe·
678 3303 774 3378 Κύρν’,
787 3299 954 3376 ἀγορᾶσθαι
964 3297 1035 3368 ἔπος
1045 3309 1130 3373 μέγα.
1158 3310 1205 3358 So·

115 3377 193 3431 ticam
214 3385 243 3432 et
260 3384 346 3432 artem
363 3395 426 3432 cum
444 3395 459 3431 a
477 3382 640 3446 primoribus
677 3381 765 3446 phocl.
789 3383 874 3443 Antip.
897 3383 959 3431 lh‘l:
987 3377 1058 3443 Ζεὺς
1080 3377 1134 3451 γὰρ
1150 3397 1203 3446 με-

116 3451 187 3516 viris,
205 3459 264 3506 tum
276 3455 309 3506 ab
321 3458 379 3520 ipso
390 3459 507 3519 Augusto
519 3457 555 3506 ita
568 3470 641 3507 com·
677 3453 766 3522 γάλης
795 3452 930 3523 γλώσσης
953 3452 1085 3521 κόμπους
1107 3451 1203 3528 ‘Taep-

116 3528 254 3588 probatam
272 3543 333 3582 esse
356 3529 535 3592 intellexerat,
562 3534 591 3581 at
607 3545 640 3581 ex
677 3533 814 3602 exdatper.
849 3531 1011 3582 lbid.t354:
1031 3528 1202 3598 perpoliendi

115 3613 259 3668 penuegno
284 3607 426 3668 poetarum
453 3603 520 3656 illius
545 3608 639 3656 aetatis
677 3603 758 3673 λόγοι
770 3603 902 3673 Μεγάλας
914 3601 1025 3672 πληγὰς
1042 3604 1099 3656 τῶν
1116 3597 1203 3678 ὑπερ-

116 3687 192 3740 grege
210 3677 284 3729 solus
301 3679 446 3730 haberetur
463 3680 571 3742 dignus,
594 3681 639 3743 qui
677 3678 989 3743 αύχωνἍποτίσαντες.
1002 3709 1029 3718 -
1045 3683 1133 3746 Tityos]
1147 3679 1200 3732 Cir.

115 3749 271 3804 insollemni
283 3753 407 3804 ludorum
420 3754 581 3806 secularium
593 3769 639 3805 ce·
677 3758 724 3807 0d.
746 3757 776 3817 3,
798 3756 827 3817 l,
849 3757 890 3807 m.
921 3756 995 3806 Pind.
1010 3757 1087 3819 Pyth.
1100 3757 1130 3818 l,
1150 3757 1199 3806 90:

116 3819 259 3878 lebratione
286 3829 417 3892 hymnum
443 3831 468 3879 in
490 3828 638 3894 Apollinem
675 3832 725 3881 καὶ
741 3827 800 3896 μὰν
817 3827 921 3880 Τιτυὸν
939 3829 1026 3893 βέλος
1041 3825 1201 3902 Ἀρτέμιδος

116 3901 141 3948 et
161 3901 271 3953 Dianam
298 3906 498 3967 componeret.»
527 3905 634 3954 qurs.
674 3903 800 3977 θήρευσε
811 3903 959 3976 κραιπνόν.
984 3905 1155 3970 Abhpolline
1173 3905 1201 3955 et

116 3972 280 4041 Quapropter
295 3978 340 4028 hic
352 3991 459 4041 quoque
473 3978 526 4029 duo
537 3979 579 4030 illa
591 3993 638 4031 nu·
674 3983 756 4031 Diana
773 3981 875 4044 sagittis
892 3980 1027 4030 confixum
1045 3993 1108 4030 eum
1119 3979 1200 4029 tradit

116 4049 183 4099 mina
200 4067 265 4117 prae
283 4054 380 4104 ceteris
397 4053 524 4103 celebrat.
674 4057 816 4116 Pausanias
828 4055 852 4116 3,
864 4056 904 4116 48,
918 4056 941 4106 e.
961 4057 989 4106 et
1000 4068 1032 4104 ex
1042 4053 1197 4115 Pherecyde

146 4126 169 4173 t.
187 4127 212 4176 λ.
238 4127 314 4192 Diua]
332 4131 395 4179 Post
410 4127 517 4192 longam
537 4142 636 4193 paren·
674 4129 761 4180 Schol.
781 4128 855 4181 Pind.
874 4129 891 4178 l.
910 4129 927 4179 l.
948 4156 976 4166 -
1002 4129 1101 4192 raptor]
1119 4130 1198 4177 Lato-

116 4195 198 4250 thesin
215 4203 345 4266 repetitur
356 4201 479 4254 allocutio
492 4217 517 4253 v.
531 4205 571 4253 25.
584 4206 636 4254 Do·
673 4217 724 4253 nae
735 4219 741 4262 3
754 4208 862 4255 auctore
871 4217 936 4255 vero
945 4204 1114 4268 Euphorione
1126 4201 1198 4264 apud

116 4274 174 4323 tior.
187 4303 213 4310 -
223 4277 308 4340 protes
319 4277 422 4341 Niobea]
441 4280 480 4329 De
490 4278 574 4329 Nioba
585 4279 632 4330 clr.
672 4279 760 4329 Schol.
778 4278 863 4342 Apoll.
882 4279 929 4329 lth.
944 4281 972 4338 l,
995 4277 1066 4338 tet,
1086 4277 1194 4326 Dianae.

117 4343 241 4408 imprimis
255 4352 383 4402 Welcker
396 4365 435 4414 pr.
455 4353 593 4415 napaeos
605 4366 632 4417 p.
673 4355 769 4416 Raptor
785 4355 890 4413 autem.
919 4353 964 4415 qui
988 4353 1012 4402 ei
1033 4352 1089 4401 vim
1105 4349 1195 4401 lucere
