3078 4978
635 467 638 474 ¹
696 395 824 445 Hostili
842 395 970 445 EPODON

464 554 610 639 Pecusve
634 549 780 617 Calabris
803 561 876 617 ante
899 549 989 616 sidus
1013 548 1170 616 fervidum

504 674 633 738 Lucana
658 682 759 738 mutet
779 672 923 758 pascuis,

465 797 578 882 Neque
603 805 637 860 ut
659 795 790 881 superni
813 792 887 858 villa
909 792 1052 860 candens
1075 792 1201 860 Tusculi

509 916 642 983 Circaea
665 925 772 1002 tangat
793 915 930 981 moenia.
1345 918 1392 980 30

360 1078 400 1127 28.
418 1078 523 1139 posnan
543 1079 578 1138 B,
602 1089 700 1139 pascuo
717 1073 841 1138 ἀ,βλω,
860 1078 926 1127 Pott.
946 1074 1013 1135 duo.
1039 1077 1099 1126 Lct.
1137 1077 1174 1138 (ut
1192 1089 1255 1136 nos,
1281 1076 1352 1138 bsc,

331 1165 428 1204 omnes
445 1151 587 1214 Blandinii‚
605 1151 643 1212 βκ
662 1165 738 1203 acum
756 1151 813 1202 aliis
830 1151 984 1214 quinque»)
1004 1175 1033 1186 -
1052 1151 1093 1200 29.
1111 1152 1163 1200 Nee
1174 1149 1305 1211 adacti.
1321 1178 1352 1188 -

329 1228 412 1290 arpini
429 1227 513 1278 Bentl.
534 1229 602 1280 ocni.
622 1226 656 1277 ab
674 1228 731 1292 ipso
749 1229 875 1290 recepta,
894 1225 994 1286 superbi
1011 1223 1154 1275 llarliloud.

329 1358 368 1407 27.
390 1358 430 1408 28.
450 1355 757 1420 emarecescens]
777 1359 821 1406 aul
858 1355 885 1405 ia
905 1353 968 1402 villa
989 1353 1055 1404 della
1072 1354 1201 1418 capmua.
1233 1353 1315 1405 aeaut
1334 1357 1393 1406 lio-

296 1433 433 1482 numerosi
444 1433 509 1482 mihi
521 1433 573 1483 sint
584 1431 820 1496 gregesvariisque
859 1429 947 1478 chene
964 1427 1072 1477 Joicual
1087 1429 1129 1478 des
1145 1433 1248 1479 sarranis
1265 1428 1339 1480 tata.
1361 1443 1389 1493 p.

297 1506 322 1554 in
342 1505 496 1569 regionibus
525 1505 613 1570 ampla
638 1518 755 1569 pascua,
785 1505 820 1553 ita
859 1504 909 1565 ts.)
939 1529 962 1540 -
992 1503 1086 1566 titique
1104 1503 1151 1553 0d.
1174 1504 1203 1565 3,
1225 1503 1255 1564 i,
1276 1503 1317 1553 2³.
1347 1505 1392 1554 est

296 1581 338 1640 ut,
363 1580 591 1643 quemadmodum
604 1581 704 1632 iaciunt
714 1578 820 1638 disiice,
860 1580 935 1630 Tibur
958 1581 1091 1642 supinum
1119 1593 1216 1630 verum
1241 1583 1390 1646 propterea

298 1657 399 1704 aestate
413 1653 822 1705 ovesmeaeeCalabriaiuLu·
860 1667 912 1704 non
941 1652 1014 1704 idem
1045 1652 1179 1705 ἐπίθετον
1204 1655 1247 1705 hic
1277 1667 1391 1720 quoquc

298 1728 403 1779 cuniam
423 1729 511 1779 minus
528 1731 680 1780 aestuosam
700 1729 820 1791 agantur.
860 1731 953 1792 poetae
971 1727 1249 1779 eratobtrudendum.
1284 1730 1389 1780 Tuscu-

298 1803 382 1853 Varro
394 1805 422 1853 R.
436 1805 465 1853 R.
479 1805 535 1863 ast
547 1843 553 1864 ,
567 1805 616 1853 to:
638 1816 726 1867 propes
740 1803 823 1852 omma
860 1801 916 1852 lum
933 1803 1024 1852 autem
1045 1815 1182 1864 superarem
1199 1805 1241 1852 est
1256 1815 1320 1866 pars
1340 1815 1391 1853 su-

301 1877 373 1940 tonpe
389 1877 527 1941 atipuntar
541 1879 676 1939 scalptilia
687 1879 713 1926 in
725 1877 825 1927 Sonui-
861 1877 951 1940 perior
967 1875 1027 1926 clivi
1044 1875 1184 1930 Ttrsmlani
1202 1878 1313 1942 propius
1337 1889 1392 1942 op·

300 1965 343 2000 um
363 1953 519 2002 aestuatum.
544 1952 734 2013 ibid.2,t,9:
762 1952 824 2000 milri
860 1949 962 2014 pidum.
1000 1952 1055 2000 Cic.
1074 1951 1205 2014 detegg.
1225 1949 1256 2012 3,
1278 1950 1326 2000 43ε
1360 1953 1390 2001 i..

300 2039 387 2089 prepes
403 2027 430 2075 ia
440 2027 533 2088 Apulia
543 2027 724 2088 hibernabant,
743 2026 824 2088 quiin
861 2023 994 2086 Lucullus,
1007 2025 1102 2075 obiecta
1111 2027 1300 2090 mapaiticeatia
1311 2026 1392 2075 uillae

298 2101 408 2150 Reatinis
427 2101 550 2151 montibus
569 2101 733 2151 aestivalem.
761 2099 822 2162 (Cir.
862 2099 1028 2160 murtae,
1046 2099 1184 2163 respoudit
1200 2101 1249 2149 dan
1263 2101 1393 2150 atacem

301 2175 381 2224 etiam
393 2176 473 2239 Epist.
487 2177 511 2238 2,
526 2177 550 2238 2,
564 2177 628 2226 iti:
648 2174 825 2226 caecasse-
859 2175 966 2234 cictaos‚
984 2175 1152 2236 superiorem,
1170 2175 1278 2237 equitetis
1291 2175 1389 2224 itoma-

301 2249 365 2298 titms
390 2249 479 2300 adiecti
503 2250 621 2314 Lucani.)
653 2249 766 2300 Pulchre
789 2249 823 2298 de
860 2261 934 2307 num,
952 2248 1111 2311 infelicem,
1130 2249 1273 2298 libertinum
1290 2251 1344 2298 cet.
1361 2277 1389 2284 -

300 2321 386 2374 beatis
404 2325 445 2374 his
458 2324 546 2376 ltaliae
564 2324 692 2376 tractibus
710 2323 824 2375 liehlues
863 2323 959 2372 Tusculi
976 2323 1081 2373 Circaea
1092 2351 1106 2359 -
1117 2324 1225 2389 moenia]
1244 2323 1391 2374 Tusculum

299 2399 369 2448 Neue
384 2400 514 2449 Medecll.
533 2401 559 2449 S.
573 2400 640 2451 264:
657 2401 825 2463 Dicssttestea
861 2411 875 2446 a
902 2395 1033 2460 Telegono
1068 2395 1144 2448 Ulixis
1170 2411 1203 2447 cx
1229 2399 1305 2449 Circa
1335 2397 1391 2448 filio

303 2473 472 2535 Weidetriltcn
489 2474 575 2536 lactea
592 2488 626 2523 aa
637 2476 683 2523 dea
693 2475 827 2524 meandri·
862 2470 999 2522 conditum
1023 2469 1158 2530 ferebant;
1186 2472 1258 2522 unde
1283 2472 1331 2522 0d.
1358 2471 1389 2530 3,

299 2547 371 2596 seheri
396 2547 494 2595 Bdclren
519 2547 562 2596 ltin
581 2549 633 2596 und
652 2547 770 2597 bedoekm
787 2548 826 2598 die
861 2547 908 2607 29,
932 2546 961 2596 8:
999 2545 1110 2609 Tetepoai
1134 2547 1197 2610 iupa
1219 2548 1389 2609 panicidac,

300 2623 395 2683 offensa
405 2621 823 2684 Hdierrawisclreadenilrforsten.
861 2621 908 2672 ubi
924 2619 985 2670 vids
1013 2619 1103 2671 adnot.
1139 2621 1287 2671 Construe:
1317 2623 1390 2680 Νοιι,

300 2695 349 2744 Die
371 2695 485 2759 tippipsta
512 2696 654 2759 Vepetatioa
676 2697 741 2746 laclit
765 2696 826 2746 iiber
861 2701 890 2746 at
925 2695 987 2744 oilla
1019 2696 1126 2744 candens
1164 2699 1253 2759 tcaput
1290 2697 1393 2746 monio

302 2770 431 2831 Berpaad
448 2769 508 2818 Tlal
521 2771 574 2819 und
588 2771 826 2821 coaetutsellstan
862 2771 967 2822 Circaea
997 2769 1094 2818 Tusculi
1121 2769 1238 2831 serpenti,
1274 2769 1301 2819 id
1330 2771 1390 2820 esi:

301 2846 348 2894 den
374 2844 523 2908 panadipen
545 2845 697 2895 Felsmassen
722 2859 825 2908 erapor,
863 2858 932 2896 «nou
956 2847 1032 2909 opto,
1052 2846 1080 2894 ut
1100 2842 1159 2894 vilia
1183 2844 1247 2894 mihi
1269 2843 1392 2907 obtingat

302 2919 401 2981 cufdie
417 2919 468 2968 del
483 2920 543 2980 jane
561 2921 653 2982 Trition
678 2921 764 2985 Muflp
780 2919 827 2969 ab·
863 2931 1015 2969 marmorea
1041 2920 1068 2968 et
1093 2918 1229 2981 uugniflcc
1254 2922 1391 2970 exstructa

301 2993 438 3042 schneiden.
462 3019 491 3029 —
521 2999 579 3044 ante
603 2996 670 3045 adiu
688 2995 825 3060 factuam]
862 3007 947 3058 prope
975 2993 1063 3056 ipsum
1088 2991 1259 3043 Tusculum.»
1293 2993 1393 3044 Videli-

303 3069 380 3116 «ante
393 3066 534 3118 Caniculae
547 3071 662 3118 ortum.»
675 3097 702 3105 —
716 3070 828 3120 Decon-
864 3070 908 3118 cet
938 3065 1016 3129 longe
1048 3067 1220 3131 pretiosiores
1249 3067 1390 3132 magisque

302 3142 448 3192 structione
465 3155 489 3190 v.
503 3148 603 3192 matare
616 3143 664 3194 clr.
679 3143 727 3194 0d.
742 3144 752 3193 l
765 3182 770 3204 ‚
785 3145 825 3204 ta,
863 3143 996 3206 appetitae
1031 3143 1108 3192 crant
1140 3139 1216 3192 villus
1244 3155 1390 3193 amoenum

303 3219 327 3266 T.
347 3220 374 3266 et
391 3217 443 3266 Sat.
462 3217 493 3276 2,
515 3219 543 3277 7,
566 3219 623 3267 tto.
657 3245 683 3253 —
712 3219 826 3280 pascuis]
864 3215 928 3266 illud
945 3216 1075 3280 oppidum
1092 3208 1211 3280 proxime
1229 3217 1390 3280 attingentes

304 3291 376 3341 ilaec
397 3289 476 3341 lectio
500 3303 551 3340 non
570 3290 657 3342 solum
674 3291 826 3341 firmatura
864 3303 946 3354 quam
957 3292 1126 3342 remotiores.
1148 3291 1189 3340 Sic
1202 3292 1312 3342 minime
1325 3305 1391 3342 ean-

303 3364 392 3416 multis
410 3368 437 3415 et
448 3365 647 3429 praestantibus
659 3365 758 3426 codd,
778 3365 828 3416 sed
865 3365 928 3418 dem
954 3365 1114 3416 senteutiam
1144 3365 1177 3428 (v.
1196 3365 1249 3428 25.)
1277 3367 1389 3430 repetit.

303 3439 404 3491 lucilius
422 3441 502 3490 stiam
518 3453 616 3491 nomen
629 3440 828 3490 accommodari
866 3453 935 3491 anon
953 3441 1029 3504 opto,
1049 3442 1077 3489 ut
1095 3440 1159 3489 mihi
1177 3439 1294 3490 donetur
1312 3453 1391 3504 prae-

304 3516 410 3578 poterat
420 3515 455 3565 ad
466 3515 643 3580 propinquius
660 3514 756 3565 adiect.
775 3515 828 3564 La-
865 3514 939 3565 dium
951 3527 1033 3578 quam
1045 3513 1238 3579 amplissimum
1250 3517 1277 3564 el
1289 3514 1390 3565 lertilis-

304 3603 370 3640 cana
402 3603 483 3654 quam
518 3594 619 3643 contra.
667 3593 735 3641 «Nos
767 3591 828 3641 ideo
866 3592 993 3647 simumr3
1012 3589 1061 3639 scd
1078 3589 1210 3653 adiungit:
1242 3604 1309 3641 «nec
1326 3603 1389 3640 vero

302 3665 404 3726 pascuis
421 3665 616 3726 praeterimus,
644 3679 678 3715 ne
700 3667 725 3715 iu
743 3664 828 3716 tribus
865 3663 942 3715 villae
960 3676 1090 3714 amoenae
1103 3664 1217 3728 cupidus
1234 3677 1322 3714 sumn
1344 3666 1389 3714 Lo

305 3737 435 3787 continuis
453 3739 547 3801 epcdis
565 3739 660 3789 cadam
679 3741 756 3790 exeat
773 3742 829 3789 ter·
866 3739 957 3802 quitur
973 3750 1038 3801 argo
1055 3737 1089 3788 de
1107 3737 1180 3798 villa,
1200 3741 1230 3788 ut
1247 3739 1281 3788 ila
1293 3737 1389 3793 dimus.

306 3811 439 3862 minatio.»
461 3811 550 3861 Bsuru.
867 3812 945 3874 sicta,
973 3824 1055 3875 quam
1080 3815 1229 3881 φαντασίᾳ
1257 3814 1390 3877 concipit:

337 3885 379 3935 29.
398 3883 438 3933 30.
457 3888 570 3947 superni]
589 3887 670 3935 Vetus
685 3886 828 3939 Tusculum
868 3899 955 3951 neque
981 3900 1047 3938 vero
1074 3899 1103 3937 se
1126 3901 1179 3938 non
1202 3889 1295 3952 aptare
1314 3887 1389 3944 dicit,

307 3964 385 4024 (anno
404 3959 466 4008 Chr.
489 3959 560 4008 rtet.
583 3973 598 4008 a
615 3961 738 4010 Romanis
755 3961 830 4012 diru-
869 3965 914 4013 aut
931 3960 1060 4012 Sabinum
1078 3974 1156 4012 suum
1174 3963 1227 4012 xv.
1247 3959 1300 4012 mil.
1320 3973 1389 4025 pass.

307 4035 370 4088 lurni
398 4034 424 4082 in
442 4036 532 4084 incute
549 4045 676 4097 supremo
694 4035 829 4087 conditum
868 4034 1013 4086 nTusoulo
1032 4035 1149 4096 distans,
1172 4033 1232 4084 uilla
1254 4049 1269 4084 a
1290 4048 1391 4084 novoe

308 4111 379 4166 erat,
404 4107 563 4158 hodiernum
589 4109 645 4157 sive
672 4109 787 4160 Frascati
805 4113 831 4160 in
868 4123 1002 4161 marmore
1028 4109 1199 4160 constructa·
1234 4111 1325 4172 (inser.
1355 4121 1390 4158 m.

308 4181 375 4232 clivo
386 4181 481 4233 lenitur
492 4183 657 4245 assurgente.
680 4183 830 4248 (Antiquam
869 4187 923 4235 Lat.
944 4187 973 4234 N.
998 4185 1037 4234 43.
1063 4187 1089 4234 et
1111 4184 1210 4246 tacu),
1240 4197 1341 4249 «usque
1359 4183 1392 4235 sd

308 4257 450 4309 ‘Tusculum
478 4259 557 4308 situm
584 4259 653 4316 erat,
689 4257 734 4309 ubi
761 4273 830 4310 nunc
868 4259 945 4309 narius
977 4273 1067 4311 muros
1095 4259 1254 4310 extendatur
1278 4257 1392 4324 praediis
