<?xml version="1.0" encoding="UTF-8"?>
<!DOCTYPE html PUBLIC "-//W3C//DTD XHTML 1.0 Transitional//EN"
    "http://www.w3.org/TR/xhtml1/DTD/xhtml1-transitional.dtd">
<html xmlns="http://www.w3.org/1999/xhtml" xml:lang="en" lang="en">
 <head>
  <title>
</title>
<meta http-equiv="Content-Type" content="text/html;charset=utf-8" />
  <meta name='ocr-system' content='tesseract 3.04.00' />
  <meta name='ocr-capabilities' content='ocr_page ocr_carea ocr_par ocr_line ocrx_word'/>
</head>
<body>
  <div class='ocr_page' id='page_1' title='image "./qhoratiusflaccu02baitgoog/qhoratiusflaccu02baitgoog_0126.png"; bbox 0 0 2998 4980; ppageno 0'>
   <div class='ocr_carea' id='block_1_1' title="bbox 517 419 761 468">
    <p class='ocr_par' dir='ltr' id='par_1_1' title="bbox 517 419 761 468">
     <span class='ocr_line' id='line_1_1' title="bbox 517 419 761 468; baseline -0.008 0"><span class='ocrx_word' id='word_1_1' title='bbox 517 419 575 468; x_wconf 78' lang='grc' dir='ltr'>ΗΒ.</span> <span class='ocrx_word' id='word_1_2' title='bbox 594 421 613 468; x_wconf 89' lang='lat' dir='ltr'>l.</span> <span class='ocrx_word' id='word_1_3' title='bbox 649 419 678 468; x_wconf 88' lang='lat' dir='ltr'>C.</span> <span class='ocrx_word' id='word_1_4' title='bbox 698 419 761 468; x_wconf 77' lang='lat' dir='ltr'>XIV.</span> 
     </span>
    </p>
   </div>
   <div class='ocr_carea' id='block_1_2' title="bbox 292 573 923 894">
    <p class='ocr_par' dir='ltr' id='par_1_2' title="bbox 292 573 923 894">
     <span class='ocr_line' id='line_1_2' title="bbox 292 573 923 661; baseline 0 -21"><span class='ocrx_word' id='word_1_5' title='bbox 292 574 340 640; x_wconf 85' lang='lat' dir='ltr'>Nil</span> <span class='ocrx_word' id='word_1_6' title='bbox 363 574 457 661; x_wconf 82' lang='lat' dir='ltr'>pictis</span> <span class='ocrx_word' id='word_1_7' title='bbox 479 573 609 640; x_wconf 87' lang='lat' dir='ltr'>timidus</span> <span class='ocrx_word' id='word_1_8' title='bbox 632 573 738 640; x_wconf 84' lang='lat' dir='ltr'>navita</span> <span class='ocrx_word' id='word_1_9' title='bbox 760 573 923 661; x_wconf 86' lang='lat' dir='ltr'>puppibus</span> 
     </span>
     <span class='ocr_line' id='line_1_3' title="bbox 335 695 735 771; baseline 0 -9"><span class='ocrx_word' id='word_1_10' title='bbox 335 695 426 762; x_wconf 90' lang='lat' dir='ltr'>Fidit.</span> <span class='ocrx_word' id='word_1_11' title='bbox 463 696 525 771; x_wconf 85' lang='lat' dir='ltr'>Tu,</span> <span class='ocrx_word' id='word_1_12' title='bbox 549 695 610 760; x_wconf 90' lang='lat' dir='ltr'>nisi</span> <span class='ocrx_word' id='word_1_13' title='bbox 632 695 735 762; x_wconf 85' lang='lat' dir='ltr'>ventis</span> 
     </span>
     <span class='ocr_line' id='line_1_4' title="bbox 374 815 807 894; baseline -0.002 -12"><span class='ocrx_word' id='word_1_14' title='bbox 374 815 483 882; x_wconf 81' lang='lat' dir='ltr'><strong>Debes</strong></span> <span class='ocrx_word' id='word_1_15' title='bbox 505 815 694 894; x_wconf 83' lang='lat' dir='ltr'>ludibrium,</span> <span class='ocrx_word' id='word_1_16' title='bbox 719 837 807 882; x_wconf 88' lang='lat' dir='ltr'>cave.</span> 
     </span>
    </p>
   </div>
   <div class='ocr_carea' id='block_1_3' title="bbox 291 991 980 1203">
    <p class='ocr_par' dir='ltr' id='par_1_3' title="bbox 291 991 980 1203">
     <span class='ocr_line' id='line_1_5' title="bbox 291 991 980 1082; baseline 0.001 -23"><span class='ocrx_word' id='word_1_17' title='bbox 291 997 401 1081; x_wconf 87' lang='lat' dir='ltr'>Nuper</span> <span class='ocrx_word' id='word_1_18' title='bbox 423 991 593 1060; x_wconf 87' lang='lat' dir='ltr'>sollicitum</span> <span class='ocrx_word' id='word_1_19' title='bbox 617 1015 702 1082; x_wconf 85' lang='lat' dir='ltr'>quae</span> <span class='ocrx_word' id='word_1_20' title='bbox 724 993 801 1060; x_wconf 93' lang='lat' dir='ltr'>mibi</span> <span class='ocrx_word' id='word_1_21' title='bbox 823 994 980 1070; x_wconf 86' lang='lat' dir='ltr'>taedium,</span> 
     </span>
     <span class='ocr_line' id='line_1_6' title="bbox 291 1113 973 1203; baseline 0 -21"><span class='ocrx_word' id='word_1_22' title='bbox 291 1117 382 1182; x_wconf 88' lang='lat' dir='ltr'>Nune</span> <span class='ocrx_word' id='word_1_23' title='bbox 406 1113 606 1182; x_wconf 89' lang='lat' dir='ltr'>desiderium</span> <span class='ocrx_word' id='word_1_24' title='bbox 628 1135 772 1203; x_wconf 86' lang='lat' dir='ltr'>curaque</span> <span class='ocrx_word' id='word_1_25' title='bbox 795 1137 859 1182; x_wconf 92' lang='lat' dir='ltr'>non</span> <span class='ocrx_word' id='word_1_26' title='bbox 881 1115 973 1192; x_wconf 74' lang='lat' dir='ltr'>levis</span> 
     </span>
    </p>
   </div>
   <div class='ocr_carea' id='block_1_4' title="bbox 185 1411 932 1481">
    <p class='ocr_par' dir='ltr' id='par_1_4' title="bbox 185 1411 932 1481">
     <span class='ocr_line' id='line_1_7' title="bbox 185 1411 932 1481; baseline -0.004 -12"><span class='ocrx_word' id='word_1_27' title='bbox 185 1417 225 1469; x_wconf 78' lang='lat' dir='ltr'>tt.</span> <span class='ocrx_word' id='word_1_28' title='bbox 245 1417 354 1467; x_wconf 72' lang='lat' dir='ltr'>midae</span> <span class='ocrx_word' id='word_1_29' title='bbox 370 1411 395 1480; x_wconf 80' lang='grc' dir='ltr'>ξ,</span> <span class='ocrx_word' id='word_1_30' title='bbox 414 1419 443 1467; x_wconf 89' lang='lat' dir='ltr'>nt</span> <span class='ocrx_word' id='word_1_31' title='bbox 459 1415 580 1467; x_wconf 83' lang='lat' dir='ltr'>voluerat</span> <span class='ocrx_word' id='word_1_32' title='bbox 596 1415 675 1468; x_wconf 78' lang='lat' dir='ltr'>lidius</span> <span class='ocrx_word' id='word_1_33' title='bbox 693 1417 792 1468; x_wconf 82' lang='lat' dir='ltr'>Caesar</span> <span class='ocrx_word' id='word_1_34' title='bbox 809 1415 932 1481; x_wconf 82' lang='lat' dir='ltr'>Scaliger.</span> 
     </span>
    </p>
   </div>
   <div class='ocr_carea' id='block_1_5' title="bbox 115 1681 1210 4366">
    <p class='ocr_par' dir='ltr' id='par_1_5' title="bbox 115 1681 1210 4366">
     <span class='ocr_line' id='line_1_8' title="bbox 117 1681 1204 1756; baseline 0.004 -20"><span class='ocrx_word' id='word_1_35' title='bbox 117 1689 165 1754; x_wconf 82' lang='lat' dir='ltr'>tite]</span> <span class='ocrx_word' id='word_1_36' title='bbox 194 1687 281 1738; x_wconf 82' lang='lat' dir='ltr'>Etiam</span> <span class='ocrx_word' id='word_1_37' title='bbox 305 1687 332 1736; x_wconf 92' lang='lat' dir='ltr'>in</span> <span class='ocrx_word' id='word_1_38' title='bbox 352 1686 394 1737; x_wconf 87' lang='lat' dir='ltr'>bis</span> <span class='ocrx_word' id='word_1_39' title='bbox 415 1685 507 1737; x_wconf 82' lang='lat' dir='ltr'>turbas</span> <span class='ocrx_word' id='word_1_40' title='bbox 527 1683 646 1736; x_wconf 87' lang='lat' dir='ltr'>nonnulli</span> <span class='ocrx_word' id='word_1_41' title='bbox 715 1685 756 1735; x_wconf 82' lang='lat' dir='ltr'>ld.</span> <span class='ocrx_word' id='word_1_42' title='bbox 790 1685 877 1750; x_wconf 75' lang='lat' dir='ltr'>Debeo]</span> <span class='ocrx_word' id='word_1_43' title='bbox 902 1689 932 1736; x_wconf 91' lang='lat' dir='ltr'>ut</span> <span class='ocrx_word' id='word_1_44' title='bbox 954 1681 1142 1749; x_wconf 79' lang='grc' dir='ltr'><strong><em>ὀφλισκάνειν</em></strong></span> <span class='ocrx_word' id='word_1_45' title='bbox 1158 1691 1204 1756; x_wconf 78' lang='grc' dir='ltr'>γέ-</span> 
     </span>
     <span class='ocr_line' id='line_1_9' title="bbox 117 1757 1202 1826; baseline -0.001 -13"><span class='ocrx_word' id='word_1_46' title='bbox 117 1763 295 1822; x_wconf 77' lang='lat' dir='ltr'>concHnrnnt,</span> <span class='ocrx_word' id='word_1_47' title='bbox 310 1773 474 1824; x_wconf 84' lang='lat' dir='ltr'>quamquam</span> <span class='ocrx_word' id='word_1_48' title='bbox 483 1761 645 1811; x_wconf 84' lang='lat' dir='ltr'>constructio</span> <span class='ocrx_word' id='word_1_49' title='bbox 682 1757 774 1820; x_wconf 82' lang='grc' dir='ltr'><em>λωτα,</em></span> <span class='ocrx_word' id='word_1_50' title='bbox 797 1757 889 1826; x_wconf 81' lang='grc' dir='ltr'><strong><em>δίκην,</em></strong></span> <span class='ocrx_word' id='word_1_51' title='bbox 924 1761 1013 1825; x_wconf 87' lang='lat' dir='ltr'>Enrip.</span> <span class='ocrx_word' id='word_1_52' title='bbox 1038 1761 1128 1814; x_wconf 83' lang='lat' dir='ltr'>Helen.</span> <span class='ocrx_word' id='word_1_53' title='bbox 1153 1766 1202 1815; x_wconf 78' lang='lat' dir='ltr'>til:</span> 
     </span>
     <span class='ocr_line' id='line_1_10' title="bbox 117 1831 1205 1909; baseline 0.002 -21"><span class='ocrx_word' id='word_1_54' title='bbox 117 1841 159 1888; x_wconf 86' lang='lat' dir='ltr'>est</span> <span class='ocrx_word' id='word_1_55' title='bbox 177 1834 314 1888; x_wconf 76' lang='lat' dir='ltr'>facillima:</span> <span class='ocrx_word' id='word_1_56' title='bbox 335 1835 476 1897; x_wconf 70' lang='lat' dir='ltr'>«octomela</span> <span class='ocrx_word' id='word_1_57' title='bbox 490 1838 533 1895; x_wconf 88' lang='lat' dir='ltr'>tu,</span> <span class='ocrx_word' id='word_1_58' title='bbox 552 1836 644 1898; x_wconf 90' lang='lat' dir='ltr'>utpote</span> <span class='ocrx_word' id='word_1_59' title='bbox 681 1831 724 1900; x_wconf 84' lang='grc' dir='ltr'>μή</span> <span class='ocrx_word' id='word_1_60' title='bbox 746 1848 799 1899; x_wconf 86' lang='grc' dir='ltr'>μοι</span> <span class='ocrx_word' id='word_1_61' title='bbox 822 1863 836 1873; x_wconf 95' lang='grc'>-</span> <span class='ocrx_word' id='word_1_62' title='bbox 852 1865 868 1875; x_wconf 86' lang='grc'>-</span> <span class='ocrx_word' id='word_1_63' title='bbox 889 1833 1032 1902; x_wconf 73' lang='grc' dir='ltr'><strong><em>αἰσχύνην</em></strong></span> <span class='ocrx_word' id='word_1_64' title='bbox 1054 1831 1140 1909; x_wconf 76' lang='grc' dir='ltr'><strong><em>ὄφλῃ.</em></strong></span> <span class='ocrx_word' id='word_1_65' title='bbox 1176 1842 1205 1890; x_wconf 90' lang='lat' dir='ltr'>ln</span> 
     </span>
     <span class='ocr_line' id='line_1_11' title="bbox 117 1909 1203 1975; baseline -0.003 -14"><span class='ocrx_word' id='word_1_66' title='bbox 117 1925 187 1975; x_wconf 87' lang='lat' dir='ltr'>quae</span> <span class='ocrx_word' id='word_1_67' title='bbox 206 1911 329 1971; x_wconf 78' lang='lat' dir='ltr'>alapiona</span> <span class='ocrx_word' id='word_1_68' title='bbox 338 1912 441 1961; x_wconf 81' lang='lat' dir='ltr'>Pontico</span> <span class='ocrx_word' id='word_1_69' title='bbox 456 1909 578 1973; x_wconf 89' lang='lat' dir='ltr'>adeoque</span> <span class='ocrx_word' id='word_1_70' title='bbox 590 1910 647 1974; x_wconf 75' lang='lat' dir='ltr'>litia</span> <span class='ocrx_word' id='word_1_71' title='bbox 682 1922 762 1972; x_wconf 89' lang='lat' dir='ltr'>prosa</span> <span class='ocrx_word' id='word_1_72' title='bbox 788 1911 854 1959; x_wconf 87' lang='lat' dir='ltr'>orat.</span> <span class='ocrx_word' id='word_1_73' title='bbox 881 1924 977 1972; x_wconf 66' lang='lat' dir='ltr'>leave,</span> <span class='ocrx_word' id='word_1_74' title='bbox 1007 1925 1040 1962; x_wconf 88' lang='lat' dir='ltr'>ne</span> <span class='ocrx_word' id='word_1_75' title='bbox 1066 1913 1203 1972; x_wconf 70' lang='lat' dir='ltr'>debeasu3</span> 
     </span>
     <span class='ocr_line' id='line_1_12' title="bbox 116 1984 1207 2050; baseline 0.003 -14"><span class='ocrx_word' id='word_1_76' title='bbox 116 1988 194 2036; x_wconf 79' lang='lat' dir='ltr'>siloae</span> <span class='ocrx_word' id='word_1_77' title='bbox 214 1984 315 2046; x_wconf 65' lang='lat' dir='ltr'>newis,</span> <span class='ocrx_word' id='word_1_78' title='bbox 337 1987 414 2036; x_wconf 81' lang='lat' dir='ltr'>iactes</span> <span class='ocrx_word' id='word_1_79' title='bbox 429 1999 509 2050; x_wconf 69' lang='lat' dir='ltr'>peram</span> <span class='ocrx_word' id='word_1_80' title='bbox 532 1987 644 2035; x_wconf 56' lang='lat' dir='ltr'>tauma</span> <span class='ocrx_word' id='word_1_81' title='bbox 682 1984 725 2034; x_wconf 91' lang='lat' dir='ltr'>hie</span> <span class='ocrx_word' id='word_1_82' title='bbox 741 1987 831 2035; x_wconf 86' lang='lat' dir='ltr'>autem</span> <span class='ocrx_word' id='word_1_83' title='bbox 845 1986 941 2036; x_wconf 89' lang='lat' dir='ltr'>miscet</span> <span class='ocrx_word' id='word_1_84' title='bbox 956 1985 1207 2039; x_wconf 87' lang='lat' dir='ltr'>duaseonstructio-</span> 
     </span>
     <span class='ocr_line' id='line_1_13' title="bbox 119 2054 1204 2127; baseline 0.001 -16"><span class='ocrx_word' id='word_1_85' title='bbox 119 2054 296 2116; x_wconf 66' lang='lat' dir='ltr'>minuendum</span> <span class='ocrx_word' id='word_1_86' title='bbox 313 2060 366 2110; x_wconf 89' lang='lat' dir='ltr'>hoc</span> <span class='ocrx_word' id='word_1_87' title='bbox 381 2062 438 2110; x_wconf 89' lang='lat' dir='ltr'>erat</span> <span class='ocrx_word' id='word_1_88' title='bbox 452 2063 564 2124; x_wconf 86' lang='lat' dir='ltr'>propter</span> <span class='ocrx_word' id='word_1_89' title='bbox 581 2059 644 2121; x_wconf 87' lang='lat' dir='ltr'>HP.,</span> <span class='ocrx_word' id='word_1_90' title='bbox 682 2071 745 2108; x_wconf 89' lang='lat' dir='ltr'>nes:</span> <span class='ocrx_word' id='word_1_91' title='bbox 771 2057 859 2120; x_wconf 86' lang='lat' dir='ltr'>illam,</span> <span class='ocrx_word' id='word_1_92' title='bbox 879 2063 906 2110; x_wconf 88' lang='lat' dir='ltr'>et</span> <span class='ocrx_word' id='word_1_93' title='bbox 923 2062 988 2110; x_wconf 78' lang='lat' dir='ltr'>«nisi</span> <span class='ocrx_word' id='word_1_94' title='bbox 1005 2063 1090 2113; x_wconf 87' lang='lat' dir='ltr'>mavis</span> <span class='ocrx_word' id='word_1_95' title='bbox 1106 2063 1204 2127; x_wconf 90' lang='lat' dir='ltr'>perire,</span> 
     </span>
     <span class='ocr_line' id='line_1_14' title="bbox 117 2133 1206 2200; baseline 0.001 -16"><span class='ocrx_word' id='word_1_96' title='bbox 117 2137 163 2200; x_wconf 88' lang='lat' dir='ltr'>qni</span> <span class='ocrx_word' id='word_1_97' title='bbox 193 2135 326 2184; x_wconf 86' lang='lat' dir='ltr'>distinxit:</span> <span class='ocrx_word' id='word_1_98' title='bbox 364 2135 518 2197; x_wconf 68' lang='lat' dir='ltr'>commuta,</span> <span class='ocrx_word' id='word_1_99' title='bbox 544 2135 647 2183; x_wconf 69' lang='lat' dir='ltr'>mico</span> <span class='ocrx_word' id='word_1_100' title='bbox 682 2147 774 2182; x_wconf 84' lang='lat' dir='ltr'>cave.»</span> <span class='ocrx_word' id='word_1_101' title='bbox 797 2133 859 2186; x_wconf 78' lang='lat' dir='ltr'>Aliis</span> <span class='ocrx_word' id='word_1_102' title='bbox 873 2135 984 2185; x_wconf 85' lang='lat' dir='ltr'>lorinsse</span> <span class='ocrx_word' id='word_1_103' title='bbox 996 2137 1080 2198; x_wconf 82' lang='lat' dir='ltr'>magis</span> <span class='ocrx_word' id='word_1_104' title='bbox 1091 2136 1206 2200; x_wconf 86' lang='lat' dir='ltr'>placebit</span> 
     </span>
     <span class='ocr_line' id='line_1_15' title="bbox 115 2207 1203 2275; baseline 0 -15"><span class='ocrx_word' id='word_1_105' title='bbox 115 2212 206 2272; x_wconf 64' lang='lat' dir='ltr'>mnus,</span> <span class='ocrx_word' id='word_1_106' title='bbox 229 2209 315 2258; x_wconf 79' lang='lat' dir='ltr'>Silvae</span> <span class='ocrx_word' id='word_1_107' title='bbox 328 2209 383 2274; x_wconf 69' lang='lat' dir='ltr'>filio</span> <span class='ocrx_word' id='word_1_108' title='bbox 399 2209 488 2258; x_wconf 76' lang='lat' dir='ltr'>nobilia</span> <span class='ocrx_word' id='word_1_109' title='bbox 502 2209 593 2269; x_wconf 79' lang='lat' dir='ltr'>laetos,</span> <span class='ocrx_word' id='word_1_110' title='bbox 619 2208 646 2258; x_wconf 91' lang='lat' dir='ltr'>id</span> <span class='ocrx_word' id='word_1_111' title='bbox 683 2207 875 2272; x_wconf 82' lang='lat' dir='ltr'>Dillenbnrgeri</span> <span class='ocrx_word' id='word_1_112' title='bbox 892 2211 973 2272; x_wconf 89' lang='lat' dir='ltr'>ratio,</span> <span class='ocrx_word' id='word_1_113' title='bbox 996 2213 1041 2275; x_wconf 84' lang='lat' dir='ltr'>qui</span> <span class='ocrx_word' id='word_1_114' title='bbox 1058 2224 1121 2260; x_wconf 89' lang='lat' dir='ltr'>eum</span> <span class='ocrx_word' id='word_1_115' title='bbox 1137 2211 1203 2261; x_wconf 88' lang='lat' dir='ltr'>Edd.</span> 
     </span>
     <span class='ocr_line' id='line_1_16' title="bbox 118 2283 1206 2348; baseline -0.002 -12"><span class='ocrx_word' id='word_1_116' title='bbox 118 2286 173 2336; x_wconf 88' lang='lat' dir='ltr'>est:</span> <span class='ocrx_word' id='word_1_117' title='bbox 194 2286 237 2334; x_wconf 78' lang='lat' dir='ltr'>«te</span> <span class='ocrx_word' id='word_1_118' title='bbox 252 2285 336 2334; x_wconf 87' lang='lat' dir='ltr'>iactes</span> <span class='ocrx_word' id='word_1_119' title='bbox 350 2283 431 2335; x_wconf 85' lang='lat' dir='ltr'>liliam</span> <span class='ocrx_word' id='word_1_120' title='bbox 443 2284 536 2346; x_wconf 80' lang='lat' dir='ltr'>cet.»):</span> <span class='ocrx_word' id='word_1_121' title='bbox 556 2285 647 2334; x_wconf 69' lang='lat' dir='ltr'>«taem</span> <span class='ocrx_word' id='word_1_122' title='bbox 682 2285 762 2342; x_wconf 75' lang='lat' dir='ltr'>vett,</span> <span class='ocrx_word' id='word_1_123' title='bbox 789 2284 868 2334; x_wconf 85' lang='lat' dir='ltr'>etiam</span> <span class='ocrx_word' id='word_1_124' title='bbox 883 2283 996 2345; x_wconf 61' lang='lat' dir='ltr'>elidiata,</span> <span class='ocrx_word' id='word_1_125' title='bbox 1022 2287 1134 2348; x_wconf 87' lang='lat' dir='ltr'>utraque</span> <span class='ocrx_word' id='word_1_126' title='bbox 1152 2286 1206 2334; x_wconf 84' lang='lat' dir='ltr'>vir-</span> 
     </span>
     <span class='ocr_line' id='line_1_17' title="bbox 119 2356 1204 2422; baseline -0.005 -10"><span class='ocrx_word' id='word_1_127' title='bbox 119 2366 142 2412; x_wconf 81' lang='lat' dir='ltr'>et</span> <span class='ocrx_word' id='word_1_128' title='bbox 157 2373 257 2418; x_wconf 75' lang='lat' dir='ltr'>amaea,</span> <span class='ocrx_word' id='word_1_129' title='bbox 274 2369 343 2420; x_wconf 82' lang='lat' dir='ltr'>quae</span> <span class='ocrx_word' id='word_1_130' title='bbox 360 2357 423 2410; x_wconf 88' lang='lat' dir='ltr'>nihil</span> <span class='ocrx_word' id='word_1_131' title='bbox 438 2358 548 2408; x_wconf 88' lang='lat' dir='ltr'>omnino</span> <span class='ocrx_word' id='word_1_132' title='bbox 563 2361 590 2408; x_wconf 88' lang='lat' dir='ltr'>te</span> <span class='ocrx_word' id='word_1_133' title='bbox 604 2359 647 2408; x_wconf 90' lang='lat' dir='ltr'>lu·</span> <span class='ocrx_word' id='word_1_134' title='bbox 683 2357 743 2421; x_wconf 78' lang='lat' dir='ltr'>gilla</span> <span class='ocrx_word' id='word_1_135' title='bbox 759 2356 861 2407; x_wconf 83' lang='lat' dir='ltr'>deleta:</span> <span class='ocrx_word' id='word_1_136' title='bbox 882 2359 948 2408; x_wconf 76' lang='lat' dir='ltr'>«Est</span> <span class='ocrx_word' id='word_1_137' title='bbox 964 2373 1093 2420; x_wconf 72' lang='lat' dir='ltr'>nimus»,</span> <span class='ocrx_word' id='word_1_138' title='bbox 1111 2360 1204 2422; x_wconf 88' lang='lat' dir='ltr'>inquit,</span> 
     </span>
     <span class='ocr_line' id='line_1_18' title="bbox 118 2431 1206 2496; baseline 0.002 -14"><span class='ocrx_word' id='word_1_139' title='bbox 118 2436 207 2484; x_wconf 76' lang='lat' dir='ltr'>rant.»</span> <span class='ocrx_word' id='word_1_140' title='bbox 243 2434 272 2482; x_wconf 90' lang='lat' dir='ltr'>ln</span> <span class='ocrx_word' id='word_1_141' title='bbox 289 2446 313 2483; x_wconf 85' lang='lat' dir='ltr'>v.</span> <span class='ocrx_word' id='word_1_142' title='bbox 331 2434 408 2484; x_wconf 78' lang='lat' dir='ltr'>iactes</span> <span class='ocrx_word' id='word_1_143' title='bbox 431 2445 496 2484; x_wconf 88' lang='lat' dir='ltr'>sane</span> <span class='ocrx_word' id='word_1_144' title='bbox 518 2431 586 2484; x_wconf 89' lang='lat' dir='ltr'>lenia</span> <span class='ocrx_word' id='word_1_145' title='bbox 605 2437 647 2486; x_wconf 87' lang='lat' dir='ltr'>est</span> <span class='ocrx_word' id='word_1_146' title='bbox 684 2431 768 2482; x_wconf 70' lang='lat' dir='ltr'>«illud</span> <span class='ocrx_word' id='word_1_147' title='bbox 784 2435 879 2496; x_wconf 80' lang='lat' dir='ltr'>poetae</span> <span class='ocrx_word' id='word_1_148' title='bbox 895 2433 1044 2496; x_wconf 85' lang='lat' dir='ltr'>artificium,</span> <span class='ocrx_word' id='word_1_149' title='bbox 1064 2446 1117 2496; x_wconf 83' lang='lat' dir='ltr'>quo</span> <span class='ocrx_word' id='word_1_150' title='bbox 1134 2433 1206 2484; x_wconf 90' lang='lat' dir='ltr'>idem</span> 
     </span>
     <span class='ocr_line' id='line_1_19' title="bbox 118 2505 1206 2574; baseline -0.004 -14"><span class='ocrx_word' id='word_1_151' title='bbox 118 2507 309 2574; x_wconf 82' lang='lat' dir='ltr'>reprehensio,</span> <span class='ocrx_word' id='word_1_152' title='bbox 346 2520 518 2572; x_wconf 86' lang='lat' dir='ltr'>nequaquam</span> <span class='ocrx_word' id='word_1_153' title='bbox 556 2511 646 2561; x_wconf 82' lang='lat' dir='ltr'>temen</span> <span class='ocrx_word' id='word_1_154' title='bbox 683 2520 782 2558; x_wconf 90' lang='lat' dir='ltr'>nomen</span> <span class='ocrx_word' id='word_1_155' title='bbox 798 2508 866 2557; x_wconf 90' lang='lat' dir='ltr'>inter</span> <span class='ocrx_word' id='word_1_156' title='bbox 883 2507 936 2558; x_wconf 94' lang='lat' dir='ltr'>duo</span> <span class='ocrx_word' id='word_1_157' title='bbox 952 2505 1206 2558; x_wconf 86' lang='lat' dir='ltr'>verbacollocatum</span> 
     </span>
     <span class='ocr_line' id='line_1_20' title="bbox 118 2581 1207 2648; baseline -0.002 -16"><span class='ocrx_word' id='word_1_158' title='bbox 118 2584 194 2648; x_wconf 90' lang='lat' dir='ltr'>quasi</span> <span class='ocrx_word' id='word_1_159' title='bbox 219 2581 318 2642; x_wconf 85' lang='lat' dir='ltr'>delicti,</span> <span class='ocrx_word' id='word_1_160' title='bbox 343 2583 454 2645; x_wconf 86' lang='lat' dir='ltr'>propter</span> <span class='ocrx_word' id='word_1_161' title='bbox 478 2581 550 2646; x_wconf 88' lang='lat' dir='ltr'>qnod</span> <span class='ocrx_word' id='word_1_162' title='bbox 570 2597 647 2634; x_wconf 89' lang='lat' dir='ltr'>com·</span> <span class='ocrx_word' id='word_1_163' title='bbox 682 2583 820 2644; x_wconf 85' lang='lat' dir='ltr'>utriusque</span> <span class='ocrx_word' id='word_1_164' title='bbox 843 2581 978 2632; x_wconf 89' lang='lat' dir='ltr'>obiectum</span> <span class='ocrx_word' id='word_1_165' title='bbox 1002 2583 1043 2632; x_wconf 89' lang='lat' dir='ltr'>est</span> <span class='ocrx_word' id='word_1_166' title='bbox 1066 2581 1139 2645; x_wconf 91' lang='lat' dir='ltr'>quod</span> <span class='ocrx_word' id='word_1_167' title='bbox 1161 2595 1207 2630; x_wconf 88' lang='lat' dir='ltr'>vo·</span> 
     </span>
     <span class='ocr_line' id='line_1_21' title="bbox 119 2654 1207 2719; baseline -0.002 -11"><span class='ocrx_word' id='word_1_168' title='bbox 119 2657 231 2708; x_wconf 88' lang='lat' dir='ltr'>missum</span> <span class='ocrx_word' id='word_1_169' title='bbox 249 2656 362 2706; x_wconf 86' lang='lat' dir='ltr'>deorum</span> <span class='ocrx_word' id='word_1_170' title='bbox 375 2668 443 2719; x_wconf 86' lang='lat' dir='ltr'>pace</span> <span class='ocrx_word' id='word_1_171' title='bbox 458 2657 485 2706; x_wconf 85' lang='lat' dir='ltr'>et</span> <span class='ocrx_word' id='word_1_172' title='bbox 496 2655 591 2707; x_wconf 84' lang='lat' dir='ltr'>auxilio</span> <span class='ocrx_word' id='word_1_173' title='bbox 607 2660 648 2709; x_wconf 92' lang='lat' dir='ltr'>in·</span> <span class='ocrx_word' id='word_1_174' title='bbox 683 2659 758 2706; x_wconf 85' lang='lat' dir='ltr'>caut:</span> <span class='ocrx_word' id='word_1_175' title='bbox 780 2657 850 2706; x_wconf 86' lang='lat' dir='ltr'>Cave</span> <span class='ocrx_word' id='word_1_176' title='bbox 873 2655 1031 2716; x_wconf 82' lang='lat' dir='ltr'>ludibrium,</span> <span class='ocrx_word' id='word_1_177' title='bbox 1053 2657 1102 2706; x_wconf 84' lang='lat' dir='ltr'>nisi</span> <span class='ocrx_word' id='word_1_178' title='bbox 1122 2654 1207 2706; x_wconf 90' lang='lat' dir='ltr'>debes</span> 
     </span>
     <span class='ocr_line' id='line_1_22' title="bbox 120 2729 1206 2797; baseline -0.001 -16"><span class='ocrx_word' id='word_1_179' title='bbox 120 2733 199 2794; x_wconf 83' lang='lat' dir='ltr'>digna</span> <span class='ocrx_word' id='word_1_180' title='bbox 217 2729 285 2780; x_wconf 87' lang='lat' dir='ltr'>lacte</span> <span class='ocrx_word' id='word_1_181' title='bbox 304 2731 345 2780; x_wconf 89' lang='lat' dir='ltr'>sit.</span> <span class='ocrx_word' id='word_1_182' title='bbox 386 2729 544 2780; x_wconf 88' lang='lat' dir='ltr'>Incredibile</span> <span class='ocrx_word' id='word_1_183' title='bbox 561 2745 645 2797; x_wconf 86' lang='lat' dir='ltr'>prope</span> <span class='ocrx_word' id='word_1_184' title='bbox 682 2729 834 2781; x_wconf 87' lang='lat' dir='ltr'>ludibrium.</span> <span class='ocrx_word' id='word_1_185' title='bbox 877 2731 995 2780; x_wconf 85' lang='lat' dir='ltr'>Dicimus</span> <span class='ocrx_word' id='word_1_186' title='bbox 1022 2731 1093 2780; x_wconf 89' lang='lat' dir='ltr'>enim</span> <span class='ocrx_word' id='word_1_187' title='bbox 1117 2731 1206 2780; x_wconf 91' lang='lat' dir='ltr'>Latine</span> 
     </span>
     <span class='ocr_line' id='line_1_23' title="bbox 119 2803 1205 2870; baseline -0.003 -14"><span class='ocrx_word' id='word_1_188' title='bbox 119 2809 175 2866; x_wconf 83' lang='lat' dir='ltr'>est,</span> <span class='ocrx_word' id='word_1_189' title='bbox 199 2806 310 2870; x_wconf 86' lang='lat' dir='ltr'>propter</span> <span class='ocrx_word' id='word_1_190' title='bbox 333 2804 399 2864; x_wconf 91' lang='lat' dir='ltr'>boc,</span> <span class='ocrx_word' id='word_1_191' title='bbox 423 2807 502 2868; x_wconf 86' lang='lat' dir='ltr'>puto,</span> <span class='ocrx_word' id='word_1_192' title='bbox 520 2805 644 2867; x_wconf 87' lang='lat' dir='ltr'>verbnm,</span> <span class='ocrx_word' id='word_1_193' title='bbox 682 2818 743 2854; x_wconf 82' lang='lat' dir='ltr'>caue</span> <span class='ocrx_word' id='word_1_194' title='bbox 764 2818 865 2864; x_wconf 76' lang='lat' dir='ltr'>conen,</span> <span class='ocrx_word' id='word_1_195' title='bbox 891 2803 993 2855; x_wconf 85' lang='lat' dir='ltr'>similia.</span> <span class='ocrx_word' id='word_1_196' title='bbox 1029 2803 1081 2855; x_wconf 90' lang='lat' dir='ltr'>Clr.</span> <span class='ocrx_word' id='word_1_197' title='bbox 1106 2805 1159 2854; x_wconf 87' lang='lat' dir='ltr'>Sat.</span> <span class='ocrx_word' id='word_1_198' title='bbox 1181 2805 1205 2862; x_wconf 88' lang='lat' dir='ltr'>l,</span> 
     </span>
     <span class='ocr_line' id='line_1_24' title="bbox 118 2877 1205 2943; baseline -0.003 -13"><span class='ocrx_word' id='word_1_199' title='bbox 118 2879 251 2943; x_wconf 79' lang='lat' dir='ltr'>scaligero</span> <span class='ocrx_word' id='word_1_200' title='bbox 266 2879 397 2943; x_wconf 76' lang='lat' dir='ltr'>placuisse</span> <span class='ocrx_word' id='word_1_201' title='bbox 410 2879 533 2938; x_wconf 57' lang='lat' dir='ltr'>tumidum</span> <span class='ocrx_word' id='word_1_202' title='bbox 553 2893 647 2943; x_wconf 87' lang='lat' dir='ltr'>quam·</span> <span class='ocrx_word' id='word_1_203' title='bbox 683 2879 708 2940; x_wconf 76' lang='lat' dir='ltr'>l,</span> <span class='ocrx_word' id='word_1_204' title='bbox 737 2879 803 2929; x_wconf 66' lang='lat'>85.»</span> <span class='ocrx_word' id='word_1_205' title='bbox 838 2878 914 2929; x_wconf 87' lang='lat' dir='ltr'>Nolui</span> <span class='ocrx_word' id='word_1_206' title='bbox 942 2881 1032 2929; x_wconf 85' lang='lat' dir='ltr'>tumen</span> <span class='ocrx_word' id='word_1_207' title='bbox 1053 2877 1205 2928; x_wconf 75' lang='lat' dir='ltr'>oblitterare</span> 
     </span>
     <span class='ocr_line' id='line_1_25' title="bbox 119 2951 1207 3019; baseline -0.002 -15"><span class='ocrx_word' id='word_1_208' title='bbox 119 2967 200 3018; x_wconf 65' lang='lat' dir='ltr'>mam</span> <span class='ocrx_word' id='word_1_209' title='bbox 225 2953 299 3004; x_wconf 88' lang='lat' dir='ltr'>idem</span> <span class='ocrx_word' id='word_1_210' title='bbox 323 2956 461 3019; x_wconf 85' lang='lat' dir='ltr'>repertum</span> <span class='ocrx_word' id='word_1_211' title='bbox 485 2956 527 3004; x_wconf 89' lang='lat' dir='ltr'>est</span> <span class='ocrx_word' id='word_1_212' title='bbox 546 2956 573 3006; x_wconf 96' lang='lat' dir='ltr'>in</span> <span class='ocrx_word' id='word_1_213' title='bbox 591 2968 645 3006; x_wconf 90' lang='lat' dir='ltr'>nno</span> <span class='ocrx_word' id='word_1_214' title='bbox 682 2966 789 3012; x_wconf 90' lang='lat' dir='ltr'>meam,</span> <span class='ocrx_word' id='word_1_215' title='bbox 815 2955 929 3017; x_wconf 85' lang='lat' dir='ltr'>utraque</span> <span class='ocrx_word' id='word_1_216' title='bbox 948 2956 978 3003; x_wconf 89' lang='lat' dir='ltr'>ut</span> <span class='ocrx_word' id='word_1_217' title='bbox 993 2954 1082 3004; x_wconf 86' lang='lat' dir='ltr'>denuo</span> <span class='ocrx_word' id='word_1_218' title='bbox 1098 2951 1132 3002; x_wconf 91' lang='lat' dir='ltr'>ab</span> <span class='ocrx_word' id='word_1_219' title='bbox 1150 2952 1207 3002; x_wconf 88' lang='lat' dir='ltr'>alita</span> 
     </span>
     <span class='ocr_line' id='line_1_26' title="bbox 120 3027 857 3092; baseline 0 -14"><span class='ocrx_word' id='word_1_220' title='bbox 120 3028 185 3079; x_wconf 90' lang='lat' dir='ltr'>Cod.</span> <span class='ocrx_word' id='word_1_221' title='bbox 208 3027 282 3078; x_wconf 83' lang='lat' dir='ltr'>Laid.</span> <span class='ocrx_word' id='word_1_222' title='bbox 683 3028 857 3092; x_wconf 84' lang='lat' dir='ltr'>expendatur.</span> 
     </span>
     <span class='ocr_line' id='line_1_27' title="bbox 716 3097 1207 3166; baseline -0.006 -13"><span class='ocrx_word' id='word_1_223' title='bbox 716 3103 804 3153; x_wconf 74' lang='lat' dir='ltr'>tn-ao.</span> <span class='ocrx_word' id='word_1_224' title='bbox 842 3103 959 3166; x_wconf 68' lang='lat' dir='ltr'>median]</span> <span class='ocrx_word' id='word_1_225' title='bbox 993 3103 1079 3152; x_wconf 76' lang='lat' dir='ltr'>«Post</span> <span class='ocrx_word' id='word_1_226' title='bbox 1102 3097 1207 3150; x_wconf 84' lang='lat' dir='ltr'>cladem</span> 
     </span>
     <span class='ocr_line' id='line_1_28' title="bbox 152 3175 1207 3248; baseline -0.004 -20"><span class='ocrx_word' id='word_1_227' title='bbox 152 3179 192 3228; x_wconf 82' lang='lat' dir='ltr'>ta.</span> <span class='ocrx_word' id='word_1_228' title='bbox 204 3175 245 3228; x_wconf 75' lang='lat' dir='ltr'>ll.</span> <span class='ocrx_word' id='word_1_229' title='bbox 259 3177 356 3242; x_wconf 72' lang='lat' dir='ltr'>noum]</span> <span class='ocrx_word' id='word_1_230' title='bbox 369 3179 483 3248; x_wconf 74' lang='grc' dir='ltr'><strong><em>κυρίως,</em></strong></span> <span class='ocrx_word' id='word_1_231' title='bbox 494 3179 646 3244; x_wconf 78' lang='lat' dir='ltr'>«antiquam</span> <span class='ocrx_word' id='word_1_232' title='bbox 683 3177 881 3240; x_wconf 79' lang='lat' dir='ltr'>Philippensem</span> <span class='ocrx_word' id='word_1_233' title='bbox 901 3175 1038 3239; x_wconf 78' lang='lat' dir='ltr'>aegritudo</span> <span class='ocrx_word' id='word_1_234' title='bbox 1050 3188 1113 3225; x_wconf 89' lang='lat' dir='ltr'>eum</span> <span class='ocrx_word' id='word_1_235' title='bbox 1130 3175 1207 3225; x_wconf 88' lang='lat' dir='ltr'>satie-</span> 
     </span>
     <span class='ocr_line' id='line_1_29' title="bbox 120 3247 1205 3320; baseline -0.003 -18"><span class='ocrx_word' id='word_1_236' title='bbox 120 3253 157 3302; x_wconf 88' lang='lat' dir='ltr'>rei</span> <span class='ocrx_word' id='word_1_237' title='bbox 187 3250 309 3316; x_wconf 88' lang='lat' dir='ltr'>publicae</span> <span class='ocrx_word' id='word_1_238' title='bbox 338 3251 481 3316; x_wconf 78' lang='lat' dir='ltr'>gloriam.»</span> <span class='ocrx_word' id='word_1_239' title='bbox 510 3280 536 3289; x_wconf 94' lang='lat'><em>-</em></span> <span class='ocrx_word' id='word_1_240' title='bbox 565 3255 646 3320; x_wconf 81' lang='lat' dir='ltr'>pictis]</span> <span class='ocrx_word' id='word_1_241' title='bbox 683 3250 855 3304; x_wconf 84' lang='lat' dir='ltr'>tatemilitiae</span> <span class='ocrx_word' id='word_1_242' title='bbox 873 3264 904 3302; x_wconf 92' lang='lat' dir='ltr'>ac</span> <span class='ocrx_word' id='word_1_243' title='bbox 921 3263 1011 3302; x_wconf 86' lang='lat' dir='ltr'>rerum</span> <span class='ocrx_word' id='word_1_244' title='bbox 1029 3247 1145 3300; x_wconf 81' lang='lat' dir='ltr'>civilium</span> <span class='ocrx_word' id='word_1_245' title='bbox 1162 3263 1205 3300; x_wconf 90' lang='lat' dir='ltr'>me</span> 
     </span>
     <span class='ocr_line' id='line_1_30' title="bbox 120 3325 1208 3391; baseline -0.001 -15"><span class='ocrx_word' id='word_1_246' title='bbox 120 3329 226 3391; x_wconf 84' lang='lat' dir='ltr'>Puppes</span> <span class='ocrx_word' id='word_1_247' title='bbox 251 3327 410 3378; x_wconf 83' lang='lat' dir='ltr'>intrinsecus</span> <span class='ocrx_word' id='word_1_248' title='bbox 432 3329 459 3378; x_wconf 84' lang='lat' dir='ltr'>et</span> <span class='ocrx_word' id='word_1_249' title='bbox 481 3331 646 3380; x_wconf 83' lang='lat' dir='ltr'>extrinsecus</span> <span class='ocrx_word' id='word_1_250' title='bbox 683 3327 812 3390; x_wconf 73' lang='lat' dir='ltr'>ceperat»</span> <span class='ocrx_word' id='word_1_251' title='bbox 838 3325 927 3388; x_wconf 82' lang='lat' dir='ltr'>(multa</span> <span class='ocrx_word' id='word_1_252' title='bbox 948 3326 1019 3378; x_wconf 90' lang='lat' dir='ltr'>enim</span> <span class='ocrx_word' id='word_1_253' title='bbox 1037 3337 1163 3390; x_wconf 84' lang='lat' dir='ltr'>perverse</span> <span class='ocrx_word' id='word_1_254' title='bbox 1181 3329 1208 3375; x_wconf 90' lang='lat' dir='ltr'>et</span> 
     </span>
     <span class='ocr_line' id='line_1_31' title="bbox 121 3399 1207 3466; baseline -0.001 -17"><span class='ocrx_word' id='word_1_255' title='bbox 121 3403 199 3451; x_wconf 82' lang='lat' dir='ltr'>variis</span> <span class='ocrx_word' id='word_1_256' title='bbox 219 3400 354 3452; x_wconf 87' lang='lat' dir='ltr'>coloribus</span> <span class='ocrx_word' id='word_1_257' title='bbox 370 3401 555 3466; x_wconf 79' lang='lat' dir='ltr'>pingebantur.</span> <span class='ocrx_word' id='word_1_258' title='bbox 590 3405 646 3454; x_wconf 91' lang='lat' dir='ltr'>lam</span> <span class='ocrx_word' id='word_1_259' title='bbox 683 3401 807 3465; x_wconf 82' lang='lat' dir='ltr'>imperite</span> <span class='ocrx_word' id='word_1_260' title='bbox 822 3401 849 3452; x_wconf 94' lang='lat' dir='ltr'>in</span> <span class='ocrx_word' id='word_1_261' title='bbox 866 3401 986 3465; x_wconf 86' lang='lat' dir='ltr'>partibus</span> <span class='ocrx_word' id='word_1_262' title='bbox 1000 3399 1113 3450; x_wconf 85' lang='lat' dir='ltr'>Brutinis</span> <span class='ocrx_word' id='word_1_263' title='bbox 1133 3401 1207 3462; x_wconf 84' lang='lat' dir='ltr'>gesta</span> 
     </span>
     <span class='ocr_line' id='line_1_32' title="bbox 120 3474 1207 3544; baseline -0.002 -19"><span class='ocrx_word' id='word_1_264' title='bbox 120 3477 189 3540; x_wconf 86' lang='lat' dir='ltr'>apud</span> <span class='ocrx_word' id='word_1_265' title='bbox 214 3477 361 3527; x_wconf 83' lang='lat' dir='ltr'>Homerum</span> <span class='ocrx_word' id='word_1_266' title='bbox 384 3476 412 3527; x_wconf 93' lang='lat' dir='ltr'>ll.</span> <span class='ocrx_word' id='word_1_267' title='bbox 436 3475 464 3538; x_wconf 77' lang='grc' dir='ltr'>β,</span> <span class='ocrx_word' id='word_1_268' title='bbox 491 3479 553 3528; x_wconf 80' lang='lat'><strong>637:</strong></span> <span class='ocrx_word' id='word_1_269' title='bbox 580 3476 648 3544; x_wconf 77' lang='grc' dir='ltr'>νῆες</span> <span class='ocrx_word' id='word_1_270' title='bbox 683 3475 777 3538; x_wconf 82' lang='lat' dir='ltr'>erant),</span> <span class='ocrx_word' id='word_1_271' title='bbox 794 3490 889 3536; x_wconf 82' lang='lat' dir='ltr'>«nunc,</span> <span class='ocrx_word' id='word_1_272' title='bbox 905 3489 967 3526; x_wconf 87' lang='lat' dir='ltr'>cum</span> <span class='ocrx_word' id='word_1_273' title='bbox 979 3475 1050 3526; x_wconf 88' lang='lat' dir='ltr'>salus</span> <span class='ocrx_word' id='word_1_274' title='bbox 1062 3477 1106 3524; x_wconf 93' lang='lat' dir='ltr'>tua</span> <span class='ocrx_word' id='word_1_275' title='bbox 1118 3474 1207 3524; x_wconf 89' lang='lat' dir='ltr'>denuo</span> 
     </span>
     <span class='ocr_line' id='line_1_33' title="bbox 120 3547 1208 3622; baseline 0 -22"><span class='ocrx_word' id='word_1_276' title='bbox 120 3547 324 3622; x_wconf 74' lang='grc' dir='ltr'><em>μιλτοπάρῃοι.</em></span> <span class='ocrx_word' id='word_1_277' title='bbox 351 3553 383 3602; x_wconf 84' lang='lat' dir='ltr'>Et</span> <span class='ocrx_word' id='word_1_278' title='bbox 391 3554 474 3615; x_wconf 73' lang='lat' dir='ltr'>pictor</span> <span class='ocrx_word' id='word_1_279' title='bbox 487 3553 595 3604; x_wconf 82' lang='lat' dir='ltr'>solitum</span> <span class='ocrx_word' id='word_1_280' title='bbox 607 3556 648 3604; x_wconf 85' lang='lat' dir='ltr'>est</span> <span class='ocrx_word' id='word_1_281' title='bbox 683 3551 785 3613; x_wconf 77' lang='lat' dir='ltr'>agitur,</span> <span class='ocrx_word' id='word_1_282' title='bbox 814 3564 939 3614; x_wconf 80' lang='lat' dir='ltr'>magnam</span> <span class='ocrx_word' id='word_1_283' title='bbox 967 3551 1147 3607; x_wconf 85' lang='lat' dir='ltr'>mibi,euram</span> <span class='ocrx_word' id='word_1_284' title='bbox 1169 3549 1208 3600; x_wconf 90' lang='lat' dir='ltr'>in·</span> 
     </span>
     <span class='ocr_line' id='line_1_34' title="bbox 122 3625 1205 3692; baseline -0.002 -17"><span class='ocrx_word' id='word_1_285' title='bbox 122 3627 229 3676; x_wconf 82' lang='lat' dir='ltr'>navium</span> <span class='ocrx_word' id='word_1_286' title='bbox 255 3625 388 3676; x_wconf 74' lang='grc' dir='ltr'>ἐπίθετον</span> <span class='ocrx_word' id='word_1_287' title='bbox 412 3628 483 3692; x_wconf 91' lang='lat' dir='ltr'>apud</span> <span class='ocrx_word' id='word_1_288' title='bbox 500 3627 645 3691; x_wconf 77' lang='lat' dir='ltr'>Virgilium.</span> <span class='ocrx_word' id='word_1_289' title='bbox 682 3625 739 3676; x_wconf 85' lang='lat' dir='ltr'>licis</span> <span class='ocrx_word' id='word_1_290' title='bbox 756 3639 788 3675; x_wconf 90' lang='lat' dir='ltr'>ae</span> <span class='ocrx_word' id='word_1_291' title='bbox 804 3627 977 3676; x_wconf 71' lang='lat' dir='ltr'>deadertum.»</span> <span class='ocrx_word' id='word_1_292' title='bbox 1011 3626 1106 3684; x_wconf 86' lang='lat' dir='ltr'>Heote,</span> <span class='ocrx_word' id='word_1_293' title='bbox 1131 3627 1205 3687; x_wconf 88' lang='lat' dir='ltr'>puto,</span> 
     </span>
     <span class='ocr_line' id='line_1_35' title="bbox 122 3699 1207 3765; baseline -0.002 -15"><span class='ocrx_word' id='word_1_294' title='bbox 122 3699 644 3765; x_wconf 54' lang='lat' dir='ltr'>(Aen.plateae.)oridlastlffle:</span> <span class='ocrx_word' id='word_1_295' title='bbox 683 3699 802 3750; x_wconf 86' lang='lat' dir='ltr'>Liibker:</span> <span class='ocrx_word' id='word_1_296' title='bbox 826 3701 912 3750; x_wconf 77' lang='lat' dir='ltr'>Horoz</span> <span class='ocrx_word' id='word_1_297' title='bbox 937 3700 1030 3762; x_wconf 81' lang='lat' dir='ltr'>sprtcbt</span> <span class='ocrx_word' id='word_1_298' title='bbox 1051 3701 1097 3748; x_wconf 86' lang='lat' dir='ltr'>dea</span> <span class='ocrx_word' id='word_1_299' title='bbox 1120 3699 1207 3748; x_wconf 77' lang='lat' dir='ltr'>Wecli-</span> 
     </span>
     <span class='ocr_line' id='line_1_36' title="bbox 119 3775 1208 3841; baseline 0 -17"><span class='ocrx_word' id='word_1_300' title='bbox 119 3775 187 3835; x_wconf 82' lang='lat' dir='ltr'>pieto</span> <span class='ocrx_word' id='word_1_301' title='bbox 205 3775 330 3824; x_wconf 80' lang='lat' dir='ltr'>coloribus</span> <span class='ocrx_word' id='word_1_302' title='bbox 348 3777 554 3839; x_wconf 57' lang='lat' dir='ltr'>erte-puppe,</span> <span class='ocrx_word' id='word_1_303' title='bbox 573 3778 645 3841; x_wconf 88' lang='lat' dir='ltr'>quod</span> <span class='ocrx_word' id='word_1_304' title='bbox 682 3777 717 3826; x_wconf 84' lang='lat' dir='ltr'>aet</span> <span class='ocrx_word' id='word_1_305' title='bbox 737 3777 818 3826; x_wconf 70' lang='lat' dir='ltr'>aanor</span> <span class='ocrx_word' id='word_1_306' title='bbox 839 3775 1135 3838; x_wconf 65' lang='lat' dir='ltr'>indemnitatem</span> <span class='ocrx_word' id='word_1_307' title='bbox 1159 3775 1208 3824; x_wconf 81' lang='lat' dir='ltr'>Ge-</span> 
     </span>
     <span class='ocr_line' id='line_1_37' title="bbox 122 3848 1210 3914; baseline 0 -16"><span class='ocrx_word' id='word_1_308' title='bbox 122 3848 311 3914; x_wconf 76' lang='lat' dir='ltr'>eaplicatPlin.</span> <span class='ocrx_word' id='word_1_309' title='bbox 330 3852 360 3901; x_wconf 88' lang='lat' dir='ltr'>H.</span> <span class='ocrx_word' id='word_1_310' title='bbox 375 3853 405 3902; x_wconf 87' lang='lat' dir='ltr'>N.</span> <span class='ocrx_word' id='word_1_311' title='bbox 419 3851 459 3912; x_wconf 77' lang='lat'>35,</span> <span class='ocrx_word' id='word_1_312' title='bbox 473 3850 514 3902; x_wconf 83' lang='lat' dir='ltr'>lt.</span> <span class='ocrx_word' id='word_1_313' title='bbox 544 3852 647 3902; x_wconf 89' lang='lat' dir='ltr'>Seneca</span> <span class='ocrx_word' id='word_1_314' title='bbox 681 3852 789 3914; x_wconf 65' lang='lat' dir='ltr'>dunum</span> <span class='ocrx_word' id='word_1_315' title='bbox 808 3865 858 3900; x_wconf 77' lang='lat' dir='ltr'>uon</span> <span class='ocrx_word' id='word_1_316' title='bbox 876 3852 920 3900; x_wconf 87' lang='lat' dir='ltr'>der</span> <span class='ocrx_word' id='word_1_317' title='bbox 936 3848 1210 3913; x_wconf 69' lang='lat' dir='ltr'>etymmommqtact·</span> 
     </span>
     <span class='ocr_line' id='line_1_38' title="bbox 122 3924 1209 3988; baseline 0 -16"><span class='ocrx_word' id='word_1_318' title='bbox 122 3925 166 3987; x_wconf 81' lang='lat' dir='ltr'>Ep.</span> <span class='ocrx_word' id='word_1_319' title='bbox 184 3925 230 3972; x_wconf 79' lang='lat'>76:</span> <span class='ocrx_word' id='word_1_320' title='bbox 249 3925 329 3973; x_wconf 78' lang='lat' dir='ltr'>Nouis</span> <span class='ocrx_word' id='word_1_321' title='bbox 342 3925 407 3975; x_wconf 84' lang='lat' dir='ltr'>bono</span> <span class='ocrx_word' id='word_1_322' title='bbox 418 3927 510 3976; x_wconf 78' lang='lat' dir='ltr'>dicitur</span> <span class='ocrx_word' id='word_1_323' title='bbox 521 3940 570 3976; x_wconf 79' lang='lat' dir='ltr'>eoo</span> <span class='ocrx_word' id='word_1_324' title='bbox 582 3939 647 3988; x_wconf 80' lang='lat' dir='ltr'>quoe</span> <span class='ocrx_word' id='word_1_325' title='bbox 682 3931 723 3975; x_wconf 81' lang='lat' dir='ltr'>teu</span> <span class='ocrx_word' id='word_1_326' title='bbox 741 3925 895 3976; x_wconf 82' lang='lat' dir='ltr'>Tbeitoubme</span> <span class='ocrx_word' id='word_1_327' title='bbox 919 3924 956 3975; x_wconf 81' lang='lat' dir='ltr'>bia</span> <span class='ocrx_word' id='word_1_328' title='bbox 971 3938 1005 3974; x_wconf 79' lang='lat' dir='ltr'>au</span> <span class='ocrx_word' id='word_1_329' title='bbox 1021 3925 1101 3974; x_wconf 69' lang='lat' dir='ltr'>eim</span> <span class='ocrx_word' id='word_1_330' title='bbox 1116 3936 1209 3986; x_wconf 69' lang='lat' dir='ltr'>pepera-</span> 
     </span>
     <span class='ocr_line' id='line_1_39' title="bbox 118 3996 1209 4064; baseline 0 -18"><span class='ocrx_word' id='word_1_331' title='bbox 118 3999 232 4060; x_wconf 78' lang='lat' dir='ltr'>pretiosa&#39;a</span> <span class='ocrx_word' id='word_1_332' title='bbox 248 3999 371 4049; x_wconf 70' lang='lat' dir='ltr'>coortae</span> <span class='ocrx_word' id='word_1_333' title='bbox 378 4001 449 4062; x_wconf 82' lang='lat' dir='ltr'>picto</span> <span class='ocrx_word' id='word_1_334' title='bbox 460 4007 503 4063; x_wconf 82' lang='lat' dir='ltr'>est,</span> <span class='ocrx_word' id='word_1_335' title='bbox 521 4016 565 4052; x_wconf 80' lang='lat' dir='ltr'>uec</span> <span class='ocrx_word' id='word_1_336' title='bbox 576 4003 647 4052; x_wconf 70' lang='lat' dir='ltr'>maiae</span> <span class='ocrx_word' id='word_1_337' title='bbox 681 4002 807 4064; x_wconf 73' lang='lat' dir='ltr'>wdrtipeo</span> <span class='ocrx_word' id='word_1_338' title='bbox 824 4001 938 4064; x_wconf 72' lang='lat' dir='ltr'>incipere,</span> <span class='ocrx_word' id='word_1_339' title='bbox 962 3997 1023 4048; x_wconf 83' lang='lat' dir='ltr'>uber</span> <span class='ocrx_word' id='word_1_340' title='bbox 1038 3998 1118 4048; x_wconf 77' lang='lat' dir='ltr'>stillari</span> <span class='ocrx_word' id='word_1_341' title='bbox 1138 3996 1209 4047; x_wconf 81' lang='lat' dir='ltr'>Ltabe</span> 
     </span>
     <span class='ocr_line' id='line_1_40' title="bbox 121 4071 1207 4136; baseline -0.001 -15"><span class='ocrx_word' id='word_1_342' title='bbox 121 4073 196 4122; x_wconf 85' lang='lat' dir='ltr'>tulela</span> <span class='ocrx_word' id='word_1_343' title='bbox 209 4073 283 4123; x_wconf 83' lang='lat' dir='ltr'>ebora</span> <span class='ocrx_word' id='word_1_344' title='bbox 298 4075 396 4124; x_wconf 80' lang='lat' dir='ltr'>caeteta</span> <span class='ocrx_word' id='word_1_345' title='bbox 410 4081 459 4136; x_wconf 77' lang='lat' dir='ltr'>est,</span> <span class='ocrx_word' id='word_1_346' title='bbox 483 4105 509 4112; x_wconf 87' lang='lat'><em>-</em></span> <span class='ocrx_word' id='word_1_347' title='bbox 532 4077 574 4126; x_wconf 80' lang='lat' dir='ltr'>sed</span> <span class='ocrx_word' id='word_1_348' title='bbox 592 4081 646 4126; x_wconf 80' lang='lat' dir='ltr'>sto-</span> <span class='ocrx_word' id='word_1_349' title='bbox 682 4091 741 4127; x_wconf 72' lang='lat' dir='ltr'>amu</span> <span class='ocrx_word' id='word_1_350' title='bbox 755 4078 908 4128; x_wconf 74' lang='lat' dir='ltr'>saumones.</span> <span class='ocrx_word' id='word_1_351' title='bbox 933 4073 1078 4125; x_wconf 88' lang='lat' dir='ltr'>Sollicitum</span> <span class='ocrx_word' id='word_1_352' title='bbox 1090 4071 1207 4122; x_wconf 86' lang='lat' dir='ltr'>taedium</span> 
     </span>
     <span class='ocr_line' id='line_1_41' title="bbox 122 4147 1209 4216; baseline -0.001 -20"><span class='ocrx_word' id='word_1_353' title='bbox 122 4148 174 4197; x_wconf 76' lang='lat' dir='ltr'>bitu</span> <span class='ocrx_word' id='word_1_354' title='bbox 199 4153 222 4199; x_wconf 86' lang='lat' dir='ltr'>et</span> <span class='ocrx_word' id='word_1_355' title='bbox 248 4151 332 4214; x_wconf 65' lang='lat' dir='ltr'>pinna.</span> <span class='ocrx_word' id='word_1_356' title='bbox 375 4151 487 4216; x_wconf 81' lang='lat' dir='ltr'>Dempta</span> <span class='ocrx_word' id='word_1_357' title='bbox 514 4153 643 4215; x_wconf 84' lang='lat' dir='ltr'>imagine:</span> <span class='ocrx_word' id='word_1_358' title='bbox 682 4151 771 4202; x_wconf 65' lang='lat' dir='ltr'>draiclct</span> <span class='ocrx_word' id='word_1_359' title='bbox 787 4152 870 4201; x_wconf 77' lang='lat' dir='ltr'>selaeu</span> <span class='ocrx_word' id='word_1_360' title='bbox 886 4152 973 4214; x_wconf 75' lang='lat' dir='ltr'>eipueo</span> <span class='ocrx_word' id='word_1_361' title='bbox 996 4149 1093 4199; x_wconf 69' lang='lat' dir='ltr'>Admeti</span> <span class='ocrx_word' id='word_1_362' title='bbox 1112 4161 1146 4196; x_wconf 82' lang='lat' dir='ltr'>aa</span> <span class='ocrx_word' id='word_1_363' title='bbox 1164 4147 1209 4196; x_wconf 82' lang='lat' dir='ltr'>dor</span> 
     </span>
     <span class='ocr_line' id='line_1_42' title="bbox 123 4223 1206 4290; baseline 0.003 -22"><span class='ocrx_word' id='word_1_364' title='bbox 123 4223 207 4272; x_wconf 77' lang='lat' dir='ltr'>«Vana</span> <span class='ocrx_word' id='word_1_365' title='bbox 231 4225 327 4274; x_wconf 76' lang='lat' dir='ltr'>virium</span> <span class='ocrx_word' id='word_1_366' title='bbox 352 4227 442 4290; x_wconf 83' lang='lat' dir='ltr'>speeie</span> <span class='ocrx_word' id='word_1_367' title='bbox 471 4241 551 4279; x_wconf 89' lang='lat' dir='ltr'>nemo</span> <span class='ocrx_word' id='word_1_368' title='bbox 580 4241 646 4279; x_wconf 86' lang='lat' dir='ltr'>oon·</span> <span class='ocrx_word' id='word_1_369' title='bbox 682 4227 852 4290; x_wconf 71' lang='lat' dir='ltr'>Hn&#39;epsorbeit</span> <span class='ocrx_word' id='word_1_370' title='bbox 868 4227 909 4275; x_wconf 83' lang='lat' dir='ltr'>des</span> <span class='ocrx_word' id='word_1_371' title='bbox 925 4227 1026 4275; x_wconf 85' lang='lat' dir='ltr'>Slootes</span> <span class='ocrx_word' id='word_1_372' title='bbox 1042 4237 1095 4274; x_wconf 71' lang='lat' dir='ltr'>ale.</span> <span class='ocrx_word' id='word_1_373' title='bbox 1113 4251 1138 4258; x_wconf 92' lang='lat'>—</span> <span class='ocrx_word' id='word_1_374' title='bbox 1158 4235 1206 4271; x_wconf 81' lang='lat' dir='ltr'>noa</span> 
     </span>
     <span class='ocr_line' id='line_1_43' title="bbox 124 4295 1209 4366; baseline -0.004 -16"><span class='ocrx_word' id='word_1_375' title='bbox 124 4295 185 4346; x_wconf 79' lang='lat' dir='ltr'>fidit.</span> <span class='ocrx_word' id='word_1_376' title='bbox 195 4317 208 4342; x_wconf 76' lang='lat' dir='ltr'>r</span> <span class='ocrx_word' id='word_1_377' title='bbox 680 4301 748 4365; x_wconf 68' lang='lat' dir='ltr'>laub]</span> <span class='ocrx_word' id='word_1_378' title='bbox 767 4315 816 4366; x_wconf 88' lang='lat' dir='ltr'>per</span> <span class='ocrx_word' id='word_1_379' title='bbox 827 4299 931 4352; x_wconf 84' lang='lat' dir='ltr'>solitam</span> <span class='ocrx_word' id='word_1_380' title='bbox 944 4296 1078 4363; x_wconf 75' lang='grc' dir='ltr'><strong><em>λιτότητα</em></strong></span> <span class='ocrx_word' id='word_1_381' title='bbox 1096 4297 1209 4360; x_wconf 80' lang='lat' dir='ltr'>«gravis-</span> 
     </span>
    </p>
   </div>
   <div class='ocr_carea' id='block_1_6' title="bbox 0 0 1513 4980">
    <p class='ocr_par' dir='ltr' id='par_1_6' title="bbox 0 0 1513 4980">
     <span class='ocr_line' id='line_1_44' title="bbox 0 0 1513 4980; baseline 0 0"><span class='ocrx_word' id='word_1_382' title='bbox 0 0 1513 4980; x_wconf 95' lang='lat' dir='ltr'> </span> 
     </span>
    </p>
   </div>
  </div>
 </body>
</html>
