3002 4974
692 416 821 468 bonurn
839 415 1008 468 CARMINUM

477 573 598 640 Multa?
620 572 705 652 Quid
728 582 831 638 terras
854 570 916 637 alio
939 569 1080 637 calentes

476 694 552 761 Sole
574 693 762 759 mutamus?
784 693 909 758 Patriae
932 691 1005 778 quis
1028 688 1118 756 exsui

562 816 603 881 Se
627 835 760 902 quoque
782 812 888 901 fugit?

476 974 607 1042 Seandit
628 983 754 1041 aeratas
775 973 891 1038 vitiosa
912 991 1011 1038 navos

477 1098 561 1164 Cura
583 1115 644 1164 neo
665 1105 787 1178 turmas
811 1093 956 1180 equitum
977 1091 1143 1179 relinquit,

373 1326 412 1376 ⁴8.
432 1325 534 1374 calentis
549 1322 578 1372 T.
609 1348 636 1356 -
665 1320 706 1370 49.
724 1318 976 1381 menardo?
1004 1318 1064 1380 (iuis
1080 1318 1153 1368 ausui
1169 1319 1263 1368 Nescio
1281 1318 1349 1367 cuius

340 1400 408 1448 coni.
433 1397 504 1462 apud
524 1395 681 1446 Bentleium.
711 1420 738 1428 -
762 1395 802 1443 ut.
825 1393 899 1444 nouis
919 1393 994 1453 BTc,
1017 1405 1114 1455 puppes
1134 1393 1263 1456 Excerpta
1286 1391 1350 1442 Bod-

339 1472 423 1523 leiana
441 1471 512 1536 apud
528 1469 611 1521 Benti.

306 1668 362 1719 aiii:
392 1668 461 1718 breui
479 1681 540 1718 cerro
560 1668 644 1730 fortes.
674 1666 714 1716 nd
736 1679 763 1715 v.
786 1665 827 1714 48.
866 1665 917 1713 aiio
941 1663 1048 1714 cuam
1067 1663 1124 1713 Sole
1143 1668 1271 1714 mittemus
1282 1663 1377 1726 pomo?

306 1746 353 1795 ctr.
372 1744 442 1806 virg.
461 1745 507 1793 Ge.
526 1743 555 1802 2,
574 1743 631 1791 5⁴2.
781 1785 787 1790 .
866 1740 931 1789 satis
947 1738 1084 1803 respondit
1099 1739 1152 1789 ium
1163 1737 1308 1789 Bentleius:
1327 1740 1377 1788 utn-

339 1819 379 1869 49.
397 1815 542 1867 muamus?
565 1816 675 1879 Patriae]
700 1815 768 1865 Cum
785 1827 827 1862 vv.
866 1813 973 1876 geniose
987 1813 1115 1877 proiecto.
1135 1811 1200 1863 Illud
1213 1815 1313 1864 enum
1324 1827 1377 1863 oon-

306 1893 408 1942 Potrtoe
419 1892 475 1950 quis
484 1890 557 1940 ecstd
567 1903 592 1938 se
604 1902 700 1950 quoquo
709 1887 797 1952 {witi
813 1902 829 1938 a
865 1889 983 1938 tecturae
995 1888 1057 1938 huic
1069 1887 1240 1949 adversatur,
1253 1887 1324 1951 quod
1334 1889 1377 1937 boc

306 1966 412 2016 nemine
425 1964 501 2014 aliter
515 1962 623 2026 intelligi
635 1963 737 2028 possint
748 1975 829 2026 quam
865 1965 944 2026 pacto
978 1961 1089 2026 triguant
1122 1960 1311 2025 aliquantulum
1337 1975 1375 2020 ea,

305 2041 352 2089 sic:
368 2040 447 2099 «Quis
456 2035 590 2108 πατρίδος
601 2033 705 2103 φυγάς,
714 2039 828 2100 patriam
866 2050 936 2100 quae
955 2040 1114 2100 sequuntur:
1134 2037 1195 2098 Quis
1211 2039 1284 2088 ecurt
1293 2051 1377 2099 sequo-

304 2127 352 2164 sua
368 2115 462 2177 sponte
471 2112 624 2176 relinquens
636 2125 667 2161 en
680 2125 741 2176 spo,
761 2111 827 2172 iore,
866 2125 914 2172 quo
929 2110 1014 2174 suad?
1029 2112 1100 2175 perit
1117 2112 1189 2162 enim
1201 2113 1318 2162 antitheti
1329 2125 1377 2175 gru·

305 2191 334 2238 ut
340 2187 400 2237 slibi
410 2186 518 2238 meliore
527 2189 579 2237 vite
589 2187 698 2248 fruatur,
708 2190 830 2252 propter-
866 2187 900 2235 tia
913 2188 940 2236 et
950 2189 1077 2237 venustas
1086 2184 1234 2249 singularis:
1249 2189 1308 2249 Quis
1317 2186 1378 2236 actui

305 2277 336 2312 ea
348 2261 444 2312 liberat
458 2275 487 2312 se
506 2261 738 2324 sollicitudinibus,
758 2275 828 2324 quae
861 2261 964 2324 patrico
984 2273 1009 2310 se
1025 2274 1123 2322 quoque
1141 2259 1226 2324 sunit?
1250 2263 1377 2324 seipsum

304 2337 640 2399 anteaeumnngebant‘i»,
655 2337 828 2387 selectorum
866 2350 918 2386 non
937 2335 1026 2398 rugiet,
1045 2337 1168 2399 quamvis
1185 2337 1298 2401 patriam
1313 2336 1378 2399 iuge-

305 2410 472 2473 inteiiigentia
499 2411 581 2462 iretus
603 2412 724 2461 Horatius
747 2423 828 2462 ausus
866 2412 923 2461 ritu
956 2413 1095 2460 Praetereo
1116 2411 1174 2475 ipsc
1194 2424 1302 2476 quoque
1329 2423 1378 2461 ver

305 2488 347 2535 est
363 2485 465 2534 dicere:
495 2487 559 2546 Quid
576 2491 658 2534 terras
674 2486 725 2534 otto
742 2487 829 2535 cobri-
865 2499 911 2536 sus
924 2487 1034 2549 propter
1046 2486 1212 2536 imminutam
1225 2486 1316 2538 solitae
1327 2499 1379 2537 cae·

304 2565 340 2609 tes
356 2560 411 2609 Soio
427 2558 572 2609 mmmm?
597 2561 687 2610 certus
707 2559 775 2609 baec
792 2558 826 2609 sb
865 2573 944 2610 surae
961 2560 1015 2609 vim
1033 2561 1186 2610 coniectura
1204 2562 1253 2611 ists
1269 2573 1379 2626 pessum-

304 2633 430 2684 omnibus
453 2634 487 2684 ita
504 2637 664 2697 perceptum
685 2634 728 2694 iri,
756 2635 827 2684 acsi
865 2636 951 2686 datur.
985 2636 1111 2686 Ceterum
1140 2635 1261 2686 similiter
1287 2639 1378 2686 Seneca
1477 2679 1478 2690 ἶ

304 2709 427 2758 dixisset:
455 2709 529 2758 «Cur
548 2709 633 2771 patria
651 2711 760 2772 propter
778 2721 827 2758 ne·
865 2712 912 2776 Ep.
926 2711 971 2760 28:
991 2711 1110 2772 Quaem,
1130 2725 1212 2772 quare
1227 2717 1251 2760 te
1265 2712 1379 2776 moisio

303 2783 360 2833 scio
382 2782 453 2844 quod
475 2781 608 2832 fastidium
625 2781 752 2832 derelicta
769 2782 828 2834 ion·
864 2799 914 2835 uon
935 2783 1054 2834 adiuuet?
1089 2785 1178 2834 Tecum
1201 2786 1278 2849 faceis
1312 2783 1379 2835 Idem

303 2859 415 2921 ginquas
439 2857 476 2920 (ut
499 2856 621 2908 solebant
642 2860 760 2922 Romani)
782 2873 827 2908 re·
864 2859 997 2910 Bentleius
1023 2858 1057 2909 de
1083 2851 1268 2930 ἀντιστρόφῳ
1288 2873 1337 2912 usu
1356 2873 1377 2907 v.

302 2933 394 2995 giones
408 2933 561 2996 petimusa»
581 2947 630 2983 nec
642 2933 828 2997 praevidebat,
863 2939 975 2984 muare:
997 2933 1113 2984 tEedem
1131 2933 1209 2998 piane
1222 2936 1380 2999 sensupote·

303 3009 415 3070 quantas
433 3005 521 3058 multis
543 3010 604 3071 post
620 3007 716 3060 seculis
733 3007 827 3058 turbas
864 3009 901 3059 ris
921 3009 1025 3058 dicere:
1051 3010 1159 3058 muwoit
1175 3010 1292 3070 patrimis
1312 3008 1380 3059 euiiio

303 3083 464 3132 excitaturus
476 3085 548 3132 esset
559 3082 756 3146 interpretibus.
774 3083 828 3132 Sci-
864 3086 903 3133 et:
916 3083 1023 3132 mutauit
1034 3083 1138 3132 audiun
1145 3085 1247 3146 pario:
1262 3085 1379 3149 inpriore

301 3155 364 3206 iicet
380 3157 467 3208 minus
485 3160 545 3220 apte
562 3157 679 3208 nonnulii
694 3157 826 3221 volgatam
864 3157 1059 3208 oonstnrctione
1082 3156 1157 3209 locus
1180 3171 1311 3222 praesens
1331 3159 1379 3209 sive

302 3230 444 3282 lectionem
464 3233 630 3295 interpretati
647 3235 720 3284 sunt:
742 3232 827 3293 «Quid
863 3233 992 3283 terminus
1009 3245 1024 3282 a
1041 3246 1095 3296 quo
1112 3234 1220 3297 ponitur
1235 3245 1381 3286 casuaccu-

302 3319 334 3356 ex
347 3319 398 3356 une
410 3307 632 3368 peregrinaturus
644 3306 826 3357 identidemiu
863 3309 961 3368 sativo,
987 3307 1012 3356 in
1030 3309 1179 3371 posteriore
1196 3307 1272 3358 iocus
1289 3307 1380 3358 absens

301 3379 380 3430 eiiam
405 3392 553 3443 rursusque
578 3381 605 3429 in
630 3378 709 3430 eiiam
736 3383 826 3446 pergi-
862 3383 917 3432 sive
936 3384 1065 3432 terminus
1083 3383 1225 3446 adquem,
1244 3383 1381 3448 quamior·

301 3455 398 3504 musi»
420 3457 450 3502 ut
465 3466 531 3504 sene
549 3455 590 3506 est
607 3455 678 3519 apud
695 3455 825 3507 Senecam
862 3469 935 3507 mam
952 3456 995 3506 bis
1011 3456 1053 3507 vei
1072 3459 1113 3508 ter
1129 3460 1238 3508 secutus
1253 3462 1297 3510 est
1309 3460 1381 3509 Hore-

301 3529 335 3578 de
358 3529 454 3592 Tranq.
478 3541 521 3578 an.
540 3529 571 3578 2:
596 3531 730 3592 Proprium
754 3533 826 3596 ocari
862 3531 922 3582 tius.
957 3531 1006 3582 Od.
1030 3535 1059 3592 t,
1083 3533 1127 3592 ⁴7,
1148 3534 1174 3582 t:
1204 3533 1282 3583 Velox
1303 3545 1381 3584 uowt·

301 3607 336 3652 est
351 3602 413 3652 nibtt
429 3604 473 3652 diu
490 3603 547 3666 poti
563 3607 780 3656 sternutationibus
797 3613 826 3657 ut
860 3620 922 3657 num
939 3619 1011 3669 soene
1028 3607 1176 3657 bonodium
1191 3609 1282 3660 timot.
1292 3609 1380 3671 mcccc

190 3674 196 3687 ·
299 3677 415 3726 renense
440 3678 486 3727 ott.
527 3679 825 3743 importunarum
860 3681 971 3732 nanu.
990 3682 1043 3731 sat.
1063 3683 1094 3742 a,
1119 3682 1147 3742 r,
1173 3681 1234 3732 toa:
1262 3685 1306 3744 aa
1323 3693 1381 3746 pur

299 3751 468 3811 nudpimutur
478 3765 560 3816 voque
571 3757 595 3801 et
605 3753 681 3802 litora
688 3768 826 3816 permort-
859 3769 937 3806 uoun
947 3756 1053 3806 Furtivus
1063 3761 1145 3805 mmt
1155 3756 1255 3820 siriani,
1272 3757 1326 3809 boc
1337 3758 1378 3812 esi.

300 3829 342 3874 tur
364 3829 388 3874 et
409 3827 482 3876 modo
503 3827 572 3876 omri
594 3840 633 3888 so,
659 3829 732 3877 modo
754 3834 825 3878 wira
860 3833 889 3880 ut
901 3831 1070 3880 communius
1087 3828 1244 3893 loquuntur,
1263 3833 1380 3894 Lucum

299 3899 430 3960 coemitur
439 3913 535 3963 reaper
548 3901 720 3962 praesentibus
734 3903 824 3966 insutu
861 3905 990 3965 tueretiii,
1010 3906 1037 3956 et
1053 3905 1174 3969 strinitem
1190 3919 1268 3956 wo.»
1291 3908 1379 3970 sicque

299 3973 394 4023 ieviter.
430 3975 518 4024 «Nune
552 3975 719 4039 emanantem
748 3983 824 4040 peto·
861 3980 954 4030 Graeoi
971 3981 1082 4030 utuntur
1098 3993 1123 4030 v.
1142 3973 1310 4031 ἀλλάσσειν.
1331 3980 1380 4031 Ari·

299 4050 383 4098 must»
418 4049 473 4098 lom
498 4049 605 4100 deiicutu
629 4051 731 4113 fastidio
751 4058 822 4102 mut:
861 4055 946 4118 stopb.
961 4055 1009 4104 Av.
1024 4055 1083 4104 ⁴⁴7:
1103 4049 1151 4104 eir·
1167 4045 1379 4126 αὖθις-ὀρνίθων

300 4124 413 4173 «induite
428 4125 576 4175 uideam!
606 4126 715 4176 Brutttios
730 4132 754 4177 et
772 4129 825 4178 Lu-
860 4123 1039 4194 μεταλλάξας
1055 4125 1159 4192 φύσιν,
1178 4130 1204 4180 in
1221 4143 1283 4181 eam
1299 4135 1379 4180 treus-

298 4211 375 4248 couos
390 4199 469 4248 sudus
481 4213 682 4262 coaequemur»
703 4204 755 4252 cet.
790 4203 824 4253 lis
861 4205 927 4255 iens.
958 4204 1041 4254 Eusori
1065 4206 1156 4254 nutem
1177 4217 1240 4255 cum
1260 4204 1377 4269 genitivo,

298 4275 397 4336 autem,
411 4275 456 4339 qui
467 4275 827 4338 distinxerunt:0uidterr·os
861 4280 890 4328 ut
911 4278 985 4328 Ouid.
1006 4280 1066 4330 Met.
1086 4278 1115 4337 6,
1141 4279 1201 4330 489;
1228 4280 1310 4329 Exuet
1329 4279 1379 4327 erui
