3012 4978
520 375 579 426 ΗΒ.
598 374 640 424 lV.
677 375 706 425 C.
726 375 790 425 Vlll.
1175 376 1237 439 583

140 531 230 582 ladem
245 531 308 583 llam
324 532 375 596 aas
386 531 451 584 illese
466 532 540 582 weiee
550 546 600 583 aon
610 534 690 583 anan
705 533 816 606 drbnqer
836 533 922 598 belteil
941 535 1041 598 warde,
1068 537 1113 586 aar
1129 547 1154 586 es
1166 535 1240 600 lanqe

140 629 228 681 φυηρ
243 617 294 678 aas
305 617 352 666 aaa
368 615 544 667 enlaelzllcbele
559 617 723 681 mnnqenicll
738 618 818 680 lain,
841 623 932 669 meone
948 620 1031 670 seinen
1047 619 1157 684 biquern
1171 621 1240 671 reela

139 700 247 763 niblban·
262 701 377 763 werden,
394 713 450 751 was
466 701 564 763 Scipio,
591 699 699 766 obqlelcli
720 702 838 765 ansani,
864 702 909 765 [ὒν
925 704 960 754 aie
975 704 1068 767 qelnan
1089 703 1164 766 baba,
1187 705 1240 754 nob

141 785 226 835 dieser
243 784 363 835 domuel
382 799 441 834 war
461 785 589 850 quiana,
616 785 662 835 das
684 785 812 836 andernlen
832 801 867 836 an
889 788 959 837 anon
980 787 1076 838 solaben
1094 787 1240 839 wobllbiller

140 869 196 932 aas
213 869 288 932 lanqe
308 869 358 919 nell
377 881 412 920 nn
433 867 553 920 erballen.
589 870 632 920 Da
652 869 780 919 Hannibal
795 871 840 920 mil
857 870 1016 921 nacionum
1039 871 1129 922 lernen
1151 871 1239 922 italien

139 952 245 1004 uerlieaa
262 953 315 1002 nni
334 954 381 1002 nell
399 953 524 1004 welmali
545 954 585 1003 alie
606 953 689 1017 baali
706 954 879 1018 lanajbloiqer
896 960 1069 1020 anslrenqnnq
1085 956 1136 1020 aas
1147 957 1240 1007 elamal

139 1037 280 1088 aemioblel
297 1037 369 1088 aban
389 1041 493 1100 masam,
520 1049 548 1088 eo
572 1038 647 1088 alana
668 1051 693 1087 ea
713 1038 769 1088 elem
790 1038 884 1088 alialner
903 1051 950 1100 aa,
974 1039 1038 1090 clieee
1058 1045 1186 1104 rbanmnq
1202 1039 1241 1090 ale

140 1121 217 1187 eiliqe
231 1121 309 1186 naabi
326 1133 361 1172 aa
383 1117 545 1172 bezelalnen:
571 1122 636 1172 lena
651 1121 713 1171 elne
729 1122 865 1186 brionniae
883 1124 943 1172 nobb
959 1124 1026 1173 balle
1041 1123 1170 1174 Hannibal
1184 1125 1239 1175 lla-

142 1205 194 1256 lien
214 1206 256 1255 nie
274 1204 433 1270 ausonaebne.
470 1205 613 1256 wamiam
635 1206 763 1271 erqlbnzle
779 1207 885 1269 Scipion
909 1207 983 1257 nuum
1007 1208 1034 1258 in
1051 1208 1098 1258 ben
1120 1208 1239 1271 flammea

143 1290 305 1354 Carlbaqo'n
332 1289 372 1339 als
393 1289 470 1340 dican
488 1289 567 1340 amab
583 1291 630 1340 den
646 1291 753 1354 illnqnn
770 1291 854 1353 Scipio
868 1295 975 1340 zerelllrl
989 1291 1092 1341 warde:
1119 1291 1182 1342 donn
1200 1294 1241 1342 die

141 1373 300 1438 nibqballteil
319 1373 388 1423 bana
403 1373 557 1423 marnarolo
577 1374 624 1423 den
644 1374 740 1424 abeam
757 1373 899 1438 anqebabnl
915 1375 1026 1424 worden
1061 1375 1103 1425 Alo
1127 1375 1240 1427 britlas

140 1457 235 1520 nauel,
262 1458 302 1508 ale
319 1469 422 1521 menen
443 1457 527 1508 mann
548 1458 590 1507 dea
610 1457 694 1520 Scipio
716 1457 752 1507 im
768 1458 897 1508 andniman
921 1458 967 1508 aar
990 1459 1121 1508 Meneclem
1141 1473 1176 1509 aa
1196 1458 1239 1510 be-

140 1542 261 1603 wabren,
285 1541 353 1592 wira
373 1542 414 1592 alie
430 1540 635 1606 aerbemiabnnq
655 1541 779 1591 bersaben
800 1541 879 1591 duran
894 1541 992 1600 Eunias
1008 1541 1158 1603 manichaei,
1186 1543 1239 1593 ona

142 1627 235 1676 &sem
249 1625 329 1676 millal
343 1626 411 1676 neira
424 1638 472 1676 eor
487 1625 535 1674 aaa
551 1623 636 1674 beiden
653 1626 749 1675 midan
768 1625 1117 1689 meermannianam.»
1151 1627 1238 1690 Atque

142 1707 265 1760 similiter
280 1707 467 1772 Dillenburger
484 1707 536 1772 (ed.
554 1706 608 1771 all.)
625 1707 659 1758 ad
677 1723 704 1758 v.
723 1708 769 1758 43:
798 1707 883 1768 «Quid
908 1707 960 1758 hoo
981 1711 1008 1758 el
1033 1709 1236 1772 insequentibus

141 1791 268 1844 versibus
285 1793 365 1857 poblo
382 1791 472 1842 dicere
489 1790 617 1852 voluerii,
641 1793 705 1842 salis
722 1792 894 1843 manifestum
912 1793 965 1852 eal,
984 1792 1111 1843 nimirum
1124 1793 1237 1855 pretinm

141 1876 225 1926 alone
240 1875 348 1925 maneri.
385 1876 474 1925 «nilon
491 1877 679 1937 monumenta,
699 1876 797 1940 inquil,
821 1875 902 1927 titulis
918 1875 1025 1941 publice
1043 1877 1182 1942 inscripta,
1202 1891 1236 1928 ne

141 1949 216 2024 ipsae
234 1959 345 2022 quidem
362 1971 476 2022 magnae
492 1969 537 2009 res
555 1961 646 2022 gestae
663 1959 803 2010 hominnm
817 1962 940 2020 manenl;
960 1961 1089 2024 temporis
1105 1963 1237 2025 perpetuo

141 2045 217 2094 motu
235 2041 366 2107 quidquid
382 2042 453 2092 bene
471 2043 571 2094 iactum
588 2046 630 2094 esi
645 2042 785 2094 oblivionis
803 2043 914 2108 caligine
930 2043 1066 2108 paullatim
1083 2043 1234 2096 obducitur.

141 2128 230 2188 Quare
247 2125 312 2176 nihil
328 2126 363 2176 ad
378 2129 502 2191 posteros
518 2128 643 2191 pervenit
659 2129 708 2178 nisi
725 2128 798 2191 quod
815 2128 898 2179 fixum
909 2127 1100 2190 firmatumque
1112 2130 1153 2179 esi
1169 2132 1236 2192 pob-

140 2213 232 2260 larum
249 2211 366 2262 aeternis
383 2210 588 2262 carminibus„
607 2210 660 2262 Sed
676 2214 706 2261 ul
721 2213 818 2276 poblae
836 2210 936 2271 soienl,
955 2209 1084 2274 exemplis
1101 2223 1166 2262 usus
1184 2213 1233 2262 est.

141 2293 238 2346 Celeres
252 2295 331 2359 nonae
348 2295 390 2358 (ar
406 2295 487 2358 ltalia)
499 2297 526 2346 el
542 2295 649 2346 reiectae
663 2295 749 2346 annae
758 2295 906 2346 Hannibalis
916 2295 1069 2358 Scipionem
1080 2293 1234 2346 Airioanum

139 2379 286 2439 maiorem,
306 2378 403 2429 deinde
420 2380 537 2430 incendio
547 2379 711 2444 Korlbaqinis
722 2381 854 2430 minorem
865 2377 1018 2432 Africanum
1032 2379 1158 2440 indicant,
1177 2380 1235 2430 tum

139 2462 266 2514 Calabrae
280 2463 390 2514 Pierides
405 2463 503 2513 ilerum
520 2463 555 2514 ad
572 2464 703 2515 maiorem
720 2463 878 2514 referendae
897 2466 971 2525 sunt,
990 2464 1117 2529 quoniam
1134 2463 1235 2514 Ennius

140 2545 232 2596 liudiis
250 2545 388 2598 Calabriae
407 2547 505 2612 oppido
523 2549 601 2598 natus
618 2549 750 2600 maiorem
770 2549 928 2613 Scipionem*
939 2550 1058 2600 carmine
1079 2547 1234 2598 celebravit.

140 2630 215 2690 Quae
235 2627 372 2681 abelleno
396 2631 432 2680 ad
456 2630 569 2682 alierum
596 2633 748 2696 Scipionem
773 2633 892 2684 transilio
919 2632 1016 2696 quibus
1042 2631 1176 2698 displicet,
1202 2631 1233 2681 iis

138 2715 256 2764 incendia
276 2727 330 2765 non
352 2715 415 2766 euni
437 2714 604 2779 intelligenda
628 2717 662 2768 de
685 2716 753 2766 urbe
769 2730 785 2766 a
801 2717 923 2781 Scipione
946 2717 1048 2766 minore
1072 2715 1231 2774 combusla,

139 2797 190 2848 sed
210 2797 244 2848 de
266 2797 379 2849 navibus
407 2801 435 2849 el
461 2802 540 2864 poriu
566 2801 700 2850 amaioro
726 2801 847 2864 Scipione
874 2800 998 2850 incendio
1016 2799 1122 2860 ueiens,
1150 2810 1232 2863 quam

139 2881 320 2933 columitatem
350 2883 583 2946 Karlheginienses
617 2895 670 2933 non
697 2885 787 2934 minus
820 2896 900 2946 aegre
933 2881 1063 2945 tulerunt,
1099 2895 1181 2946 quam
1210 2882 1232 2932 si

138 2967 196 3030 ipsa
216 2965 282 3016 urbs
299 2969 372 3018 esbel
388 2965 501 3018 deleta.»
528 2965 618 3018 Paullo
636 2968 723 3018 minus
736 2965 844 3031 placent
860 2968 939 3030 alque
963 2967 1124 3029 ingeniosius
1147 2977 1230 3029 mam

137 3048 304 3116 probabilius
328 3050 463 3115 disputata
493 3051 632 3112 videnlur,
667 3063 738 3116 quae
769 3063 855 3114 nuper
883 3049 1047 3112 Sbeinerus*)
1079 3049 1113 3100 de
1139 3049 1231 3099 nostro

137 3133 197 3184 loeo
227 3135 345 3198 scripsit:
385 3135 508 3202 «Horatio
530 3135 708 3198 Romanisque
732 3134 800 3184 haec
831 3133 980 3197 legentibus
1002 3132 1136 3197 quaedem
1166 3131 1232 3181 arli-

137 3217 221 3269 floum
241 3220 415 3269 monumenta
442 3221 503 3270 anie
532 3217 625 3269 oculos
652 3217 734 3269 luisse
763 3217 828 3268 mihi
856 3217 967 3281 quidem
995 3227 1156 3282 persuasum
1177 3216 1227 3265 eal.

137 3303 335 3354 senlenliarnm
360 3303 432 3354 enim
457 3315 553 3354 nexus.
570 3303 608 3366 (v.
632 3301 663 3352 43
689 3301 763 3366 sqq.)
790 3299 920 3364 ostendit,
946 3299 1037 3352 verbis
1062 3299 1112 3350 iilis
1141 3299 1232 3350 celerer

135 3386 214 3450 binae
234 3389 286 3436 ael.
310 3399 363 3437 non
384 3385 475 3449 lugam
497 3387 584 3451 ipsam
606 3385 655 3437 sed
678 3385 766 3449 iugum
795 3397 931 3436 marmore
955 3395 1111 3449 expressam
1138 3380 1230 3433 decia·

136 3469 199 3518 rari.
235 3471 328 3534 itaque
346 3468 389 3520 ilia
412 3471 499 3520 aelule
522 3470 652 3535 Scipionis
673 3470 779 3520 mainis
799 3471 1004 3521 monumentum
1026 3469 1125 3519 Romae
1149 3465 1231 3516 iulsee

138 3555 242 3613 slaluo,
264 3555 291 3603 in
313 3565 366 3617 quo
387 3553 460 3605 cives
481 3556 508 3605 el
527 3555 617 3618 ipsum
636 3553 795 3618 spectabant
815 3553 912 3604 ducem
926 3553 1067 3616 'egregium
1093 3561 1229 3602 marmore

138 3636 258 3688 eiiiolum
284 3639 337 3702 (vs.
360 3637 414 3700 li.)
437 3641 464 3688 el
486 3651 530 3690 ree
555 3636 623 3688 illius
647 3636 800 3702 praeclaras
824 3637 880 3688 sive
905 3647 1040 3687 marmore
1063 3635 1118 3685 sive
1141 3635 1229 3685 aereis

138 3721 269 3773 columnis
293 3722 338 3786 [ei.
374 3723 507 3788 lamprid.
540 3721 612 3773 Alex.
639 3723 698 3772 sev.
726 3735 750 3772 o.
777 3721 834 3784 aa.)
859 3721 1088 3784 repraesentatas:
1125 3718 1228 3770 naiores

138 3809 289 3858 Poenorum
322 3819 355 3856 ex
390 3805 462 3858 ltalia
494 3807 569 3871 loges
599 3805 807 3870 Hannibalisque
841 3805 1023 3870 nequidquam
1053 3801 1228 3854 minitabundi

137 3893 218 3956 alque
247 3890 376 3955 Scipionis
401 3888 494 3942 ulloris
528 3894 554 3941 in
588 3890 703 3942 ilrioam
737 3891 920 3942 traieclionem
951 3889 983 3950 (v.
1015 3887 1069 3950 ibi:
1106 3885 1228 3938 incendia

140 4107 510 4118 *unauna-um

195 4267 211 4318 ¹)
230 4263 361 4310 commem.
379 4263 460 4308 Horat.
478 4261 581 4318 specim.
599 4273 649 4307 soc.
667 4275 682 4317 o
707 4263 771 4314 usq.
