2986 4974
266 400 327 464 ,160
654 401 782 451 uonnru
800 401 970 452 osnuruuu

457 527 586 642 'Teque
609 557 736 643 piacula
758 554 844 621 nulla
867 554 1037 622 resolvent.

308 681 511 764 Quamquam
534 676 676 752 festinae,
701 699 764 742 non
787 687 837 742 est
859 697 949 742 mora
971 675 1082 763 longa;
1108 677 1216 742 IIcebrt
1317 677 1356 738 35

478 797 598 862 iniecto
623 808 671 862 ter
693 796 827 882 pulvere
851 817 973 862 curras

332 995 371 1043 36.
391 995 510 1043 luteciam
527 995 554 1042 T.

254 1133 366 1221 'inultus
391 1170 447 1220 Val.
464 1168 547 1220 Ilaec.
565 1169 595 1229 l,
616 1169 660 1220 tt:
679 1171 793 1220 necdee·
831 1173 905 1220 tuum
930 1172 1057 1235 prosequi
1086 1173 1212 1235 poteris.»
1250 1173 1356 1233 Quintil.

267 1252 307 1296 toe
329 1247 434 1309 pentilus
452 1246 581 1307 potiemur
597 1245 695 1293 inultos.
716 1243 790 1294 Ovid.
831 1244 949 1295 Declam.
973 1247 1005 1306 5,
1034 1247 1064 1295 6:
1092 1246 1155 1294 Hinc
1179 1251 1203 1296 et
1228 1247 1271 1296 ille
1290 1247 1359 1296 oenit

267 1321 327 1370 unt.
348 1319 376 1379 t,
403 1319 466 1370 tto:
493 1319 535 1367 Nil
553 1319 647 1379 poterit
665 1319 727 1368 lano
744 1319 793 1367 nisi
832 1321 949 1382 affectus,
982 1321 1049 1380 quod
1076 1321 1166 1383 ipisotis
1192 1321 1360 1370 cadaueribus

268 1397 359 1446 inultos
374 1399 435 1461 llere
452 1397 573 1446 dotores„
592 1397 684 1446 Buurn.
830 1395 934 1443 turnum
961 1395 1130 1457 conperimus,¹
1160 1399 1183 1443 et
1207 1395 1359 1456 imcpultwn

831 1469 954 1530 quodlibet
970 1482 1061 1530 corpas
1077 1469 1148 1519 aulo
1163 1470 1291 1532 festinatio
1304 1474 1358 1518 tam

268 1580 332 1642 lere,
352 1596 405 1645 quo
422 1583 533 1632 obstricti
550 1595 656 1638 sumus,
676 1595 724 1633 nos
742 1582 793 1630 sol-
831 1543 1109 1678 mmmmm
1128 1548 1234 1681 ἔρξε,
1246 1549 1358 1666 (1Ψῶ

268 1662 338 1706 vum·
833 1705 865 1741 ex
883 1691 959 1742 solito
976 1705 1090 1742 numero
1104 1705 1190 1743 sacro.
1205 1656 1276 1754 virg.
1289 1653 1356 1740 dens

301 1768 340 1816 35.
361 1767 400 1816 36.
427 1767 507 1817 licebit
524 1795 537 1804 -
555 1793 569 1803 -
586 1767 689 1830 ocurras]
714 1769 795 1817 «Post
833 1757 861 1826 ὅ,
881 1765 1094 1816 morbidam:
1114 1779 1210 1828 -ηιαρηα
1225 1766 1310 1815 Manis
1320 1770 1357 1816 ter

270 1841 380 1891 brevem
398 1841 544 1905 sepeliendi
564 1855 668 1891 moram
686 1854 795 1890 cursum
831 1855 890 1890 uoce
907 1842 1003 1890 coenet.

302 1507 342 1558 st.
362 1506 432 1558 alias
440 1508 554 1569 piaculo,
565 1507 722 1576 καθαρμοὶ,
736 1519 794 1556 sce-

1020 1987 1031 2016 i

738 2115 889 2124 n————.

632 2315 997 2402 uxoonsus

707 2468 745 2515 An
763 2467 792 2517 C.
812 2467 921 2516 XXVIII.

337 2643 495 2694 Critieorum
517 2643 655 2707 opini0nes
678 2643 711 2692 de
735 2641 833 2692 difficili
856 2643 908 2692 hoo
926 2644 1044 2694 carmine
1062 2646 1088 2693 in
1106 2643 1172 2695 duas
1189 2646 1355 2708 potissimum

270 2730 359 2792 partes
381 2740 491 2791 prorsus
512 2727 647 2790 oppositas
670 2725 780 2776 obeunt.
823 2729 888 2777 Sunt
911 2728 983 2777 enim
1002 2729 1119 2792 primum
1136 2729 1233 2778 nostris
1251 2739 1355 2792 quoque

272 2811 449 2876 temporibus¹
477 2811 522 2874 qui
547 2812 664 2860 statuant
690 2823 750 2860 esse
777 2809 911 2874 dialogum
933 2811 1002 2860 inter
1023 2813 1131 2862 nautam
1154 2811 1215 2862 litus
1232 2813 1355 2862 Matinum

271 2896 410 2945 radentem
428 2897 455 2944 et
471 2895 604 2957 Archytae
622 2896 668 2944 aut
685 2895 758 2944 tenni
775 2894 877 2944 tunrqu
896 2895 994 2944 conditi
1011 2897 1057 2946 aul
1074 2897 1220 2946 etiamtunc
1237 2892 1356 2959 insepulti

271 2979 404 3030 umbram.
447 2980 547 3028 Verum
573 2991 666 3028 rursus
689 2978 717 3027 hi
738 2977 808 3028 inter
830 2991 860 3028 se
885 2977 1033 3040 delingant,
1062 2979 1197 3042 quomodo
1221 2981 1356 3042 utriusque

271 3067 360 3127 portes
378 3063 577 3115 distribuendae
595 3063 655 3114 sint.
691 3063 795 3112 Etenim
812 3062 933 3126 plerique
951 3061 1013 3112 olim
1031 3076 1074 3112 vv.
1094 3063 1149 3111 t-6.
1162 3062 1281 3112 tribuere
1294 3061 1358 3112 sole·

271 3146 336 3196 bant
361 3150 470 3209 nautae,
498 3148 599 3212 reliqua
627 3147 765 3196 indens.
786 3147 810 3194 7.
830 3147 977 3208 Archytae,
1005 3145 1234 3209 quemadmodum
1261 3145 1356 3195 tactum

272 3245 331 3281 esse
349 3231 427 3280 video
445 3233 499 3281 iam
516 3245 531 3282 a
550 3231 666 3281 Landiuo
686 3229 777 3293 (lisa.)
797 3231 824 3279 et
841 3230 982 3279 Frederico
998 3231 1096 3279 Cerulo
1107 3230 1254 3279 Veronensi
1268 3227 1357 3292 (isso.)

272 3327 304 3362 no
321 3315 417 3364 nostris
434 3314 600 3377 temporibus
612 3328 627 3363 a
640 3315 667 3362 F.
681 3315 711 3362 Α.
726 3310 831 3362 Wolfio.
869 3313 966 3362 Contra
980 3311 1164 3375 Dillenburger
1176 3315 1271 3363 nautae
1285 3311 1359 3363 sede-

272 3397 324 3446 cim
341 3397 444 3459 priores
461 3409 569 3456 versus,
588 3397 722 3458 Archytae
740 3395 870 3460 reliquam
888 3401 995 3460 partem
1012 3397 1073 3447 inde
1091 3411 1106 3446 a
1122 3411 1147 3447 v.
1162 3399 1201 3446 tt.
1216 3396 1360 3446 attribuen-

273 3481 336 3530 dum
353 3493 413 3529 esse
432 3483 536 3535 censet;
556 3479 629 3543 quod
647 3479 880 3530 eurreiiciendum
891 3479 1025 3542 videatur,
1046 3481 1081 3530 ibi
1094 3479 1246 3544 significavi.
1274 3480 1358 3530 Tertia

273 3564 339 3613 ratio
357 3567 399 3612 est
414 3563 578 3624 Buttmanni,
598 3563 644 3626 qui
662 3567 757 3613 nautae
776 3564 894 3626 assignat
911 3577 953 3614 vv.
972 3565 1013 3614 20.
1032 3566 1152 3629 priores,
1176 3562 1294 3626 reliquos
1311 3563 1360 3612 Ar-

273 3648 384 3708 chytae;
403 3647 483 3697 etiam
501 3647 572 3697 hune
589 3645 680 3711 plures
697 3647 879 3697 recentiorum
896 3649 981 3697 secuti
999 3652 1069 3698 sunt.

340 3731 467 3789 Quartam
489 3730 603 3794 denique
625 3743 733 3782 mecum
751 3732 958 3782 communicavit
974 3733 1125 3794 ingeniosus
1143 3731 1361 3783 indoctissimus

274 3814 389 3872 anricus,
415 3815 490 3864 cuius
508 3828 600 3865 earum
619 3827 717 3864 nornen
735 3814 795 3864 ideo
814 3817 905 3874 laceo,
931 3829 979 3875 no,
1004 3817 1033 3865 ut
1049 3815 1115 3865 mihi
1132 3814 1228 3864 accidit
1244 3815 1361 3865 accidet-

274 3910 326 3960 que
344 3910 450 3958 rursus,
468 3901 580 3962 propter
596 3899 647 3948 hoo
665 3911 773 3948 carmen
791 3899 898 3948 rusticis
918 3897 1058 3962 stultisque
1077 3900 1201 3950 conviciis
1219 3898 1253 3949 ab
1266 3900 1361 3963 ineptis

274 3979 427 4030 hominibus
444 3979 588 4031 laceretur:

340 4065 475 4115 citocatiae
490 4065 522 4115 ist
537 4066 583 4115 mit
599 4067 644 4116 der
660 4066 757 4116 oman
775 4065 918 4129 Umpetanp
934 4067 1012 4116 seinos
1029 4067 1202 4117 Geburtsortes
1217 4079 1301 4130 pennu
1321 4065 1361 4114 te·

273 4148 352 4198 kannt
368 4150 420 4198 und
437 4149 531 4211 erfretct
546 4163 595 4198 oon
612 4150 659 4198 den
676 4149 801 4199 tiolliclien
818 4151 870 4199 und
888 4151 934 4199 den
945 4151 1036 4200 millen
1049 4151 1149 4200 Bildcm
1162 4151 1242 4200 dieser
1253 4150 1358 4213 Geponcl.

279 4233 356 4296 l'erpl.
377 4234 422 4283 (td.
442 4233 470 4291 3,
490 4233 518 4292 i,
537 4233 561 4282 9.
597 4235 626 4283 ln
643 4233 707 4284 diosc
725 4233 836 4297 Gepend,
856 4235 903 4282 wic
920 4233 993 4282 sclion
1011 4249 1033 4282 υ.
1054 4235 1094 4284 it.
1114 4235 1266 4284 Venusinae
1279 4232 1359 4284 silvae
