2998 4980
278 421 317 483 78
656 419 784 470 llOlld'l'll
802 417 970 471 conminuit

349 613 357 630 ·
404 559 552 663 Tarquini
575 575 692 651 fasces,
716 573 844 649 dubito,
869 593 908 638 au
932 573 1059 640 Catonis
1322 576 1362 639 {iii

526 695 640 764 Nobile
660 694 768 762 letum.

404 856 559 944 Regulum
581 865 613 922 et
635 857 776 922 Scauros
799 853 990 940 animaeque
1013 867 1148 940 magnae
1189 927 1192 932 ¹

409 977 581 1064 Prodigum
603 975 748 1043 Paullum
771 983 945 1062 superante
968 977 1077 1040 Poeno

342 1205 381 1255 35.
404 1217 469 1254 anuo
485 1201 555 1253 Curti
573 1201 688 1252 malebat
700 1199 782 1251 Bentl.
800 1229 826 1236 -
840 1199 879 1250 38.
899 1201 979 1250 Poerro
995 1205 1140 1262 superante,
1158 1201 1272 1250 Paudum
1284 1213 1299 1250 e
1312 1217 1330 1249 κ

312 1277 468 1342 (Baginensi)
487 1275 570 1327 Bentl.
590 1275 704 1338 (paulum
720 1276 758 1336 Τ.)

278 1455 349 1520 quod
367 1453 417 1506 sub
436 1453 478 1504 illo
495 1455 581 1518 prisca
595 1455 801 1503 Romaontere-
837 1453 867 1502 ut
894 1453 1065 1504 Weichcrtus
1093 1451 1159 1516 Imp.
1190 1451 1267 1502 Caes.
1295 1455 1362 1516 Aug.

279 1544 326 1594 ges
354 1529 477 1594 expulsos
504 1541 639 1580 summum
668 1527 800 1592 potentiae
838 1524 971 1576 scrr.ltcl.
991 1526 1143 1586 Excursl..
1162 1527 1292 1588 ratisunt,
1311 1528 1364 1578 hoc

279 1603 390 1668 gradum
408 1604 499 1666 attigit.
518 1603 688 1666 Tarquinium
706 1602 802 1664 Super
838 1598 953 1662 elogium
976 1601 1123 1662 Augustum
1147 1613 1266 1664 pungere
1284 1603 1365 1665 pote-

278 1679 344 1730 bum
362 1677 405 1741 (de
423 1674 476 1741 quo
495 1675 537 1726 alil
554 1677 718 1740 interpretati
730 1677 800 1736 sunt,
838 1675 898 1736 rat.)

279 1757 308 1802 ut
333 1766 418 1816 nuper
442 1751 559 1802 Bosscha
585 1752 613 1800 et
637 1751 711 1800 estre
738 1750 800 1799 Hor.
873 1747 913 1797 36.
949 1747 1035 1796 Nobila
1057 1746 1141 1812 letum]
1165 1747 1254 1809 Adeo,
1278 1751 1307 1798 ut
1331 1763 1365 1799 ex

279 1831 320 1878 Pr.
339 1841 366 1891 p.
385 1826 451 1888 tid.)
470 1826 557 1875 dirum
575 1827 717 1886 tyrannum
735 1825 803 1872 inter
839 1821 932 1870 mortis
949 1820 1008 1870 loco
1026 1833 1173 1884 cognomen
1193 1823 1321 1873 Uticensis
1339 1825 1365 1874 ei

277 1902 374 1950 heroas
391 1898 514 1949 laudibus
538 1897 663 1948 extollere
687 1911 739 1948 noo
757 1910 804 1960 po-
840 1896 866 1945 iu
891 1898 1053 1966 perpetuum
1078 1897 1213 1946 manserit.
1249 1898 1304 1947 Cic.
1329 1897 1366 1948 ad

278 1977 354 2024 terat.
390 1975 482 2036 Neque
499 1985 564 2022 vero
582 1971 669 2021 afferri
686 1970 804 2022 debebat
841 1970 913 2020 Fam.
927 1971 951 2030 9,
971 1971 1015 2020 48;
1033 1971 1171 2032 moise,
1184 1971 1277 2033 Scipio,
1289 1973 1367 2035 Alio

278 2047 343 2098 illud
361 2048 436 2111 quasi
454 2045 569 2109 elogium
585 2045 657 2110 apud
669 2047 723 2096 Cic.
737 2045 801 2095 Phil.
839 2045 897 2094 uiua
921 2046 948 2095 iu
973 2043 1034 2094 betto
1058 2045 1126 2094 civiti
1141 2047 1211 2109 foeda
1223 2047 1365 2109 pertenui,

281 2122 363 2182 3‚·t:
393 2122 543 2184 Tarquinius
557 2149 572 2159 -
589 2147 604 2158 -
620 2135 671 2170 nou
687 2121 802 2182 crudetis,
839 2125 867 2168 at
890 2118 950 2170 Cato
969 2121 1160 2182 praeclara-
1185 2121 1282 2182 Vides,
1310 2135 1366 2172 non

279 2212 330 2247 nou
346 2199 451 2260 irnpius,
469 2199 512 2246 sed
527 2197 647 2259 superbiis
661 2196 759 2246 latitius
769 2202 804 2246 est
840 2196 924 2257 magis
941 2195 968 2244 in
985 2207 1061 2258 seqq.
1081 2207 1163 2258 quam
1180 2194 1206 2244 h.
1225 2194 1242 2245 l.
1262 2198 1367 2260 tempo-

277 2277 301 2322 ct
317 2273 403 2322 dctus.
422 2299 436 2310 -
453 2298 468 2309 -
484 2273 553 2322 Niirii
576 2271 667 2321 tunila
692 2273 722 2320 de
740 2272 804 2320 Tur-
840 2283 899 2319 nnn
923 2269 1044 2320 ordinem
1065 2271 1182 2328 servari;
1209 2269 1237 2320 id
1262 2274 1364 2333 tamem

277 2348 375 2410 quinio,
409 2347 471 2396 uidit
497 2348 626 2396 sordidum
653 2347 801 2408 accepterus.
840 2345 866 2394 ni
885 2342 972 2406 fallor,
994 2346 1141 2410 spectavit,
1165 2347 1209 2406 ut,
1234 2349 1366 2408 quantm

279 2423 397 2482 Etenim,
423 2423 468 2485 qui
484 2420 661 2482 sceleratum,
686 2423 731 2484 qui
748 2435 804 2472 son
839 2418 897 2470 fieri
908 2424 1009 2484 posset,
1028 2420 1156 2470 Catonem
1173 2417 1264 2469 alulio
1275 2419 1365 2472 sidere

279 2497 371 2547 didum
394 2497 475 2548 luisse
499 2500 591 2560 negat,
619 2497 679 2547 ideo
704 2509 805 2560 nequa-
839 2495 999 2544 removeret.
1035 2494 1138 2544 Nemini
1166 2494 1253 2544 adhuc
1281 2495 1365 2546 Bent-

279 2585 361 2637 quam
389 2569 486 2621 laudat.
519 2597 546 2608 -
577 2571 700 2623 Callidior
723 2573 803 2623 etiam
839 2567 907 2619 leius
927 2568 1050 2632 probavit
1072 2579 1148 2620 suam
1168 2570 1236 2618 coni.
1256 2571 1366 2621 omniuo

279 2647 341 2706 tuit,
370 2647 415 2709 qui
444 2647 598 2709 nuperrime
626 2646 660 2696 de
690 2649 803 2711 utroque
841 2643 918 2694 nimis
944 2643 1075 2692 audacem
1100 2655 1166 2692 uuus
1191 2643 1262 2694 curti
1285 2645 1317 2693 N.
1345 2645 1363 2694 t.

279 2719 419 2782 Tarquinio
447 2721 564 2783 accepit,
593 2734 741 2785 provocans
769 2721 804 2770 ed
842 2718 896 2768 alt.
916 2717 1075 2775 Curtium.»
1099 2717 1197 2780 inquit,
1217 2716 1363 2781 «intelligo,

278 2795 350 2856 Virg.
373 2796 438 2844 Aen.
458 2794 482 2854 6,
501 2795 563 2844 8t8:
597 2796 637 2845 Vis
657 2801 680 2845 et
700 2797 805 2858 Tarqui-
840 2791 885 2856 qui
901 2803 931 2841 re
949 2805 1013 2840 vera
1028 2791 1206 2842 nobilissimum
1222 2790 1271 2842 sibi
1289 2793 1367 2842 tetum

279 2870 333 2920 uios
349 2881 419 2931 rapsa
435 2895 450 2904 -
466 2895 481 2906 -
496 2869 599 2919 vidore?
641 2892 648 2909 ·
840 2879 888 2930 pro
905 2866 989 2929 patria
1006 2866 1148 2926 conscivit,
1167 2879 1228 2916 cum
1245 2869 1366 2920 armatus

311 2943 351 2994 35.
380 2943 487 3007 Cumis]
514 2945 606 3007 Neque
625 2944 668 2995 hic
686 2957 736 2995 nec
753 2945 801 2995 0d.
841 2944 868 2991 ct
885 2953 955 3004 equo
972 2941 1089 2992 insidens
1106 2942 1132 2991 in
1149 2941 1367 3003 protundamvo-

278 3019 303 3078 2,
331 3017 355 3077 4,
383 3017 423 3068 ii.
453 3019 576 3069 Horatius
606 3018 732 3070 audacior
757 3019 804 3070 luit
841 3017 978 3079 ruginem,
997 3028 1066 3078 quae
1084 3014 1173 3066 medio
1190 3016 1247 3066 toro
1263 3017 1365 3068 Romae

278 3090 383 3154 Virgilio
407 3093 474 3142 Aen.
501 3092 526 3153 8,
554 3093 616 3142 67⁰:
646 3094 805 3156 secretosque
840 3093 951 3154 repente
968 3093 1029 3138 nata
1053 3091 1111 3149 est,
1135 3089 1303 3140 insiluisset.»
1330 3093 1363 3155 (a.

275 3167 395 3229 pinellis
411 3167 733 3228 dontuniumdutoncrm
751 3169 805 3220 lla·
841 3179 866 3214 u.
886 3178 910 3215 c.
928 3163 985 3214 393.
1004 3165 1059 3215 Liv.
1078 3164 1102 3225 7,
1121 3165 1145 3214 6.
1175 3164 1231 3214 Val.
1250 3166 1318 3216 Max.
1338 3169 1364 3228 5,

279 3240 339 3292 nilio
358 3243 381 3301 4,
400 3242 463 3291 tat:
494 3243 527 3291 m
544 3243 605 3292 Ceto
621 3243 748 3294 Fortunae
762 3246 803 3293 oi·
840 3241 864 3300 6,
882 3240 917 3302 t.)
951 3241 1055 3290 innisus
1073 3241 1114 3290 est
1130 3239 1290 3302 praesertim
1308 3241 1365 3291 Cu-

277 3321 344 3376 ctor,
363 3314 410 3364 uhi
428 3316 543 3377 iungitur
565 3329 627 3366 cum
644 3319 758 3382 Agrippa
777 3323 804 3370 et
839 3313 896 3364 licis
917 3327 943 3363 v.
968 3314 1024 3364 364.
1050 3313 1094 3364 ed.
1118 3312 1204 3375 siliis,
1228 3313 1275 3364 ubi
1295 3315 1367 3364 inter

279 3391 410 3446 Caesare;
424 3389 521 3438 eodem
533 3389 558 3448 i,
569 3389 614 3440 87:
634 3391 752 3442 inuictum
763 3394 804 3444 dc-
840 3389 904 3439 alios
923 3387 1006 3440 duces
1023 3390 1169 3448 Romanos,
1187 3391 1217 3437 ut
1233 3388 1290 3448 hic,
1308 3401 1366 3439 me-

279 3464 347 3511 uictu
363 3466 444 3510 morte
461 3463 596 3520 Catonum
614 3463 717 3515 Valerio
735 3467 801 3517 Max.
840 3464 979 3514 morantur
996 3461 1135 3523 Camillus,
1155 3463 1264 3524 Curius,
1282 3467 1365 3527 atque

279 3539 304 3596 2,
323 3535 364 3594 40,
383 3535 413 3584 8:
441 3537 552 3599 Perfecto
567 3537 648 3588 virtus
663 3541 758 3602 effodi,
776 3546 804 3590 ut
840 3539 949 3602 insuper
974 3539 1074 3588 Curtius
1102 3543 1142 3598 et,
1170 3540 1265 3588 nucius
1291 3551 1367 3600 quom

280 3611 390 3674 quisquis
406 3613 534 3674 aproqimn
551 3617 574 3662 et
591 3618 705 3664 amictum
720 3616 804 3665 uirum
839 3614 965 3675 quondam
980 3612 1077 3662 edibus
1094 3613 1165 3662 ortis
1174 3614 1297 3662 Duratium
1312 3613 1366 3663 ou·

279 3687 405 3747 civmsqua
414 3685 632 3749 sipuificarcuelr't,
650 3689 804 3740 srdnomiuc
839 3687 870 3737 iis
885 3688 1034 3748 cousuupsit
1049 3701 1141 3751 propes
1156 3687 1289 3737 inundans.
1324 3689 1364 3738 De

280 3760 380 3811 Cotoms
395 3760 522 3824 sipuiflcet.
547 3764 693 3814 Senecade
706 3764 801 3828 Tranq.
841 3762 930 3812 Curtio
955 3761 1048 3822 criptae
1067 3764 1126 3811 erat
1146 3762 1267 3822 lutum,
1294 3764 1364 3812 teste

280 3835 382 3884 enlin
409 3835 479 3896 Cato,
496 3837 617 3888 uirtutum
632 3839 801 3902 oivuimoqo.
840 3837 957 3886 Varrone
980 3838 1008 3886 L.
1033 3837 1061 3887 L.
1086 3837 1110 3894 it,
1130 3835 1186 3888 iis.
1221 3838 1301 3886 Totus
1318 3849 1366 3887 uu-

281 3907 357 3968 Quid,
376 3909 448 3972 quod
466 3913 599 3974 Augustus
617 3911 673 3976 ipse
686 3913 804 3963 emoneo
840 3914 895 3961 tem
912 3911 946 3962 de
965 3912 1054 3962 Curtio
1065 3906 1162 3976 μῦθος
1172 3912 1301 3972 originem
1313 3911 1365 3962 de-

279 3983 343 4033 serto
361 3983 490 4033 laudauit?
519 3985 634 4036 Macrob.
660 3987 713 4036 Sat.
732 3987 757 4047 Ξ,
776 3986 800 4037 l.
840 3985 906 4036 bere
923 3986 1029 4036 videtur
1052 3987 1085 4036 illi
1103 3999 1213 4050 prorsus
1233 3984 1311 4038 simili
1328 3986 1363 4037 de

280 4061 317 4107 Ac
334 4056 377 4106 vel
394 4057 444 4108 sub
468 4061 615 4110 Domitiano
636 4058 759 4110 Martialis
777 4061 800 4119 4,
841 4060 981 4112 Celaenitis
998 4063 1026 4110 et
1041 4063 1175 4120 anchore,
1197 4061 1281 4111 Midae
1299 4059 1361 4122 tilio,

280 4134 304 4182 8.
324 4131 443 4183 scrihere
460 4147 542 4184 ausus
554 4137 609 4184 est:
627 4135 714 4197 nmqni
727 4135 803 4184 lirra-
842 4137 947 4185 narrato
964 4149 979 4186 a
992 4135 1150 4188 Callisthene
1162 4135 1233 4201 apud
1245 4133 1318 4185 Stob.
1332 4138 1360 4186 T.

279 4209 557 4269 ssoccousurmnutiqrw
568 4209 802 4272 CotonisDopmoiu
841 4210 865 4259 7.
885 4210 925 4259 69.
944 4211 963 4259 1.
983 4223 1009 4274 p.
1030 4211 1085 4262 489.
1105 4211 1182 4261 Guisl.
1214 4211 1362 4274 (Egregium

281 4285 330 4330 cet.
355 4282 468 4344 [Minime
482 4283 572 4344 igitur,
591 4283 662 4344 quod
675 4283 799 4342 nonnulli.
842 4284 987 4349 specimen,
1006 4286 1141 4349 quomodo
1158 4287 1291 4349 corrigere
1309 4299 1361 4334 nou
