2986 4974
705 427 833 478 iiunnrn
851 428 1020 478 canussnus!

683 919 1040 985 (tumim.

490 1077 518 1140 0
541 1095 640 1161 saepe
663 1094 789 1138 mecum
812 1082 940 1158 tempus
962 1071 995 1136 in
1017 1070 1164 1136 ultimum

487 1195 632 1261 Deducta
654 1196 752 1259 Bruto
775 1191 907 1259 militiae
929 1192 1030 1268 duce,

387 1377 437 1424 Vll.
464 1371 632 1434 1nscr.voig.
657 1372 695 1422 Aa
714 1373 856 1434 Pompeium
881 1373 987 1433 Verrem,
1014 1377 1041 1424 et
1062 1375 1101 1424 sio
1123 1375 1169 1425 Bc.
1192 1400 1219 1412 -
1239 1376 1276 1424 Al
1294 1375 1361 1426 rone

348 1451 434 1512 poium
458 1451 482 1497 S.
510 1475 537 1484 -
555 1449 593 1496 Ad
613 1449 743 1508 Pompirem
766 1448 860 1496 Vanam
878 1449 1051 1507 propontico
1067 1445 1312 1518 (προσφωνητική)
1328 1454 1362 1496 ie-

351 1523 459 1572 traoolos
479 1522 506 1571 T.
529 1549 555 1557 —
574 1522 612 1571 Ad
629 1522 745 1572 Orotiam
763 1521 909 1582 Pompilium
930 1520 994 1584 (sic)
1015 1523 1205 1574 commilitonem
1220 1524 1363 1576 erarium

350 1612 422 1660 qemun
440 1601 564 1659 receptum
580 1598 606 1645 in
620 1599 709 1660 patrio
725 1597 815 1645 invitat
831 1595 858 1645 b.

350 1759 403 1806 vn.
431 1757 556 1819 Pompeio
582 1757 665 1814 Varo,
695 1759 724 1804 ut
750 1755 841 1805 dicum
878 1757 935 1804 rato
961 1755 1018 1806 eius
1044 1755 1131 1807 reditu
1151 1757 1318 1822 iuterrogatio
1332 1763 1389 1822 poe

318 1908 477 1969 aPompcio
495 1906 615 1968 Grospho
632 1904 719 1954 Siculo
737 1903 843 1954 velsai·
878 1903 1030 1962 hominem.
1061 1918 1113 1968 quo
1140 1907 1330 1958 interveniente
1353 1921 1389 1956 re-

318 1985 373 2030 lem
391 1981 533 2040 Siciliensi,
558 1980 592 2028 de
611 1993 663 2042 quo
682 1979 728 2028 cir.
748 1979 795 2028 Od.
814 1981 839 2039 2,
879 1978 970 2040 dierit,
998 1979 1123 2043 intelligit.
1167 1983 1228 2032 Siue
1255 1981 1306 2032 ulia
1329 1983 1389 2032 enim

318 2055 358 2103 ⁴6.
379 2057 406 2104 et
423 2057 487 2120 Epp.
508 2057 535 2114 i,
556 2056 600 2115 ii,
619 2056 669 2118 ii.)
688 2055 803 2104 reditum
815 2056 840 2106 in
879 2066 959 2103 causa
977 2053 1094 2104 nonnulii
1110 2056 1144 2104 ita
1156 2057 1321 2120 interpretati
1330 2057 1389 2110 sunl.

318 2129 646 2192 patriamcongraiuiatur.
668 2129 843 2180 indeaiias-
879 2140 911 2175 ac
936 2127 957 2176 si
983 2129 1123 2179 Maecenas
1150 2131 1270 2194 Pompeii
1297 2131 1390 2181 resan-

317 2218 383 2254 sono
401 2206 529 2270 scriplum
547 2206 842 2268 hoccnrmenopiuan-
880 2202 980 2251 tionem
1013 2201 1047 2251 ah
1075 2205 1217 2254 Octaviano
1247 2205 1388 2270 impetrarit

319 2281 362 2327 tur
382 2293 406 2329 a.
426 2295 451 2330 u.
472 2295 495 2330 c.
515 2282 582 2339 titi..
607 2293 660 2344 quo
683 2282 742 2330 Sex.
762 2281 843 2330 Pom·
880 2278 964 2326 immo
981 2276 1120 2328 heodicit:
1140 2279 1305 2340 «Quomodo,
1323 2291 1391 2343 (pne⁴

317 2355 393 2417 peius
419 2357 467 2403 Cn.
487 2355 512 2402 i'.
532 2357 599 2404 teste
625 2353 724 2404 Velleio
747 2355 776 2413 2,
800 2354 841 2402 m.
880 2364 919 2410 so,
933 2351 1031 2402 iactum
1044 2356 1093 2410 est,
1107 2356 1136 2403 ut
1146 2354 1236 2406 redire
1248 2355 1389 2420 poluerisri

319 2441 386 2491 pace
405 2441 467 2478 cum
487 2430 630 2479 triumviris
652 2429 713 2478 inita
732 2428 844 2478 omnibns
881 2453 909 2462 -
927 2427 1066 2492 redonavit]
1084 2427 1219 2490 Verbum.
1244 2429 1317 2493 quod
1332 2439 1391 2478 nuuc
1477 2439 1478 2453 ³

318 2503 465 2562 proscriptis
482 2503 599 2563 aliisque,
626 2504 793 2564 asinaeum
810 2518 842 2552 aa
880 2499 951 2563 apud
979 2499 1065 2551 solum
1096 2502 1234 2553 Horatium
1263 2505 1389 2569 reperilm.

318 2577 421 2625 diversis
438 2579 520 2625 camis
534 2579 662 2641 saperent,
680 2579 787 2628 reditum
801 2592 843 2626 so·
881 2575 911 2624 ii.
930 2573 947 2623 l.
965 2577 1006 2626 esi
1025 2576 1164 2636 creddidit,
1182 2579 1322 2638 restituit»,
1339 2589 1390 2632 nou,

318 2651 441 2710 laetaeque
454 2658 545 2712 perires
561 2658 604 2702 est.
641 2654 685 2702 iiis
702 2653 782 2716 igitur
797 2667 842 2702 re·
879 2649 1024 2700 utiiionich
1041 2653 1124 2715 putat,
1144 2652 1242 2702 eodem
1259 2663 1392 2716 sensupo-

319 2723 432 2774 dncibus
458 2727 538 2774 etiarn
564 2727 720 2790 Pompeium
742 2727 840 2778 Varum
879 2723 958 2773 situm
976 2727 1056 2786 atque
1072 2725 1162 2785 Ode,
1181 2726 1209 2786 3,
1228 2727 1276 2776 33:
1295 2731 1392 2789 nepotari

319 2798 503 2848 adnumerant.
543 2800 596 2849 Sed
619 2801 747 2864 temporis
772 2799 841 2851 nulia
879 2799 957 2848 Marti
979 2799 1119 2860 redonabo,
1146 2798 1173 2848 id
1199 2803 1256 2861 esi,
1285 2801 1392 2852 «condo-

319 2875 391 2921 certa
409 2873 564 2934 significatio
586 2875 627 2934 iit;
654 2877 754 2925 rectius
777 2889 841 2926 sane
879 2871 984 2932 nabo»,
1003 2873 1030 2922 id
1047 2873 1119 2936 quod
1137 2873 1268 2926 adversus
1286 2872 1391 2927 sodalem

318 2960 380 2996 cuin
398 2948 567 2998 Groleiendio
589 2952 616 2998 et
638 2951 748 3001 Frankio
769 2952 842 3012 cogi·
880 2945 973 2996 iuisset
995 2946 1156 2997 inurbanum
1182 2951 1263 3011 alque
1291 2953 1391 3014 agreste.

319 3023 387 3071 tabis
415 3024 448 3072 de
475 3037 544 3074 anno
570 3025 677 3074 circiter
701 3024 757 3076 rai.
782 3027 843 3089 post
882 3048 909 3055 —
929 3022 1058 3086 Quiritem]
1075 3023 1100 3072 id
1114 3026 1168 3084 est,
1187 3024 1275 3086 capite
1288 3038 1338 3076 non
1349 3025 1392 3072 iam
1475 3051 1476 3054 =

320 3096 420 3148 beilum
439 3099 582 3149 Actiacum.
880 3095 1061 3156 deminutum,
1090 3097 1139 3146 sed
1165 3098 1269 3160 integro
1295 3097 1392 3149 ciiilalir

352 3175 376 3222 i.
395 3173 419 3222 ἓ.
442 3175 654 3238 saope--Bmtoi
674 3177 744 3226 «Per
765 3173 843 3224 bien·
880 3171 1014 3220 Romanae
1044 3171 1100 3220 iure
1129 3185 1223 3222 rursus
1250 3173 1391 3224 donatumi:

319 3249 391 3297 nium
406 3262 488 3311 prope
504 3251 535 3310 (a.
548 3250 605 3298 iii.
619 3250 686 3308 7⁴2.)
699 3251 724 3298 in
737 3249 842 3312 proeliis
880 3257 942 3294 nam
960 3243 1051 3294 exules
1068 3245 1200 3296 minorem
1218 3248 1312 3310 capitis
1323 3245 1393 3298 demi·

320 3337 334 3370 a
359 3324 438 3370 Bruto
460 3325 520 3370 ante
539 3321 734 3386 Philippensem
757 3325 842 3374 aciem
881 3319 1017 3368 nulionem
1034 3319 1204 3384 patiebantur
1225 3323 1254 3370 et
1275 3323 1310 3372 ad
1325 3333 1393 3387 pere·

320 3395 471 3444 commissis
494 3408 546 3444 una
569 3409 650 3458 saepe
674 3399 775 3459 experti
796 3412 843 3448 su·
881 3394 1029 3455 griuitaiem
1041 3393 1240 3456 redigebantur.
1264 3393 1393 3460 Singularis

320 3482 380 3518 nius
392 3483 497 3517 summa
509 3468 625 3532 pericula
635 3484 656 3528 »3
670 3471 696 3519 id
706 3472 778 3534 quod
789 3485 842 3522 non
881 3469 1003 3528 Quiritem
1011 3467 1088 3517 valde
1098 3468 1354 3522 memorabilievisus
1360 3471 1393 3518 esi
1474 3515 1475 3536 p

320 3544 404 3604 magis
417 3544 575 3593 fortitudinis
587 3557 646 3594 esse
662 3548 750 3607 potest
761 3559 842 3609 quam
881 3543 1065 3593 Grammaticis
1084 3542 1218 3605 (Cledoaio
1236 3558 1262 3608 p.
1281 3545 1349 3595 ⁴898.
1361 3539 1392 3598 a}

322 3631 408 3666 casus.
446 3619 547 3678 (Moneo
570 3620 680 3682 propter
697 3634 722 3668 v.
744 3620 793 3682 ⁴0.)
815 3648 841 3656 -
882 3619 909 3666 el
934 3618 960 3666 in
985 3616 1085 3666 Libello
1110 3617 1144 3668 de
1171 3631 1230 3680 gen.
1258 3633 1329 3668 nom.
1353 3613 1391 3666 Ed.

319 3697 413 3752 tenipus
435 3691 461 3738 in
485 3692 613 3756 ultimam]
638 3693 681 3742 ain
707 3706 844 3744 summum
883 3691 987 3754 Hauptii
1009 3705 1068 3755 pag.
1089 3693 1132 3742 96:
1162 3695 1293 3754 «Quirites
1315 3693 1393 3752 singu·

320 3766 390 3814 vitae
414 3764 584 3814 discrimen.»
619 3767 661 3815 Sic
685 3766 777 3816 Catuli.
797 3767 842 3828 64,
881 3765 966 3815 larem
984 3779 1128 3816 nunserum
1144 3767 1309 3818 nonhabet.
1337 3767 1393 3816 Nam
1473 3805 1474 3808 η

322 3842 383 3889 451ι
401 3853 516 3901 aripremo
532 3841 557 3888 io
573 3845 690 3901 tempore,
710 3844 736 3890 el
747 3853 773 3890 v,
787 3843 842 3890 469.
882 3843 1023 3890 Maecenas
1044 3841 1107 3890 dixit
1130 3843 1265 3904 Quiritem,
1287 3841 1334 3894 sed
1349 3851 1392 3889 nou
1473 3823 1474 3872 i

320 3920 431 3964 ertremo
457 3919 566 3976 tempore
589 3929 664 3964 soevo
683 3917 753 3964 Fors.
789 3917 842 3966 Cic.
881 3915 1034 3978 recipitur.»
1070 3917 1148 3966 Certe
1165 3929 1181 3964 a
1197 3918 1283 3980 poetis
1303 3916 1394 3966 dumta-

319 4002 368 4053 pro
386 3987 490 4038 Cornel.
510 3988 566 4038 Vol.
586 3989 626 4038 1v.
641 3991 665 4038 2.
679 4002 705 4053 p.
720 3989 775 4039 trio.
796 3989 842 4040 Ed.
882 3989 926 4038 xat
942 3991 1098 4054 usurpatur,
1117 3989 1197 4040 veluti
1209 3989 1243 4040 ab
1257 3991 1329 4041 Ovid.
1342 3991 1391 4038 Am.

322 4075 412 4112 meae:
451 4068 590 4113 actremam
621 4069 644 4112 al
672 4065 844 4127 difficillimam
882 4065 911 4123 3,
936 4063 980 4123 it,
1006 4065 1033 4112 9:
1061 4066 1147 4128 Ipnoto
1170 4066 1293 4116 meretrix
1315 4071 1394 4124 carpti

320 4145 423 4198 temptes.
442 4136 505 4186 Beli.
525 4137 596 4187 Alex.
616 4139 645 4188 7:
665 4138 691 4186 in
705 4143 845 4188 astruerem
881 4139 1000 4188 iunctura
1017 4139 1117 4200 Quiriti.
1139 4141 1198 4188 Am.
1214 4140 1236 4198 l,
1256 4141 1281 4198 7,
1293 4138 1334 4188 29:
1352 4135 1394 4184 mi·

321 4213 539 4261 rasilem-deduci.
880 4215 977 4264 nimum
999 4215 1029 4262 de
1042 4213 1112 4275 plebe
1135 4215 1265 4276 Quiritem.
1305 4214 1391 4262 Lucan

353 4289 376 4337 3.
398 4287 464 4348 Quis]
489 4287 532 4336 Est
555 4288 673 4338 mirantis
696 4287 729 4337 de
754 4288 844 4350 inspa-
881 4289 909 4348 ἲ,
929 4287 990 4338 386;
1009 4289 1320 4351 namnimoraoetmr'e
1338 4282 1393 4333 elin
