3014 4978
478 479 536 528 tiu.
556 479 597 528 lli.
634 479 663 529 C.
686 479 772 529 xxix,

230 633 354 700 Addant
378 653 476 699 avaro
500 632 625 700 divitias
647 636 743 700 muri:

230 758 316 822 Tune
339 776 390 820 me
413 754 545 821 biremis
567 756 731 842 praesidio
754 756 894 844 scaphae

225 959 231 968 ἱ
272 879 386 942 Tutum
412 897 472 964 per
493 881 638 964 Aegaeos
661 877 815 944 tumultus

312 1002 398 1063 Aura
420 997 500 1065 ieret
522 999 735 1087 geminusque
758 998 878 1066 Pollux.

167 1225 206 1275 θλ.
232 1225 298 1275 rene
315 1223 363 1282 ub.
387 1225 491 1276 comm.
515 1226 615 1288 Cruq.‚
639 1228 706 1276 Pott
726 1227 754 1287 t,
773 1228 799 1284 7,
818 1227 846 1286 8,
866 1228 901 1286 9.,
920 1229 1005 1279 LCtF:
1035 1230 1095 1278 Tem
1112 1233 1153 1289 Se,

137 1299 269 1350 Bentleius
287 1314 323 1350 ue
340 1299 414 1351 libris
431 1298 611 1361 melioribus»,
631 1301 677 1350 MJ.
700 1329 726 1336 -
746 1301 786 1352 bl.
804 1301 871 1363 seret
889 1298 936 1366 ξ,χ
956 1302 1056 1362 uduo»,
1076 1305 1156 1352 bent-

137 1373 209 1426 leius.
230 1376 269 1438 lb't
286 1387 347 1434 nes,
366 1375 468 1437 nostri.)

107 1581 186 1630 nullus
201 1586 294 1631 αλ·-
316 1579 405 1630 ιλᾰεο
421 1581 581 1637 tutussum,
599 1581 629 1628 ut
664 1579 780 1666 γένγγται
806 1577 960 1645 σπιλάδος,
986 1576 1121 1633 εὐσταλεῖ
1140 1583 1189 1632 καλ

108 1653 169 1704 vel
163 1669 189 1705 ιιι
210 1657 325 1707 summis
342 1657 412 1706 vitae
431 1653 629 1704 discriminibus
665 1651 763 1726 κούφη
795 1657 897 1726 κεραίᾳ
920 1653 1116 1746 γαρήνεγιιεν,
1149 1649 1189 1719 ὥς

107 1729 243 1794 tranquillo
267 1732 348 1794 atque
366 1741 454 1792 aequo
471 1731 561 1780 animo
578 1728 628 1778 ad·
665 1745 758 1796 φησιν
772 1724 988 1797 Ἀσκληπιάδης.

107 1807 245 1867 specterus
263 1804 314 1854 eim
328 1804 493 1854 tortunarum
506 1815 627 1854 mearum
698 1806 739 1855 63.
765 1807 888 1873 λεραεοε]
917 1807 1051 1858 Himerius
1068 1805 1122 1858 Ecl
1147 1807 1188 1857 43.

108 1878 265 1928 interitum.»
292 1880 347 1929 lam
358 1879 411 1928 boc
422 1891 472 1942 per
485 1879 628 1942 imaginem
666 1879 764 1944 paro
776 1881 820 1930 W
834 1881 868 1931 de
881 1880 970 1932 tabule
981 1883 1066 1946 prete
1085 1881 1191 1970 Γέγρα-

107 1965 164 2004 cum
189 1954 281 2017 priore
307 1951 348 2003 illa
375 1953 531 2003 mercaturis
555 1955 627 2002 arcte
666 1969 734 2005 πται
745 1953 776 2006 dl
788 1969 843 2006 ουκ
854 1969 970 2022 απηνής
981 1970 1012 2006 τε
1023 1951 1111 2006 καὶ
1090 1963 1191 2027 αγριος

106 2040 249 2078 connexam
270 2029 304 2078 ita
317 2029 488 2092 exprimit.
476 2028 630 2078 «Co-nscen
666 2023 734 2080 οὐδὲ
760 2031 800 2092 εἰς
821 2025 912 2093 αὐτὰς
933 2031 1048 2120 ἐγείρων
1069 2030 1192 2094 νεφέλας
1228 2018 1236 2035 ‘

106 2113 132 2150 sa
149 2103 238 2165 exigua
267 2101 378 2166 cymba
398 2100 630 2165 qualisnevione-
665 2099 700 2153 τὰ
727 2100 860 2169 κύματα,
890 2099 939 2155 oia
964 2101 1000 2154 τὰ
1025 2101 1117 2155 πολλὰ
1141 2103 1192 2155 Αἰ-

107 2177 185 2226 rariee
208 2177 317 2226 annecti
335 2174 417 2236 solet,
445 2187 489 2224 me
507 2177 625 2225 cet.»-
665 2183 749 2244 γαῑος
773 2173 848 2228 κατὰ
873 2173 930 2227 τῶν
952 2179 1015 2230 ἐκεῖ
1035 2175 1191 2249 πλωτήρων

106 2248 253 2316 biruuith
274 2248 290 2299 l.
309 2251 431 2315 proprie,
458 2261 542 2313 equae
560 2248 628 2299 dues
665 2248 857 2322 θρασύνεται,
886 2245 948 2302 ἀλλ’
966 2250 1122 2323 ἐστόρεστο
1148 2253 1190 2316 εἰς

108 2323 185 2374 habet
200 2337 309 2384 remos,
336 2337 390 2375 une
413 2324 547 2386 eremige
564 2336 629 2387 prn—
665 2323 803 2394 γαλήνην.

107 2398 199 2462 pulsos,
220 2399 455 2450 CiceronisdeOr.
471 2398 626 2459 t‚38,47t:
699 2401 739 2452 et.
766 2401 894 2466 dure]«
882 2401 979 2452 «Lenis
1005 2413 1070 2450 aura
1096 2403 1123 2450 et
1147 2414 1192 2452 se-

108 2474 210 2524 ductum
226 2474 382 2524 eaucerem
397 2474 534 2536 neubela,
553 2469 629 2523 σκά-
666 2475 763 2536 cunda,
778 2488 859 2539 qnam
870 2476 995 2526 Castores
1007 2475 1113 2539 propitii
1125 2476 1190 2525 milri

108 2563 160 2611 φος
176 2547 342 2608 electros»,
369 2561 436 2608 non,
456 2551 485 2597 ut
502 2546 628 2612 irequen·
666 2551 780 2610 mittent,
799 2551 889 2600 cursui
900 2563 963 2600 meo
974 2548 1073 2600 invehit
1085 2562 1117 2599 eo
1133 2551 1192 2614 ipso

108 2622 167 2682 tius,
192 2625 227 2673 de
255 2621 352 2686 duplici
369 2634 508 2673 remorum
525 2622 627 2673 ordine.
666 2629 800 2690 tempore,
828 2638 882 2689 quo
904 2626 1025 2676 ceterum
1048 2638 1122 2675 mure
1140 2627 1194 2675 Ae-

110 2723 134 2734 —
151 2697 273 2762 scaphae]
296 2698 412 2762 pirepue.
444 2697 499 2747 Cic.
521 2697 555 2746 ad
576 2699 626 2747 att.
666 2713 761 2763 gaeum
774 2701 861 2750 saevis
878 2697 1003 2763 procellis
1019 2700 1191 2762 exagitatur.»

108 2771 147 2830 to,
167 2775 213 2834 tu,
233 2774 265 2822 ii:
293 2773 347 2836 Ερο
363 2785 422 2822 vcro
437 2771 477 2821 uel
492 2772 627 2834 liutricule,
665 2775 754 2825 Monui
779 2777 890 2837 propter
915 2772 1120 2832 scholasticum,
1146 2775 1191 2836 qui

106 2845 125 2892 ci
148 2849 219 2897 neeis
244 2861 296 2896 neu
321 2847 384 2908 erit,
411 2847 520 2908 eripiam
540 2859 580 2896 me
596 2860 629 2895 aa
666 2849 796 2899 coniecit:
825 2847 902 2897 Astra
928 2849 1016 2912 sercru.
1049 2874 1076 2884 -
1103 2849 1191 2897 Aurae
1228 2855 1231 2861 ·

107 2921 205 2971 istorum
217 2921 371 2984 parricidio.
387 2949 415 2956 -
434 2923 571 2984 Frequens
583 2933 629 2970 au·
666 2923 760 2982 Quinte
792 2923 941 2984 Smyrnaeo
972 2923 1001 2982 l,
1032 2921 1089 2972 682.
1131 2922 1193 2971 sunt

107 2997 157 3044 tem
176 2997 248 3046 vitae
273 3009 335 3046 cum
360 2995 526 3059 navigatione
553 3007 629 3046 cem·
665 2994 736 3045 ιλοαλ
761 2995 874 3064 Βορέαο
897 2991 1097 3064 θύγατρες-
1119 2994 1189 3057 [ενοι]

106 3071 211 3130 paratio.
231 3069 306 3121 Plato
316 3069 449 3120 Phaedon
468 3069 562 3120 85.:1)
581 3068 629 3120 e'rct
666 3071 755 3133 Longe
767 3069 863 3121 melius
875 3068 993 3119 futurum
1006 3080 1141 3119 summam
1150 3081 1192 3118 sur

105 3139 205 3196 τούτου
234 3141 299 3208 (τοῦ
321 3140 421 3210 λόγον)
446 3137 627 3208 ὀχονμενον,
667 3143 793 3194 fiduciam
818 3141 942 3208 exprimit
968 3155 1049 3205 quam
1082 3140 1193 3192 Bentleii

106 3208 197 3289 ὥσπερ
213 3218 261 3270 ἐπὶ
286 3217 403 3280 σχεδίας
427 3213 628 3270 κινδυνεύοντα
666 3220 798 3284 optativus
805 3217 919 3280 seret
929 3216 1192 3281 purrinusqatel'ellue]

106 3289 273 3346 drusianam
288 3289 339 3344 τὸν
353 3291 428 3355 βίον.
447 3292 579 3344 Plutarch.
593 3293 627 3342 de
667 3291 772 3343 «Pollux
790 3304 853 3343 cum
873 3290 954 3341 tratre
972 3291 1115 3350 Castorem
1140 3290 1192 3340 Ce-

108 3369 188 3432 trenq.
210 3384 255 3419 an.
278 3370 324 3418 47:
358 3363 425 3418 Ἐάν
452 3381 496 3430 τις
521 3361 628 3432 εξωθεν
666 3369 766 3428 atores,
793 3368 823 3416 ut
839 3366 922 3416 Latini
940 3364 1078 3424 dicebant,
1105 3359 1192 3413 Διόσ-

107 3435 177 3512 ἇρχή
212 3439 327 3505 πάθους
361 3436 459 3514 ὥσπερ
486 3438 627 3513 διαδρομή
666 3456 767 3513 κουροι
784 3441 969 3504 navigantibus
988 3441 1101 3504 propitii.

452 3796 822 3856 EXCUBSUS

559 3931 748 3993 Ant‘dlsq.

167 4089 206 4139 De
233 4089 342 4140 Senibus
364 4087 440 4140 multi
463 4087 544 4140 multa
567 4087 735 4153 disputarunt
758 4101 826 4152 quae
850 4089 938 4137 omnia
957 4098 1119 4151 percensere
1138 4099 1190 4135 non

107 4166 175 4221 libet.
211 4174 320 4223 Praeter
341 4175 446 4224 ceteros
468 4185 553 4238 nuper
571 4171 604 4222 de
623 4173 654 4222 iis
671 4173 796 4222 accurate
814 4173 842 4222 et
858 4173 988 4234 sagaciter
1006 4171 1190 4221 disseruerunt

108 4251 158 4304 duo
177 4256 227 4306 viri
244 4255 383 4308 clarissimi
401 4257 429 4308 C.
449 4257 531 4306 Ritter
547 4256 681 4306 Erdltunde
701 4269 726 4304 ν.
744 4256 818 4305 trien
835 4255 876 4306 Vl.
897 4257 920 4304 i.
939 4267 999 4318 pag.
1019 4255 1067 4304 692
1084 4265 1144 4315 sqq.
1163 4255 1190 4302 et

109 4336 203 4390 Lassen
213 4341 323 4390 Indiscbe
332 4341 562 4393 Altertbmmlrunde
574 4341 592 4389 l.
607 4352 665 4404 pag.
679 4339 736 4390 320.
750 4339 839 4388 annot.
853 4339 877 4388 t.
897 4339 980 4388 liitter
991 4335 1007 4386 l.
1020 4335 1037 4387 l.
1051 4349 1110 4400 pag.
1124 4335 1187 4387 693:

189 4431 279 4478 llonir.
297 4443 352 4476 voc.
371 4431 387 4476 1.
419 4444 459 4478 sn.
475 4441 553 4478 ιιιιοιι
569 4429 605 4475 lll.
988 4429 1015 4473 33
