3078 4978
559 417 660 468 traso.
697 418 794 470 CARM.
813 417 842 468 V.

371 573 496 637 Pavore
519 592 650 637 somnos
673 572 825 639 auferam.

331 693 394 757 Vos
408 691 502 758 turba
522 693 650 758 vicatim
664 693 737 760 hinc
755 704 788 760 et
802 694 876 760 binc
894 696 979 761 saxis
996 705 1109 783 petens

372 812 553 880 Contundet
576 813 757 882 obscoenas
780 836 883 894 anus3

328 934 404 998 Post
427 934 586 1022 insepulta
608 935 759 1004 membra
781 937 930 1004 different
950 938 1016 1026 lupi

374 1056 413 1121 Et
433 1056 618 1143 Esquilinae
640 1058 749 1138 alites3
1184 1061 1245 1126 tuti

327 1178 439 1266 Neque
461 1177 522 1245 boc
543 1190 695 1265 parentes
715 1179 779 1246 heu
803 1179 879 1245 mibi
902 1181 1092 1267 superstites

373 1297 526 1387 Effugerit
547 1300 775 1387 spectaculum.

192 1477 266 1614 Bbtlip
286 1476 426 1614 Cerasium
442 1477 559 1528 obscenas
569 1480 599 1529 Β.
615 1507 641 1516 -
662 1479 718 1529 400.
736 1479 890 1542 Esquilinae
907 1481 932 1531 F.
949 1507 976 1518 -
996 1481 1052 1531 ⁴02.
1073 1482 1212 1546 Etiiuperiat

259 1564 311 1602 uon
346 1567 378 1602 c.

157 1715 237 1760 mutes
253 1711 402 1774 incubuere
415 1717 520 1774 pmtora
533 1711 682 1774 poenislm-
719 1713 862 1772 Erecrcrrs.
893 1713 991 1762 Contra
1009 1714 1243 1778 nostrascriptura

155 1785 236 1847 plicat
247 1785 356 1836 etoarm
365 1786 467 1836 aeuus
482 1787 614 1850 [umidius
622 1787 683 1848 pui-
720 1787 761 1836 est
781 1787 807 1835 in
825 1787 908 1836 Fastis
926 1786 1036 1851 Capitol.
1055 1788 1098 1838 ed.
1118 1789 1241 1852 Baiterp.

157 1864 222 1908 sant.
244 1887 270 1896 -
294 1861 409 1922 inquietis
419 1861 541 1925 mauu]
564 1865 681 1912 sterrore
719 1873 798 1910 ccxci.
835 1861 962 1911 Ceterum
979 1865 1041 1912 nota
1059 1863 1171 1924 hiatum,
1191 1862 1245 1912 col-

157 1931 347 1998 palpltaulibus
362 1935 504 1984 inhaerens
522 1947 608 1997 eoque
619 1936 684 1986 assi·
719 1932 771 1984 lato
787 1933 906 1984 Bentleio
924 1935 958 1983 od
975 1935 1022 1984 0d.
1036 1935 1067 1996 3,
1087 1934 1131 1996 44,
1151 1938 1190 1986 ll.
1214 1939 1243 1988 lu

158 2007 211 2057 due
229 2021 342 2068 vexans,
370 2011 399 2058 ut
415 2007 556 2060 incubus.»
585 2038 611 2046 -
642 2011 683 2060 vi·
719 2008 826 2058 nomine
845 2010 954 2072 proprio
972 2011 1060 2061 minus
1078 2009 1187 2061 licenter
1199 2023 1245 2060 ue-

157 2082 242 2146 cutim]
262 2097 326 2147 uper
343 2096 437 2134 omnes
455 2083 529 2134 urbis
548 2085 620 2134 uicos
641 2085 682 2134 in·
719 2081 798 2146 glexit
819 2080 958 2132 elisionem
981 2097 1061 2146 quam
1080 2084 1126 2134 Od.
1147 2084 1177 2145 4,
1195 2085 1242 2144 48,

157 2159 249 2207 secuta
266 2155 398 2221 lapidibus
415 2171 463 2208 ros
481 2157 603 2208 obruet.»
632 2160 682 2209 La·
718 2155 759 2206 ai.
779 2156 804 2204 in
822 2170 865 2205 vv.
884 2157 962 2218 capiti
978 2159 1115 2207 inltunroto.
1147 2159 1244 2221 (ilatio-

156 2230 322 2296 pidalionum
341 2233 366 2280 in
384 2231 441 2281 loro
454 2231 525 2281 haud
536 2245 596 2281 roro
609 2245 683 2282 men-
719 2242 781 2279 nem
802 2227 942 2280 elisionum
960 2231 1160 2281 Horatianarom
1174 2233 1244 2295 opti-

157 2306 193 2354 tio
210 2303 240 2354 flt
261 2304 331 2368 apud
353 2306 519 2356 Ciceronem.
542 2334 569 2341 -
586 2307 643 2355 iriae
660 2311 683 2356 et
718 2317 761 2353 me
772 2302 948 2368 explicavitb.
959 2305 1025 2369 Jeep
1035 2306 1060 2355 iu
1069 2303 1157 2356 libello
1167 2305 1245 2356 seho-

156 2379 221 2443 liae]
246 2379 299 2430 Cir.
323 2380 399 2429 lland
422 2381 498 2430 Turs.
521 2381 564 2430 lll.
582 2394 608 2445 p.
628 2380 680 2442 87,
718 2377 810 2428 lasiico
824 2377 986 2443 Guelpberb.
1002 2379 1085 2442 4844.)
1110 2409 1137 2416 -
1164 2381 1244 2444 dues]

158 2453 204 2517 qui
223 2452 389 2504 demonstrat
401 2455 521 2504 usitatius
533 2455 603 2518 apud
617 2460 682 2519 poe·
719 2453 884 2517 «accipitres,
902 2451 1029 2515 robores,
1042 2452 1131 2515 milvi,
1151 2456 1197 2519 qul
1207 2455 1245 2505 ibi

157 2531 198 2578 tos
221 2527 302 2578 luisse
325 2529 558 2589 lineamentum
586 2530 643 2579 iriae
660 2535 683 2579 et
718 2539 858 2578 servorum
875 2529 902 2578 et
914 2526 1097 2579 maleficorum
1114 2527 1243 2594 supplicio

155 2603 213 2652 binc
229 2601 306 2651 affert
327 2615 359 2651 ex
382 2601 563 2664 Martialem,
589 2603 630 2654 83.
652 2631 678 2640 -
718 2601 876 2651 affectorum
907 2602 1038 2652 cadavera
1071 2602 1244 2668 semisepulta

157 2676 301 2740 obscoenas]
329 2675 542 2728 sabominandas
570 2681 682 2742 propter
718 2675 873 2726 devorant.»
892 2676 945 2726 Cir.
965 2676 1198 2740 Sat.l,8‚8sqq.
1215 2705 1242 2714 —

157 2749 257 2802 illicitas
275 2752 346 2802 eries
364 2751 498 2813 magicas,
519 2749 681 2815 quas'exer-
717 2750 777 2811 beu]
811 2751 892 2812 lunge
918 2750 965 2799 lieu
996 2751 1137 2812 superstites
1168 2751 1243 2810 mibi,

157 2825 260 2884 cetisn5
287 2824 419 2888 simulque
448 2826 618 2888 cogitandum
647 2826 680 2876 de
719 2822 1241 2887 non,utvoittmnu.rurs.111.p.69..

157 2899 234 2950 loedo
257 2899 353 2948 barum
369 2897 520 2949 vetularum
537 2912 583 2948 ore
601 2903 681 2963 atque
717 2897 765 2945 beu
785 2897 853 2945 miii.
875 2924 902 2932 —
926 2897 1050 2960 Effupeit
1066 2897 1243 2958 spectantium]

156 2973 258 3024 babitu.
294 2973 337 3022 Sic
354 2973 446 3023 Furiae
470 2972 593 3023 tribuitur
613 2973 684 3036 [rous
720 2972 786 3021 eboc
807 2969 902 3020 saltem
924 2969 1018 3020 solatio
1041 2969 1142 3021 luctum
1165 2984 1244 3022 suum

156 3049 277 3100 obscoena
301 3047 373 3112 opud
396 3048 465 3110 Virg.
484 3049 549 3097 Aen.
569 3049 599 3108 7,
623 3046 680 3098 447.
719 3044 816 3096 lenient
834 3046 914 3107 atque
932 3043 1109 3094 allevabunt.»
1123 3071 1150 3080 -
1165 3047 1245 3096 Sum-

190 3123 294 3172 99-404.
318 3122 447 3185 mffueut]
466 3121 682 3183 «dilacerabant,
719 3131 763 3169 ma
775 3131 837 3168 cum
849 3121 906 3168 arte
918 3119 1034 3170 incertos
1046 3132 1094 3169 nos
1110 3119 1243 3170 dimittere

157 3199 311 3261 discerpent
339 3209 370 3246 ac
396 3195 588 3259 dissipabunt·
628 3197 681 3247 Cir.
718 3192 824 3243 videtur
853 3195 948 3256 poeta,
978 3193 1068 3243 utrum
1094 3193 1245 3256 diffugerint

156 3271 240 3337 lipod.
260 3272 304 3332 t0,
324 3271 352 3320 6:
371 3271 524 3333 Fractusque
540 3270 683 3333 remorda—
719 3281 798 3332 sagae
815 3270 877 3332 post
892 3268 968 3332 pueri
985 3265 1067 3328 diras,
1095 3281 1128 3317 an
1146 3268 1244 3318 crude-

155 3348 229 3410 serct.
254 3347 311 3395 lam
337 3345 437 3396 Ennius
463 3346 487 3395 in
512 3344 683 3396 Andromede
719 3341 779 3394 liter
796 3343 906 3394 necatus
923 3342 970 3402 sit;
989 3345 1175 3392 verumtamen
1192 3342 1244 3391 boc

156 3433 216 3485 pag.
227 3419 268 3469 47.
282 3419 364 3469 Bothe
378 3421 405 3470 P.
416 3421 508 3469 Scen:
526 3419 585 3470 Alia
594 3423 684 3484 [tuctus
720 3417 808 3481 ipsum
834 3417 897 3467 satis
923 3415 993 3466 clare
1018 3415 1155 3479 significat.
1190 3418 1244 3466 De-

156 3494 252 3557 differt,
272 3494 385 3556 deamat
404 3494 549 3543 visceratim
560 3493 680 3544 mosera.
719 3491 829 3554 scriptio
852 3493 942 3540 autem
967 3490 1039 3540 neeis
1061 3489 1143 3553 ipsius
1167 3490 1244 3540 nimis

157 3566 239 3618 Pleut.
260 3569 337 3618 Cure.
357 3565 386 3628 4,
406 3565 434 3628 4,
453 3569 500 3618 4οῑ
519 3568 573 3617 ium
589 3581 634 3632 epa
654 3569 683 3617 le
719 3567 823 3628 ingrata
835 3577 867 3613 ac
880 3563 957 3614 laeda
975 3563 1080 3624 luisset,
1098 3565 1128 3613 ut
1144 3563 1167 3614 sl
1179 3577 1245 3626 psu-

155 3643 263 3705 {aciom,
288 3647 316 3691 ut
331 3641 371 3690 bic
390 3642 512 3703 semitae
527 3641 684 3705 inutillatim
719 3654 761 3691 ros
777 3653 864 3690 coram
881 3639 974 3702 populo
991 3639 1080 3690 Medea
1095 3639 1243 3690 trucidaret:

157 3718 293 3780 differant!
319 3743 346 3752 -
369 3715 522 3778 Esquilinae]
547 3717 576 3766 ln
600 3715 682 3766 Fastis
720 3717 800 3778 atque
819 3715 951 3764 comicum
969 3714 1048 3764 totius
1066 3715 1190 3766 conuiuis
1201 3727 1246 3764 co-

156 3791 241 3841 Verrii
271 3789 353 3840 Flacci
382 3803 408 3854 p.
436 3791 477 3841 at.
505 3789 629 3840 scribitur
656 3801 683 3840 m
720 3788 804 3840 iorem
823 3787 1002 3839 obscurasset.
