3012 4978
281 471 342 537 642
594 471 722 522 Nonarll
741 471 873 522 clltNEN
891 471 1064 524 SECULARE.

452 629 540 695 Haec
562 629 671 693 lovern
695 629 814 694 sentire
837 627 984 716 deosque
1007 639 1140 695 cunch

451 751 549 838 Spem
570 749 689 816 bonam
711 759 899 842 certamque
921 748 1054 816 domum
1077 761 1223 837 reporto,

450 873 571 938 Doctus
594 880 627 936 et
648 869 769 937 Phoebi
792 869 910 937 chorus
932 879 965 936 et
986 870 1109 938 Dianae
1332 876 1375 940 75

534 993 650 1060 Dicere
672 991 796 1062 laudes.

345 1131 463 1187 73.'lloc
485 1135 549 1186 labn
567 1136 647 1185 etiam
669 1137 695 1185 in
718 1136 796 1186 tertia
813 1133 880 1194 Ed.;
908 1133 1014 1186 ridetur
1031 1149 1108 1186 error
1125 1137 1284 1202 typograpb.
1307 1165 1334 1175 —

312 1212 353 1261 75.
371 1210 464 1262 Ptoeoo
482 1209 547 1260 cod.
568 1211 596 1274 (i)
615 1210 713 1260 Bartnii
731 1209 857 1262 Adverss.
876 1209 921 1270 38,
942 1209 980 1260 48.

313 1332 402 1382 73-76.
427 1331 502 1396 llaec]
528 1343 613 1394 aquae
636 1331 737 1395 precati
759 1343 807 1382 su·
844 1329 907 1381 illud
924 1331 972 1382 0d.
991 1348 1016 1394 ι,
1040 1331 1103 1384 ito:
1130 1329 1170 1398 τῷ
1186 1345 1222 1382 σε
1239 1328 1310 1396 Ζεὺς
1326 1337 1372 1383 u'-

280 1419 341 1458 mus
353 1419 477 1470 quaeque
495 1407 525 1456 ut
541 1404 717 1455 exaudiantur
733 1417 749 1454 a
765 1403 806 1456 dis
843 1417 917 1456 σατο
939 1406 989 1456 καὶ
1010 1405 1077 1456 deol
1098 1397 1192 1456 ἄλλοι.
1214 1433 1242 1444 ·-
1266 1408 1370 1472 Deam]

279 1479 483 1540 immortalibus,
503 1479 629 1530 exanimi
647 1480 730 1530 nostrl
742 1491 806 1530 sen·
845 1479 972 1531 «edoctus
989 1493 1005 1530 a
1021 1483 1126 1545 poeta·
1153 1480 1201 1531 Od.
1220 1480 1251 1543 t,
1272 1481 1303 1544 6,
1321 1481 1369 1533 te:

279 1556 361 1606 tenda
384 1557 533 1619 optamus.»
554 1581 582 1592 -
600 1554 698 1618 sallire]
721 1554 806 1604 «banc
844 1553 958 1617 (chorus)
977 1555 1063 1605 docilis
1078 1556 1212 1606 mierum
1231 1557 1300 1606 Vatis
1318 1557 1373 1606 llo-

280 1629 394 1680 eandem
417 1627 581 1679 voluntatem
605 1641 665 1680 esse
692 1628 806 1678 deorum
842 1629 903 1678 ruti.
930 1653 957 1664 -
980 1629 1069 1680 Phoebi
1085 1655 1100 1668 ·
1119 1635 1143 1680 ct
1162 1631 1266 1680 Dianae
1280 1631 1373 1680 Dicere

279 1702 401 1767 adeoque
429 1703 500 1760 tore,
528 1704 557 1751 ut
582 1705 685 1754 nostras
710 1715 805 1766 preces
842 1703 943 1767 londes]
961 1704 1041 1754 Recte
1067 1715 1096 1754 ee
1122 1703 1224 1756 babent
1249 1705 1369 1767 genitivi.

279 1777 394 1842 benigne
406 1776 574 1827 exaudiant.»
590 1805 617 1812 -
630 1778 736 1838 mosque
746 1791 807 1826 coa-
842 1776 912 1838 Virg.
935 1776 990 1827 Ecl.
1011 1779 1040 1838 6,
1059 1778 1092 1828 6:
1111 1779 1155 1840 put
1173 1779 1256 1829 ἀίσσω
1272 1779 1370 1836 taeda,

277 1851 345 1915 ctos]
375 1850 504 1913 Religiosa
532 1851 583 1900 bac
616 1849 729 1901 lormula
758 1863 805 1901 eos
845 1852 922 1911 Varo,
936 1853 1114 1913 tuaserrplent.
1128 1854 1239 1904 Delirus
1248 1854 1371 1918 estapnd

280 1927 360 1976 etiam
381 1923 578 1988 complectitur,
607 1925 652 1988 qni
674 1936 723 1987 per
745 1937 805 1974 car·
842 1923 967 1986 Tibulli,
987 1925 1011 1987 3,
1031 1927 1077 1976 34;
1096 1925 1187 1988 Bisque
1203 1927 1244 1976 die
1260 1928 1371 1978 melate

278 2013 341 2051 men
368 2001 455 2063 ipsum
479 2013 534 2049 non
559 2002 635 2049 erant
662 1997 803 2062 implorati,
840 1999 981 2050 connsttbt
991 2000 1371 2064 &semanimem

278 2075 397 2134 ullone,
417 2074 547 2134 Minerva,
560 2075 710 2136 Neptunus,
724 2075 802 2124 llars.
841 2073 926 2124 mosas
943 2075 970 2123 to
985 2073 1088 2124 Plauto

277 2149 366 2200 Possis
383 2161 541 2212 comparare
558 2148 612 2198 iam
633 2147 803 2198 Homericum

747 2273 897 2284 ..-.--

633 2379 997 2438 EXGURSUS

751 2482 878 2534 Adul.

343 2588 415 2636 uFuit
430 2584 503 2649 apud
521 2587 635 2635 Graecos
653 2583 756 2648 volgata
775 2587 802 2648 lt)
822 2589 901 2650 atque
919 2600 934 2636 a
952 2585 1116 2651 pbilosophis
1137 2587 1279 2640 Platonicis
1300 2591 1370 2640 Stoi-

276 2673 368 2733 cisque
387 2670 501 2720 maxime
520 2667 623 2720 exculta
641 2670 729 2733 opinio
747 2671 781 2720 de
804 2683 901 2734 magno
919 2685 988 2721 enno
1006 2671 1154 2733 mundano,
1182 2677 1239 2724 tum
1258 2673 1369 2726 demum

276 2753 398 2820 impleto,
426 2766 488 2804 cum
509 2754 599 2804 omnia
622 2753 710 2804 sidera
735 2755 761 2804 ln
777 2757 852 2806 ortus
868 2768 932 2806 suos
950 2756 1070 2806 redirent
1093 2759 1121 2806 et
1137 2759 1259 2808 omnium
1276 2771 1369 2809 rerum

274 2833 475 2901 ἀνακύκλωσις
493 2841 520 2888 el
535 2831 775 2901 ἀποκατάστασις
793 2837 879 2889 lutura
897 2843 977 2890 esset.
1014 2839 1139 2902 (Macrob.
1153 2841 1180 2890 in
1192 2842 1283 2892 Somn.
1297 2843 1367 2906 scip.

275 2926 304 2984 Ξ,
325 2924 374 2987 li.)
393 2923 494 2974 Eadem
511 2921 581 2972 lama
599 2923 680 2972 etlam
699 2923 767 2972 inter
783 2924 909 2974 Etruscos
922 2927 950 2974 et
966 2924 1099 2973 Romanos
1111 2922 1173 2984 luit,
1191 2923 1239 2974 ubl
1257 2923 1369 2976 inlibris

274 3006 412 3058 ritualibus
441 3008 613 3057 Etruscorum
640 3007 665 3056 el
695 3007 875 3056 Romanorum
900 3005 974 3058 libris
1002 3005 1135 3071 Sibyllinis
1159 3006 1203 3058 ille
1229 3021 1317 3058 annus
1343 3011 1368 3058 iu

275 3091 372 3142 decem
389 3102 498 3141 menses
516 3102 627 3152 magnos
644 3091 700 3140 sive
718 3089 809 3141 secula
827 3089 940 3149 divisus,
964 3103 1052 3155 neque
1071 3093 1161 3141 tamen
1179 3103 1274 3141 eorum
1290 3105 1369 3141 men—

273 3177 343 3226 sium
360 3173 496 3239 longitudo
514 3176 541 3223 et
559 3175 644 3224 exitus
661 3175 741 3225 certis
759 3174 856 3225 tinibus
874 3175 1092 3239 circumscriptus
1104 3177 1171 3236 erat,
1190 3175 1240 3226 sed
1257 3179 1368 3240 portan-

274 3261 306 3310 tis
324 3259 448 3309 divinitus
474 3257 563 3308 missis
589 3257 667 3317 indici
694 3257 865 3309 credebatur.
902 3259 1017 3322 (Servius
1035 3260 1063 3308 et
1082 3259 1149 3308 Voss
1166 3257 1201 3308 ad
1219 3258 1290 3322 Virg.
1311 3258 1364 3310 Erl.

273 3343 302 3406 l,
321 3341 346 3394 t.
374 3343 512 3394 Censorio.
532 3339 565 3391 de
584 3341 626 3391 die
645 3343 697 3391 nal.
719 3342 758 3391 ll.
773 3345 799 3392 et
818 3341 867 3404 48.)
885 3340 959 3394 Unde
978 3343 1058 3392 etiam
1074 3340 1129 3392 ludi
1146 3340 1284 3392 seculares
1295 3343 1367 3408 apud

273 3429 406 3480 Romanos
429 3425 542 3476 diversis
565 3424 709 3476 intervallis
733 3427 842 3477 instituti
864 3429 935 3476 sunt.
965 3425 1084 3488 (Censor.
1104 3425 1120 3475 l.
1136 3423 1164 3486 l.)
1182 3427 1212 3476 ln
1232 3425 1306 3476 libris
1327 3427 1367 3476 Si—

272 3509 379 3574 byllinis
401 3513 540 3574 praeterea
558 3510 688 3572 scriptum
705 3511 776 3570 erat,
805 3510 865 3573 quis
883 3521 990 3572 quoque
1008 3521 1102 3560 mense
1125 3509 1273 3573 imperaret
1289 3509 1363 3560 dens.

273 3595 361 3645 Primo
379 3595 465 3646 mensi
482 3595 613 3644 Saturnus
630 3595 766 3658 praeerat,
790 3592 897 3644 ultimus
915 3591 967 3643 Soli
985 3593 1041 3643 sive
1059 3590 1170 3657 Apollini
1188 3591 1362 3646 tribuebatur.

274 3677 399 3740 (Nigidius
425 3677 497 3744 apud
519 3679 593 3728 Serv.
618 3677 653 3728 ad
675 3674 728 3727 Ecl.
752 3675 781 3737 t,
809 3677 858 3738 le.)
885 3675 1032 3740 apollinem
1056 3677 1237 3740 praecessisse
1260 3679 1364 3728 ridetur

273 3763 370 3824 Diana,
393 3763 437 3812 cui
454 3763 535 3812 etiam
552 3764 578 3813 ln
596 3761 664 3812 civili
681 3773 751 3812 anno
768 3761 869 3812 mensis
886 3759 1039 3811 November
1057 3771 1134 3809 sacer
1159 3761 1225 3810 erat.
1265 3763 1364 3822 Quam·

272 3845 368 3897 obrem
394 3847 419 3896 ln
445 3847 545 3897 Horatii
571 3845 689 3896 carmine
716 3843 830 3895 seculari
854 3841 947 3909 Apollo
973 3847 1000 3894 el
1024 3845 1108 3894 Diana
1125 3857 1190 3908 prae
1208 3847 1305 3896 ceteris
1324 3845 1363 3895 dis

273 3929 401 3983 celebrati
419 3934 489 3982 sunt.
525 3929 634 3980 Romani
659 3939 723 3978 vero
747 3929 798 3979 hoc
820 3929 878 3994 ipso
902 3930 1024 3993 tempore
1046 3923 1137 3979 seculo
1154 3927 1262 3978 decimo
1278 3941 1308 3978 se
1324 3930 1364 3977 ri-

271 4030 335 4067 vere
361 4015 531 4080 putavcrunt.
567 4011 671 4062 Etenim
697 4023 760 4062 cum
785 4015 847 4077 post
871 4013 988 4062 mortem
1013 4009 1119 4062 C.1ulii
1144 4011 1267 4062 Caesaris
1289 4009 1362 4062 stella

271 4101 365 4151 crinita
382 4097 562 4164 apparuisset¹
593 4091 726 4146 Volcatius
744 4095 878 4160 haruspex
901 4096 973 4146 bunc
990 4097 1125 4146 cometam
1140 4094 1289 4158 significare
1308 4095 1363 4144 eni-

271 4186 329 4234 tum
351 4179 434 4234 seculi
457 4179 519 4229 noni
541 4180 567 4228 et
590 4179 739 4242 ingressum
758 4180 856 4231 decimi
874 4181 901 4230 tn
919 4180 1041 4232 contione
1060 4177 1132 4230 dixit.
1154 4179 1239 4240 (Serv.
1256 4177 1291 4228 ad
1308 4173 1358 4228 lid.

272 4267 301 4328 9,
319 4265 386 4328 llll
414 4265 475 4314 ianr
492 4261 527 4314 ad
545 4263 615 4328 virg.
634 4259 688 4316 Ecl.
706 4262 736 4326 l,
757 4263 796 4314 lo.

722 4378 900 4390 --..-

760 4393 798 4400 -a-
812 4395 899 4401 .-μ
