3078 4978
563 434 664 486 LIBER.
696 433 793 486 canu.
812 433 888 484 XVll.

312 591 448 659 Centum
474 590 643 666 iuvencos,
668 589 737 656 slve
760 577 909 656 mendaci
935 586 1006 678 lyra

311 712 406 780 Voles
430 713 556 779 senui:
579 713 625 781 Tu
654 709 787 798 pudica,
811 719 846 777 tu
871 709 974 797 proba

311 831 556 900 Perambulabis
581 842 668 900 astra
690 829 782 898 sidus
806 851 952 900 aureum.

312 955 441 1022 lniamis
462 951 605 1023 Helenae
628 953 743 1020 Castor
764 951 908 1020 offensus
931 952 1036 1020 vicem

311 1081 489 1166 Fraterque
512 1075 618 1164 magni
641 1074 797 1152 casteria,
821 1073 896 1141 vieti
919 1093 1035 1162 prece,
1087 1145 1093 1158 ,

311 1198 468 1287 Adempta
494 1199 559 1264 vati
584 1194 757 1264 reddidere
782 1194 911 1262 lumina.

252 1381 292 1430 44.
310 1377 421 1429 44444444
437 1389 453 1428 4
469 1389 526 1426 var.
546 1373 608 1426 leet.
628 1372 693 1426 ced.
712 1371 805 1426 Battol.
825 1373 869 1438 (ω)
887 1371 971 1424 444444.
1001 1399 1029 1412 -
1056 1374 1098 1426 ti.
1116 1375 1195 1426 444444
1211 1390 1243 1428 ex

219 1468 274 1506 uno
299 1451 422 1506 44444444.
447 1450 578 1502 Torrentii
603 1447 754 1500 Bentleins:
788 1449 843 1500 uice
866 1448 955 1508 Bch,
990 1447 1101 1502 Bentleii
1131 1463 1241 1514 omnus,

220 1528 341 1581 Ltlchll.
361 1528 401 1591 (ut
417 1538 480 1588 nos,
498 1521 701 1587 DiHenburger.)
724 1549 752 1560 -
771 1521 812 1576 44.
830 1524 935 1576 reddare
951 1526 979 1576 F.

189 1697 315 1750 Similiter
340 1693 434 1748 Catulli
453 1693 498 1755 ta,
517 1694 566 1744 la:
597 1692 715 1745 «nomio
751 1693 974 1758 cnrysostomns,
998 1693 1142 1749 Pausanias
1160 1692 1275 1745 Helenae

183 1774 288 1836 pacida,
306 1773 382 1824 rodda
397 1769 547 1822 codicillos.»
563 1767 663 1818 --Sed
678 1767 715 1817 nil
751 1767 801 1831 ipsi
828 1766 877 1820 soli
913 1768 1056 1821 Stesichori
1085 1771 1113 1820 et
1146 1782 1276 1820 exeaeca-

184 1849 345 1914 proficiam,
362 1846 424 1896 44444
447 1849 569 1896 masau.
589 1844 715 1894 44444444
750 1843 852 1893 tionem
889 1844 916 1893 et
950 1844 1118 1895 sanationem
1146 1843 1274 1894 tribuunt.

189 1928 224 1974 sat
244 1923 313 1973 rotie
337 1921 473 1983 modwoue
492 1917 572 1981 44444,
601 1919 629 1968 Si
654 1919 715 1981 quid
751 1917 806 1968 Cir.
832 1918 908 1969 Estne
934 1919 996 1968 Her.
1023 1921 1065 1969 Pr.
1092 1931 1153 1982 pag.
1183 1917 1224 1969 30.
1247 1946 1274 1954 -

187 2000 309 2063 prolicua
320 1995 554 2060 4444444444444444.Ι
573 1994 681 2044 amdan
692 1997 715 2043 sl
750 1991 836 2057 uican
849 1993 892 2043 Sic
900 1992 1050 2044 Bentlsium
1061 1997 1171 2045 4444444
1182 1993 1277 2056 scripsi

184 2073 283 2136 probo,
301 2072 377 2123 reddo
388 2069 539 2121 codicillos.»
557 2071 612 2120 Nec
623 2071 714 2119 tamen
752 2079 814 2118 cum
832 2067 897 2118 cod.
917 2067 1097 2120 mechliniensi
1119 2068 1190 2133 apud
1211 2068 1277 2118 For-

188 2147 306 2198 imitatus
323 2147 365 2198 est
381 2145 504 2196 Horatius
522 2141 664 2195 CatuHum.
751 2141 868 2191 rentium
886 2143 914 2193 et
929 2155 983 2192 uno
1002 2143 1077 2193 Feae.
1109 2143 1163 2194 Cir.
1182 2143 1278 2205 Zumpt

752 2217 868 2266 Gramm.
896 2217 953 2266 Lat.
972 2216 996 2280 g.
1015 2215 1072 2268 443.
1108 2217 1177 2268 Cum
1200 2215 1277 2268 noble

220 2293 464 2358 44441444νηί4]
484 2294 568 2354 Quam
584 2293 616 2342 ul
627 2291 714 2342 minus
752 2304 804 2342 non
831 2291 993 2343 crediderint
1017 2290 1188 2355 Bernhardy,
1223 2292 1276 2341 Re-

189 2373 291 2422 castam
321 2369 462 2420 infamaret
487 2367 653 2418 Stesichorus
680 2367 712 2432 [4.
752 2365 806 2431 gel,
819 2365 904 2428 lehn,
923 2364 1047 2417 addenda
1063 2370 1126 2416 sunl
1145 2364 1275 2431 exempla.

189 2446 252 2496 Chr.
266 2443 414 2506 630-444.)
429 2437 514 2493 ’illos
526 2442 638 2512 κέρσει,
657 2453 716 2492 444-
752 2440 835 2493 Plsut.
855 2440 960 2492 Trucul.
978 2454 1005 2492 v.
1025 2442 1090 2492 tte:
1109 2442 1180 2504 Quos
1195 2441 1278 2491 turcos

79 2535 84 2542 ·
189 2521 263 2569 mine
280 2516 452 2580 lyrieeepieu.
487 2518 597 2578 Postea,
615 2517 717 2567 ulnar·
751 2516 865 2580 44444444,
886 2529 917 2567 so
933 2516 1075 2567 maniatici
1091 2517 1165 2580 dicia,
1184 2518 1279 2568 144444·

189 2594 249 2644 4444
267 2591 322 2655 (cir.
341 2590 415 2642 Plato
436 2590 550 2641 Phaedr.
573 2603 632 2655 pag.
654 2590 712 2642 ale.
752 2591 807 2653 ohe,
834 2592 867 2642 Ft
888 2595 1004 2642 rothom
1024 2595 1048 2642 et
1069 2592 1171 2642 44444444
1190 2591 1276 2642 drona.

189 2664 412 2718 A.lsocrat.Hel.
430 2665 494 2718 Eue¹
512 2665 536 2730 ἓ.
555 2665 595 2718 64.
615 2669 715 2717 Pausa·
752 2665 819 2718 liud.
846 2665 876 2725 3,
897 2668 925 2726 4,
954 2666 1004 2718 34;
1044 2667 1090 2718 Vos
1110 2667 1279 2730 respondetote

189 2741 247 2792 nias
272 2741 301 2802 3,
325 2741 369 2801 lu,
396 2741 435 2792 t3.
471 2741 661 2793 Dicdumlt.
685 2753 712 2804 p.
751 2743 824 2792 444444
840 2741 1051 2792 istorumuicom.
1075 2742 1129 2793 Cic.
1152 2741 1276 2792 adFam.

189 2816 246 2868 487.
272 2816 363 2880 Emp.)
395 2816 429 2866 ob
456 2815 483 2866 id
515 2815 643 2866 delictum
667 2827 716 2863 oc-
753 2815 824 2878 4,9,
840 2816 869 2866 2:
887 2821 1002 2867 nostram
1015 2817 1172 2866 4444444444
1182 2815 1280 2878 estipso

189 2891 315 2941 caecatus
336 2885 481 2955 ἐγααόμιον
503 2887 619 2941 44444444
643 2899 716 2938 eom·
751 2903 810 2940 soso.
823 2889 953 2956 Sulpicius
965 2891 1000 2942 ad
1012 2891 1067 2942 Cle.
1078 2891 1150 2941 Fam.
1160 2890 1185 2953 4,
1198 2892 1227 2941 ll:
1239 2889 1279 2939 An

188 2965 278 3029 posuit
301 2962 423 3029 pluribus
449 2963 556 3027 hymnis
574 2963 713 3024 conatam,
751 2964 819 3014 illius
833 2967 926 3028 44444,
944 2967 1031 3028 oredo,
1049 2964 1134 3016 doles?
1159 2966 1191 3016 D.
1210 2965 1279 3014 Bru·

188 3041 215 3088 in
233 3051 288 3102 quo
304 3034 479 3106 παλινῳδίαν
503 3037 656 3088 4444444444
673 3037 716 3088 in·
752 3041 795 3090 lus
810 3040 882 3092 Fam.
900 3041 945 3104 ll,
964 3040 1012 3091 ro:
1029 3053 1112 3090 msam
1127 3044 1150 3090 44
1165 3043 1277 3090 esatrom

190 3116 231 3164 ter
247 3112 312 3164 alios
329 3113 484 3165 versieulis:
504 3106 564 3164 Οὐκ
581 3103 716 3164 ἔστ’ἕτν-
751 3115 830 3166 444444
854 3115 956 3168 limma
979 3127 1075 3166 4444444
1107 3120 1150 3166 ost.
1194 3114 1275 3164 Tacit.

189 3202 246 3251 μσς
268 3183 355 3254 λόγος
380 3177 478 3252 οὖτος·
497 3182 563 3240 Οὐδ’
589 3181 661 3252 ἔβας
684 3187 716 3240 ἐν
752 3191 819 3241 Hist.
838 3191 865 3250 4,
884 3191 933 3241 29:
971 3190 1070 3254 imperii
1092 3190 1172 3242 444444
1195 3189 1275 3241 dolon

190 3261 293 3328 νηυσὶν
304 3261 490 3329 ἐϋσσέλμοις,
503 3257 567 3315 0454·
579 3262 641 3315 liceo
652 3264 717 3336 πέρ-
752 3263 829 3330 Apul.
842 3265 903 3317 4444.
917 3265 946 3328 9,
966 3265 997 3317 44
1008 3280 1014 3314 :
1035 3265 1148 3316 ast-oisc
1162 3265 1279 3314 444444--

190 3352 271 3403 γαμα
287 3338 401 3409 Τροίας.
426 3337 592 3392 Schneider.
610 3339 667 3391 Del.
685 3353 713 3405 p.
751 3341 944 3404 ingeniscerem.
967 3339 1092 3391 Similiter
1109 3339 1211 3390 Graeci.
1234 3339 1276 3388 Si-

191 3411 248 3462 330.
283 3412 369 3476 Bergk
386 3414 450 3476 Lyr.
469 3427 529 3478 pag.
551 3413 608 3465 444.
633 3415 717 3466 Finxit
753 3415 854 3466 monid.
868 3417 975 3480 Among.
988 3417 1019 3478 7,
1033 3415 1091 3466 443.
1110 3413 1274 3466 Schneider.

191 3489 282 3538 aulem
307 3500 323 3537 a
348 3487 441 3538 Paride
468 3487 584 3540 Helenae
613 3491 716 3542 tanturn
752 3490 838 3553 Bergk
864 3490 887 3540 u.
909 3503 936 3555 p.
956 3490 1019 3541 506:
1051 3484 1133 3560 Ἀνὴρ
1158 3487 1181 3538 d'
1208 3479 1279 3537 ὅταν

191 3562 334 3625 imaginem
355 3559 494 3629 (εἴδωλον)
512 3563 715 3616 Lacedaemone
752 3559 882 3630 μάλιστα
919 3561 1061 3630 rappodo
1100 3558 1175 3636 44κῇ
1207 3562 1277 3612 Κατ’

191 3637 296 3687 Troiam
313 3636 460 3689 abductam
477 3650 548 3690 esse.
576 3637 629 3689 Cir.
647 3640 717 3690 (444-
753 3635 836 3690 οἶκον
861 3633 882 3704 ἢ
906 3636 978 3691 θεοῦ
998 3643 1107 3711 μοῖραν
1123 3633 1144 3705 ἢ
1161 3631 1277 3709 ἀνθρώ-

191 3709 256 3760 lium
285 3710 319 3760 de
346 3713 489 3766 Stesichori
521 3711 656 3766 Palinodia
689 3715 716 3766 in
754 3729 810 3766 που
827 3709 914 3785 χάριν
930 3712 990 3765 κτλ.
1015 3715 1078 3766 Eat:
1098 3713 1213 3765 «sororis
1230 3726 1280 3764 no-

191 3785 284 3836 444444
300 3785 426 3840 Rhenano
448 3788 522 3840 4838.
540 3789 560 3839 1.
579 3800 606 3853 p.
625 3787 649 3840 8.
679 3789 717 3840 Ex
753 3791 841 3852 mine,
854 3803 904 3855 pro
915 3801 1007 3842 sorore
1019 3803 1094 3840 sua.»
1112 3788 1235 3852 Plerique
1247 3801 1280 3838 ex

192 3857 292 3909 Horatii
320 3857 380 3911 loco
409 3859 493 3926 liquet
516 3865 625 3928 4444444
651 3876 718 3929 apo-
754 3876 806 3914 usu
827 3863 983 3929 posterioris
1005 3863 1150 3914 Latinitatis
1173 3863 1277 3925 (ilinuc.

192 3933 302 3999 strophe
328 3934 362 3984 ad
387 3936 531 3989 Dioseums
557 3937 625 3990 laeta
653 3951 717 4004 pre·
755 3936 808 3990 Ful.
821 3937 871 3990 4οι
889 3939 1000 3989 onmium
1015 3943 1129 3989 aratrum
1143 3937 1198 3987 eico
1212 3949 1280 4000 pou·

192 4011 283 4060 catum
303 4021 381 4072 esse,
412 4011 442 4061 ut
468 4011 519 4062 sibi
538 4013 716 4078 ignoscerent,
755 4013 821 4078 deo.)
846 4011 991 4065 ablativum
1008 4012 1161 4066 accusativo
1178 4009 1279 4062 substi-

192 4095 261 4148 4444
295 4085 322 4135 44
356 4079 450 4136 aornim
483 4098 605 4140 sororem
640 4100 719 4140 com·
757 4090 872 4140 tnemnt.
910 4089 1017 4142 Minima
1049 4100 1114 4139 voro
1149 4087 1280 4138 tenatiori-

193 4158 317 4210 rniaissel.
336 4158 377 4212 Ad
394 4158 564 4214 clementiam
581 4163 644 4214 flexi
656 4175 717 4214 oum
756 4164 807 4215 bus
833 4165 943 4216 auribus
968 4162 1075 4229 plaeere
1096 4165 1185 4228 potest
1201 4163 1279 4214 nimis

193 4235 299 4294 essent,
342 4235 430 4286 uisum
463 4233 505 4287 ille
540 4238 717 4302 recuperavit.
756 4237 848 4291 similis
873 4240 1011 4304 utriusque
1037 4237 1162 4290 versiculi
1194 4237 1279 4289 exitus

194 4307 319 4360 Celerum
353 4308 443 4373 Plato,
481 4313 630 4374 Isocrates,
669 4313 718 4364 Die
755 4315 822 4378 utre,
838 4327 921 4378 precs.
