3014 4978
295 475 357 540 452
679 473 807 524 Hortarii
825 473 994 526 cremnon

424 631 485 712 Qni
508 631 615 696 Musas
637 638 722 695 amat
744 628 899 717 impares,

463 753 584 818 Ternos
606 760 655 816 ter
676 749 811 840 cyathos
834 749 985 815 attonitus
1007 758 1094 836 petet

422 876 533 953 Vates3
558 882 624 938 tres
647 870 797 960 prohihet
819 889 917 955 supra

463 993 614 1060 Rixarnm
635 1002 783 1058 metuens
805 1001 937 1077 tangere
960 989 1068 1057 Gratia

425 1150 526 1218 Nndis
549 1151 655 1218 iuncta
677 1148 854 1216 sororibus.

464 1271 607 1338 insanire
629 1270 731 1336 iuvat:
755 1290 814 1336 cnr
835 1269 1048 1358 Berecyntiae

421 1393 557 1460 Cessent
578 1391 707 1458 flamina
729 1390 852 1458 tibiae?

463 1513 529 1580 Cur
550 1510 670 1599 pendet
692 1511 787 1580 tacita
808 1510 915 1578 fistula
936 1531 1010 1578 cnm
1033 1510 1128 1600 lyra?
1347 1512 1390 1575 ΤΟ

360 1703 399 1752 it.
419 1702 465 1751 trie
481 1701 539 1760 BT,
557 1699 699 1751 Bentleius.

294 1883 321 1919 v.
340 1869 487 1920 Ommwdus
512 1869 539 1916 et
563 1880 613 1917 nos
638 1866 672 1916 ad
689 1867 770 1930 Epist.
788 1867 817 1928 2,
856 1866 976 1916 Cramer.
994 1867 1014 1915 1.
1032 1876 1092 1929 peg.
1112 1864 1195 1928 288.):
1221 1865 1255 1915 ai
1282 1863 1317 1918 δέ
1333 1883 1389 1934 μευ

294 1945 323 2006 2,
337 1944 378 1993 7⁰.
395 1941 479 1992 Plout.
492 1941 564 1992 Asin.
578 1941 607 2002 3,
621 1940 649 2001 3,
669 1940 732 1990 teo:
751 1954 820 1990 com-
856 1937 960 2010 φρένες
975 1937 1198 2002 ἐκκεκωφέαται.

292 2018 381 2067 orodes
395 2017 495 2076 minas,
519 2016 650 2078 integras,
674 2015 735 2064 insti
751 2026 820 2079 pon·
889 2015 929 2064 re.
941 2015 981 2064 tt.
1001 2015 1167 2080 Groticeet.]
1187 2014 1269 2066 «Tres
1278 2017 1388 2069 Gratiae

293 2089 384 2153 deris.)
399 2117 426 2127 -
446 2088 591 2141 Retinenda
609 2090 699 2139 cutem
714 2087 821 2138 videtur
857 2090 989 2139 iunctae.»
1007 2088 1055 2138 Od.
1074 2087 1102 2149 i,
1121 2088 1150 2148 t,
1169 2089 1198 2138 t:
1218 2089 1314 2141 Gratia
1332 2107 1390 2142 etun

293 2164 423 2216 librorum
455 2163 533 2214 lectio
568 2164 720 2224 miscerier,
758 2162 819 2226 qnia
856 2164 978 2225 Nmnphie
997 2163 1149 2227 amicisque
1169 2163 1309 2216 eorerihua.
1340 2166 1387 2216 Od.

294 2236 449 2302 simpliciter
461 2240 564 2299 narrat,
583 2251 615 2287 ex
627 2250 702 2288 more
715 2237 741 2286 in
754 2249 820 2287 eon·
858 2240 885 2299 i,
904 2237 949 2297 ³0,
968 2238 999 2286 5:
1024 2238 1110 2287 solutis
1131 2237 1236 2286 Gratiae
1255 2241 1340 2289 zonis.
1361 2267 1388 2276 -

293 2314 368 2362 viriis
394 2311 472 2363 solito
496 2313 566 2362 hanc
590 2310 633 2362 vei
657 2310 730 2363 illam
752 2313 819 2362 meri
856 2310 948 2375 Noctis]
979 2311 1046 2361 Vide
1074 2309 1271 2375 pulcherrimos
1299 2313 1390 2364 nude-

294 2399 357 2436 eum
373 2400 443 2450 aqua
461 2388 615 2438 mixtionem
633 2387 750 2437 convivis
770 2399 819 2450 pro
857 2399 918 2437 nrm
927 2386 1077 2436 Gratiarum
1089 2386 1218 2448 imagines
1230 2386 1257 2436 in
1266 2387 1389 2439 Viseonti

296 2472 391 2510 eornm
408 2459 493 2510 lubitu
510 2461 615 2525 apponi.
635 2461 673 2510 lta
690 2460 820 2524 iintgersii
856 2463 922 2511 Meos.
945 2459 1060 2510 Pieriam.
1084 2459 1127 2509 [v.
1151 2460 1180 2509 T.
1206 2459 1246 2510 te.
1268 2462 1387 2512 Boane.

296 2535 449 2584 coniectura
474 2535 607 2584 miscettor
629 2536 702 2584 certe
724 2547 820 2584 neces·
857 2534 949 2598 Borah.
977 2535 997 2584 1.
1023 2535 1052 2584 Τ.
1080 2533 1105 2584 3.
1131 2533 1196 2584 itam
1226 2534 1253 2584 in
1278 2537 1388 2599 pictura

297 2607 367 2657 serie
383 2619 436 2657 non
453 2609 502 2657 est.
857 2609 1018 2672 Pompeiane
1040 2608 1068 2656 in
1089 2609 1154 2657 Mirr.
1172 2605 1282 2657 Beroen.
1320 2611 1387 2661 vili.

858 2685 886 2734 T.
905 2683 943 2742 3.·,
968 2683 1050 2733 etiem
1067 2682 1095 2732 in
1111 2683 1223 2732 Morem.
1241 2681 1310 2732 ined.
1332 2685 1388 2736 w

331 2754 433 2805 ta-te.
458 2755 581 2820 inpares]
608 2755 706 2806 Earum
724 2769 820 2807 nume-
856 2758 916 2807 inst.
935 2756 1005 2806 ercii.
1027 2757 1058 2806 11.
1082 2755 1111 2805 T.
1130 2755 1187 2816 ih,
1205 2753 1271 2818 nbi,
1291 2759 1325 2808 ut
1342 2772 1388 2810 ec·

295 2843 358 2880 rum
368 2831 543 2880 novenarium
554 2830 693 2893 significat.
713 2857 740 2868 ·-
761 2831 821 2881 Ter-
857 2829 913 2880 ient
930 2831 956 2880 in
977 2829 1158 2880 monumentis
1178 2830 1309 2893 unoquo,
1339 2833 1390 2884 Bo-

292 2917 339 2953 nos
355 2908 393 2954 ter
409 2904 519 2968 eremos]
539 2905 611 2955 Haec
627 2917 735 2968 quoqne
750 2918 821 2956 nunc
858 2917 914 2966 res,
933 2905 1021 2969 spicas
1040 2906 1067 2955 et
1083 2901 1185 2954 malum
1200 2903 1331 2958 menibus
1349 2909 1390 2957 te-

294 2979 359 3042 pnto
391 2978 533 3028 commode
568 2977 694 3042 explicari
729 2992 819 3043 posse.
858 2981 931 3030 nent.
948 2979 1075 3030 Vestibus
1092 2979 1184 3029 contra
1202 2977 1314 3030 indutae
1326 2983 1389 3031 sunt

296 3053 415 3116 «Sane»,
442 3053 539 3116 inquit,
568 3055 667 3116 npo'ete
684 3056 819 3118 amitas,
858 3055 885 3104 in
911 3052 1031 3104 Gerherd
1056 3053 1135 3114 antia
1159 3051 1250 3102 Biidio.
1275 3054 1295 3102 i.
1321 3053 1387 3105 Tah.

294 3123 507 3190 ἐνθουσιάζων,
534 3130 623 3192 spreta
649 3127 750 3179 leviore
778 3128 821 3180 illa
859 3127 959 3188 tt-to,
982 3125 1074 3178 Clarae
1094 3128 1180 3178 timeo
1201 3127 1232 3178 de
1247 3127 1341 3190 scalpe.
1359 3129 1386 3180 T.

294 3203 433 3264 mixtione,
463 3202 599 3253 fortiorem
624 3205 699 3267 petet
722 3217 821 3255 novem
860 3201 928 3263 473„
948 3204 1013 3253 Mus.
1031 3201 1139 3251 Borion.
1157 3201 1189 3249 V.
1206 3201 1236 3250 T.
1253 3201 1296 3251 39.

294 3275 349 3325 vini
360 3275 519 3337 cyathonrm
535 3289 598 3325 curn
615 3275 701 3326 trihus
719 3290 819 3341 nqnae;
893 3275 931 3326 ⁴8.
946 3275 986 3324 to.
1001 3275 1124 3339 Immitre]
1138 3273 1295 3334 theochari,
1309 3287 1388 3326 amo-

294 3349 482 3399 varnmtamen
507 3362 560 3399 non
581 3351 654 3414 petet
676 3355 727 3402 trec
743 3365 822 3414 supra
860 3351 892 3400 tis
909 3351 999 3400 temen
1021 3349 1112 3399 rixis.»
1146 3347 1194 3398 Od.
1213 3345 1242 3408 t,
1268 3349 1316 3410 te,
1341 3351 1386 3402 28:

294 3436 384 3473 nocem
399 3424 453 3473 vini
470 3423 600 3485 cyathos,
627 3425 726 3488 idest,
753 3425 822 3476 duo-
858 3423 937 3474 Deice
956 3427 991 3475 est
1015 3423 1125 3485 mecm
1149 3421 1177 3472 ie
1198 3423 1261 3472 ioco.
1287 3447 1317 3460 -
1341 3435 1389 3474 erre

297 3497 400 3558 decim,
418 3495 696 3560 veiqnodidemest,
716 3512 822 3552 mamm
858 3496 1030 3561 Berecyntiae]
1060 3497 1134 3547 «Cur
1162 3498 1271 3546 cessant
1299 3496 1388 3547 tibici-

296 3569 367 3621 nnita
378 3583 490 3636 prorsus
505 3584 575 3636 equa
586 3571 712 3636 dilutum,
731 3576 822 3638 provi·
859 3584 908 3622 nes
929 3571 1066 3641 Φρυγιστὶ
1087 3571 1223 3620 caneret»
1249 3569 1388 3633 Berecyn-

297 3643 361 3705 dus,
375 3658 409 3694 ne
421 3645 494 3694 runo
508 3647 651 3696 oriantur.»
669 3648 733 3698 Tota
745 3649 779 3699 de
791 3663 821 3700 re
860 3647 911 3707 tus,
924 3645 1055 3708 Phrygiae
1067 3655 1154 3704 mons,
1167 3642 1214 3693 uhi
1225 3645 1387 3708 praecipuos

300 3716 348 3768 cir.
368 3718 448 3768 etiam
465 3719 575 3768 Beckeri
593 3720 682 3769 Gallos
698 3721 749 3783 (ed.
767 3721 821 3786 alt.)
860 3718 946 3770 enims
958 3720 1047 3770 Matris
1058 3719 1141 3769 deum
1154 3729 1268 3780 magnae
1281 3718 1386 3769 idaeae.

298 3793 317 3843 1.
331 3803 358 3854 p.
373 3791 420 3841 490
431 3805 509 3855 seqq.
532 3791 615 3842 Aliter
623 3792 686 3842 oiim
695 3795 824 3859 interpra-
860 3792 917 3843 Tib.
930 3795 960 3855 2,
982 3793 1011 3856 i,
1032 3793 1078 3844 86:
1103 3791 1212 3856 thoio
1229 3791 1294 3842 tibio
1310 3803 1387 3842 crece

298 3868 447 3928 totussnm,
462 3866 614 3916 utividehis
626 3867 823 3920 inExcursnad
860 3880 931 3928 sono,
950 3869 978 3918 et
994 3867 1105 3931 quidem
1121 3867 1252 3930 graviore.
1278 3867 1384 3918 Aristot.

298 3939 364 4002 h.i.,
375 3951 458 4003 quem
470 3941 587 4000 servavi,
601 3951 654 3990 non
663 3940 734 4003 qnod
744 3941 825 4007 expli·
861 3940 935 3991 Polit.
950 3943 976 4003 t,
996 3941 1024 4001 8,
1044 3941 1074 3991 6:
1094 3934 1148 3992 οὐκ
1164 3933 1245 3992 ἔστιν
1262 3934 1282 3989 ὁ
1299 3933 1386 4000 αὐλὸς

298 4015 431 4066 cntionem
440 4014 527 4078 ipsam
536 4013 689 4064 etiamnunc
699 4015 822 4079 probem,
861 4007 980 4078 ἠθικόν,
1006 4009 1081 4066 ἀλλὰ
1103 4011 1216 4080 μᾶλλον
1240 4009 1386 4084 &pyrami-

298 4089 349 4142 sed
366 4089 427 4152 quie
443 4089 517 4139 varia
534 4088 587 4138 huc
601 4091 824 4152 sanespectantie
861 4083 924 4139 κόν.
960 4089 1041 4152 (iiiuc
1064 4088 1199 4152 munire.)
1227 4116 1255 4126 -
1282 4089 1385 4154 mire

299 4164 425 4217 continet.
460 4189 488 4200 -
518 4161 649 4226 αιωηίιιιε]
680 4160 824 4234 «tecper-
860 4161 944 4228 tihioe]
968 4163 1058 4228 Enrip.
1081 4162 1180 4214 Phoan.
1203 4161 1265 4214 teo:
1295 4155 1383 4214 tuot

298 4237 822 4304 emoq‚h1rorepereitns,heaeietert.»
862 4233 1019 4303 πνεύματα.
1052 4237 1150 4288 Bacch.
1183 4235 1246 4288 tet:
1273 4230 1383 4302 ἡδοβόᾳ

300 4311 424 4364 Similiter
445 4317 585 4366 Anacreon
606 4311 641 4364 de
662 4325 692 4364 se
711 4312 823 4376 (haecd.
862 4311 991 4384 Φρυγίων
1007 4303 1107 4365 ditos
1118 4306 1268 4378 πνεύματι.
1290 4305 1380 4362 ποιὰ.
