3078 4978
537 449 638 500 tisun.
674 451 771 501 CARM.
792 451 845 500 XV.

282 603 318 670 Si
341 615 453 671 certus
472 605 594 671 intrarit
616 606 717 674 dolor.

235 730 278 794 Et
301 737 351 804 tu,
375 730 563 818 quicunque
587 751 623 795 es
646 727 767 795 felicior
790 740 887 816 atque
911 751 984 796 meo
1008 752 1091 796 nunc

283 849 453 938 Superbus
476 851 600 919 incedis
622 848 726 927 male,

232 971 294 1055 ,Sis
317 992 436 1060 pecore
458 983 491 1040 et
512 971 611 1039 multa
633 971 725 1038 dives
747 969 862 1038 tellure
884 969 991 1038 licebit

283 1093 420 1182 'sibique
443 1094 591 1162 Pactolus
614 1093 710 1171 lluat,

235 1219 308 1282 Nec
330 1227 361 1282 te
384 1215 586 1305 Pythagorae
609 1214 717 1282 fallant
738 1234 857 1282 arcana
879 1217 1002 1289 renati,

285 1342 467 1426 Formaque
489 1338 599 1404 vincas
621 1337 732 1412 Nirea,

238 1460 333 1526 Eheu
356 1459 527 1526 translatos
548 1457 611 1526 alio
634 1457 795 1525 maerebis
819 1477 964 1523 amores:

283 1586 339 1648 Ast
364 1601 425 1669 ego
449 1581 591 1648 vicissim
613 1581 726 1646 risero.

215 1811 261 1860 ti.
280 1809 313 1858 Et
329 1813 356 1858 tu
372 1808 484 1869 BbSTc,
510 1821 605 1858 omnes
626 1808 735 1859 Bentleii
760 1811 883 1873 epraeter
903 1822 986 1860 unum
1004 1821 1037 1859 ex
1052 1811 1210 1860 recentiori-

177 1885 269 1944 bus»,
297 1881 529 1934 CetBentleius:
556 1883 587 1933 Ar
604 1885 715 1934 tuPott.
733 1883 765 1946 9,
791 1883 835 1945 ⁴3,
864 1883 919 1946 tt,
938 1882 1038 1946 Aldus,
1057 1885 1141 1936 LtFil.
1172 1885 1211 1947 (ut

178 1973 253 2020 nos,
272 1959 305 2022 J.)
327 1985 353 1994 -
373 1959 413 2008 Ἠ.
432 1971 509 2008 aerea
525 1960 574 2009 BT.
596 1985 623 1995 -
643 1959 684 2008 23.
703 1960 757 2008 Heu
773 1961 820 2009 lieu
836 1958 937 2022 usui,
955 1961 1025 2010 Eira
1041 1961 1101 2012 eheu
1117 1962 1145 2010 B.

143 2156 301 2206 constantia
327 2168 404 2214 mea,
432 2154 458 2204 id
485 2157 543 2215 est,
571 2156 680 2205 firmum
696 2159 701 2182 ¹
717 2155 822 2206 sincera
844 2157 1006 2220 poenitentia
1026 2158 1053 2207 te
1070 2157 1240 2222 penetrarit.»

142 2243 245 2282 meum
266 2231 432 2294 propositum
453 2233 479 2280 te
501 2229 678 2292 relinquendi,
718 2229 769 2278 Sed
789 2230 811 2277 ei
834 2243 887 2279 uon
906 2230 1037 2292 significat
1055 2231 1108 2281 etsi.

143 2305 232 2356 cedet
257 2307 318 2354 tuae
342 2303 530 2370 pulchritudini
547 2305 620 2354 sonet
640 2303 680 2367 os·
750 2303 838 2354 ir-st.
865 2305 898 2354 dt
919 2307 955 2367 tu]
975 2306 1028 2356 «Tu
1045 2319 1153 2370 quoque
1170 2307 1243 2356 riva-

141 2381 250 2444 feesae,
277 2377 305 2429 id
330 2382 384 2439 est,
412 2392 482 2443 quae
503 2377 588 2430 semel
614 2379 679 2428 mihi
716 2374 773 2426 lis.»
803 2378 845 2428 Sic
868 2379 953 2429 Codd.
973 2379 1057 2444 Epod.
1077 2381 1121 2441 tr,
1140 2380 1180 2432 tt.
1210 2381 1242 2432 rii

144 2455 235 2505 invisa
262 2454 330 2504 iacta
354 2455 436 2503 erit.»
472 2453 560 2517 (aNec
583 2455 605 2504 si
631 2453 679 2503 ali·
716 2451 891 2504 reiiciendum
919 2457 1030 2518 propter
1056 2469 1082 2505 v.
1109 2455 1150 2506 ii.
1179 2455 1239 2516 Att;

144 2527 261 2592 quando
285 2526 376 2578 dolore
398 2531 487 2579 motus
509 2531 613 2580 certum
631 2529 678 2578 flr-
715 2529 808 2578 contre
832 2530 906 2579 recte
932 2529 1025 2581 Catuli.
1042 2531 1072 2592 8,
1098 2531 1137 2582 tt.
1167 2531 1240 2596 (vide

144 2615 282 2665 mumque
304 2614 403 2666 cepero
427 2602 581 2666 consilium,
612 2617 678 2655 con·
714 2602 786 2654 adv.
801 2603 851 2667 ii.)
868 2603 925 2655 lib.
945 2607 973 2667 i„
986 2607 1015 2666 2,
1028 2606 1073 2657 88:
1091 2606 1123 2656 At
1139 2612 1179 2667 ta,
1198 2607 1241 2668 qut

144 2677 247 2728 stantia
266 2691 326 2728 mea
343 2679 465 2729 vincetur
485 2680 586 2730 formae
605 2683 674 2743 tuae,
714 2678 793 2728 iaetus
803 2680 950 2730 ridemuta
961 2686 1062 2740 nestra,
1081 2682 1241 2731 canetoidoc

143 2753 173 2802 iu
201 2765 256 2816 qua
282 2751 367 2803 semel
392 2753 564 2816 offenderim,
590 2769 677 2805 venu-
714 2751 771 2802 itti:
796 2767 847 2803 eoa
868 2769 934 2804 unua
952 2755 1045 2804 saeviet
1068 2768 1146 2816 atqie
1170 2756 1237 2805 deute

144 2828 244 2877 stete.»
264 2829 367 2891 Rauen.)
383 2855 410 2865 -
430 2829 546 2892 offensae]
567 2831 608 2879 nin
623 2842 675 2892 qua
714 2825 895 2888 1d.t,t,eez
914 2829 945 2877 At
962 2833 1001 2888 ta,
1020 2829 1064 2888 qui
1077 2830 1240 2890 potiurouoc

143 2903 260 2966 propter
279 2901 420 2964 perfidiam
438 2905 512 2952 tuam
529 2903 603 2952 seusei
619 2903 677 2966 (ein
714 2912 751 2959 et,
764 2912 821 2948 mea
831 2900 887 2962 seta
898 2902 990 2950 timeto.
1006 2903 1113 2950 -Sir-
1124 2928 1138 2939 -
1149 2901 1238 2963 iicebit]

144 2977 199 3040 fiir
216 2975 349 3036 uttemui,
367 2975 499 3024 uaeeotta
511 2989 561 3037 per
571 2989 676 3038 secure,
714 2973 757 3022 Sic
769 2973 821 3023 Sat.
834 2975 863 3035 Ξ,
882 2977 912 3037 2,
926 2977 973 3025 59:
992 2976 1073 3026 iicebit
1088 2977 1132 3026 lite
1142 2977 1240 3038 repotia

144 3050 354 3114 inperpetuum)
365 3049 550 3100 offenderim.»
563 3050 617 3099 Cic.
628 3063 677 3113 pro
714 3073 728 3084 -
747 3073 762 3084 ·
778 3047 888 3099 celebret.
911 3052 1010 3100 Prosae
1034 3064 1073 3100 or.
1095 3051 1239 3114 scriptores

145 3123 254 3176 Cluent.
270 3124 316 3174 58:
338 3125 434 3174 etium
448 3125 616 3174 istavidiosas
632 3130 678 3175 aut
714 3123 836 3186 tempore
847 3125 983 3187 praesenti
994 3127 1118 3184 utuntur,
1131 3126 1195 3174 iicet.
1210 3153 1237 3180 τ

144 3201 234 3250 muttit
257 3202 365 3263 offeruit
386 3201 511 3250 adeatur.
533 3213 583 3264 pro
606 3201 674 3251 Sest.
712 3197 840 3259 Poetelio]
860 3197 958 3261 Lydiae
970 3199 1067 3249 liuvius
1079 3198 1191 3258 aurifer,
1210 3203 1240 3249 ut

144 3275 192 3325 58:
213 3275 254 3324 etti
263 3287 310 3324 eos
318 3276 404 3338 offensi
415 3275 537 3337 invitique
545 3276 674 3339 firmis.
713 3272 808 3335 Tagus,
820 3272 933 3332 Hebrus,
945 3273 1041 3334 Padus,
1053 3275 1165 3335 Ganges.
1173 3272 1236 3323 Plin.

146 3348 268 3411 (Bentleii
291 3351 443 3414 speciosam
468 3349 517 3401 sed
538 3351 610 3400 houd
627 3365 676 3402 ne·
713 3348 782 3398 ilii.
793 3347 868 3408 ³3,i.
882 3375 910 3384 -
933 3348 988 3398 «Sis
1005 3346 1067 3397 licet
1078 3346 1145 3398 alter
1156 3348 1240 3398 Croe-

145 3426 294 3477 ceseariem
312 3427 494 3476 coniecturam
518 3427 604 3488 offensi
626 3427 676 3476 do·
713 3435 784 3473 susa
806 3449 833 3459 —
852 3422 960 3483 mona]
979 3421 1054 3472 «fidis
1071 3434 1103 3470 ac
1120 3419 1239 3485 probatis

145 3501 266 3550 ctissime
283 3499 523 3564 delenditArtius.)
538 3528 566 3537 -
585 3501 612 3551 st
623 3515 677 3552 cer-
713 3499 817 3548 tantunt
834 3496 982 3561 discipulis,
1007 3501 1068 3559 τοῖς
1085 3491 1158 3557 ἔσω,
1182 3499 1238 3546 tra-

144 3580 186 3626 tur
212 3575 316 3625 ineerta
340 3576 423 3638 dolor]
464 3577 501 3627 rai
532 3577 675 3640 indignatio
713 3572 792 3622 dita.»
805 3573 937 3634 -rerrutfl
951 3567 1240 3637 signiticatpereptpri-

146 3651 226 3701 certe
239 3663 284 3700 me
300 3651 447 3714 penetrarit
466 3651 626 3715 penitusque
649 3653 674 3702 iu
712 3661 813 3707 κωσιν-
832 3646 871 3697 Cf.
883 3646 931 3696 Od.
945 3648 956 3696 i
968 3685 973 3708 ,
987 3647 1032 3707 28,
1049 3648 1089 3697 i0.
1105 3674 1133 3682 -
1150 3647 1238 3710 Nirea]

147 3725 222 3776 omni
255 3737 336 3775 sensu
370 3722 503 3790 implicata
532 3725 673 3785 insederit;
712 3720 785 3772 iliad.
795 3719 824 3780 β,
835 3721 899 3771 tta:
913 3720 1026 3792 Νιρεύς,
1040 3717 1074 3784 ὃς
1085 3717 1239 3786 κάλλιστος

148 3812 211 3850 nem
231 3811 303 3850 nunc
325 3800 434 3864 quidem
454 3814 498 3852 res
523 3802 550 3851 in
567 3813 599 3851 eo
618 3801 673 3861 est,
711 3792 787 3869 ἀνὴρ
803 3789 953 3848 tuom
971 3789 1060 3863 ἢλθεν
1071 3794 1134 3850 Τῶν
1144 3791 1239 3849 ἄλλων

147 3877 177 3925 ut
202 3888 295 3926 rursus
324 3876 463 3939 ignoscere
495 3875 541 3926 tibi
574 3887 673 3939 meque
712 3869 832 3922 Δαναῶν
848 3871 908 3938 μετ’
918 3866 1059 3938 ἀμύμονα
1074 3871 1236 3940 Πηλείωνα.

148 3952 238 4000 tecum
257 3948 431 4001 reconciliare
451 3951 580 4014 possim.»
610 3951 673 4002 Mire
711 3948 769 3998 Vid.
781 3946 829 3997 Od.
840 3947 864 4008 3,
875 3949 916 4010 20,
928 3949 968 3999 rt.
981 3977 1008 3986 -
1018 3948 1134 4010 vicium
1146 3950 1236 4009 «uttu,

148 4023 190 4076 elii
208 4024 353 4089 explicant:
385 4025 449 4076 retsi
476 4027 566 4078 certus
588 4023 671 4085 dolor,
711 4020 811 4072 lelicior
831 4020 932 4084 rivalis,
953 4037 996 4074 me
1008 4037 1079 4075 nunc
1097 4021 1230 4072 derides.»
