2992 4978
547 454 606 504 LlB.
626 455 666 503 lli.
703 455 732 504 C.
751 455 826 504 xvii.

286 647 348 725 Qui
370 645 568 712 Formiarum
589 649 716 714 moenia
739 647 855 714 dicitur

326 767 480 856 Princeps
501 777 534 833 et
555 768 716 836 innantem
737 769 874 836 Maricae

370 889 530 956 Litoribus
553 890 694 956 tenuisse
716 889 813 956 Lirim

285 1049 362 1116 Late
386 1057 554 1136 tyrannus:
577 1085 620 1097 —
641 1069 713 1115 cras
736 1046 818 1114 loliis
839 1069 953 1114 nemus

286 1167 390 1234 linitis
412 1178 445 1236 et
467 1167 537 1256 alga
559 1167 633 1235 litus
655 1168 755 1235 inutili

324 1290 473 1358 Demissa
495 1298 668 1378 tempestas
691 1291 733 1358 ab
755 1291 840 1358 Euro

221 1481 245 1530 s.
266 1480 335 1528 naal
353 1480 393 1528 cr.
412 1478 505 1542 (cona.
519 1479 616 1544 man.)

158 1637 217 1689 bilis
229 1638 342 1688 coniect.
361 1638 429 1688 ducit
445 1637 601 1701 praeterens
613 1637 681 1688 haee
718 1637 800 1688 miam
816 1637 843 1686 in
860 1649 906 1686 ora
930 1637 1090 1702 Campaniae
1113 1641 1177 1690 tunc
1195 1639 1242 1690 do-

157 1713 278 1776 scripsit:
298 1712 416 1762 aExstitit
429 1723 523 1775 nuper,
536 1713 581 1775 qm
592 1710 683 1762 lectio·
717 1711 787 1776 gissa
805 1713 974 1776 suaviterque
994 1714 1150 1764 msticatum
1168 1727 1238 1776 esse,

156 1799 220 1838 nem
245 1786 315 1836 duab
337 1797 430 1836 rursus
454 1787 574 1836 tueretur
595 1788 682 1837 hunc·
717 1787 898 1838 minusetiam
910 1787 1046 1838 Horatium
1057 1787 1242 1852 tacitesigniii-

156 1874 209 1925 que
227 1859 279 1910 loci
300 1872 410 1910 sensum
436 1859 569 1910 traderet:
600 1861 682 1910 neSi·
718 1873 781 1912 care
796 1875 825 1912 se
842 1862 1008 1912 conrivama
1022 1863 1110 1914 Lamia
1121 1875 1180 1914 cras
1195 1861 1243 1912 ad·

156 1935 267 2000 quidam
282 1935 387 1998 priores
404 1935 510 1984 Lamiae
533 1947 681 1999 cenamque
717 1935 803 1986 hiberi
814 1935 891 1988 velle.
905 1935 1006 1987 Bellum
1018 1937 1138 2000 protecto
1149 1937 1242 1988 fuisset

157 2013 303 2074 napotosa
325 2011 407 2060 Lamo
424 2011 498 2059 recte
519 2009 681 2060 denominati
718 2013 768 2062 iter
789 2023 821 2060 ex
838 2024 893 2062 uno
910 2011 953 2062 die
974 2013 1001 2061 in
1019 2010 1132 2062 alterum
1148 2011 1191 2063 vel
1208 2025 1241 2062 ex

156 2087 233 2147 sunt,
272 2085 300 2134 tu
328 2083 404 2133 ducis
431 2085 559 2147 originem
578 2084 612 2135 ab
633 2099 679 2147 eo,
717 2085 816 2136 Sabino
829 2083 872 2136 vel
890 2098 922 2136 ax
940 2085 1008 2137 llrbe
1026 2089 1053 2136 in
1068 2088 1241 2151 Campaniam

156 2161 245 2224 quia·
263 2159 332 2208 cet.»
351 2159 425 2220 (Sunt
440 2158 508 2210 haec
524 2160 607 2210 tannii
618 2173 682 2210 ver-
717 2161 827 2224 propter
842 2173 925 2209 unam
937 2159 1090 2211 coenulam!
1110 2162 1240 2212 Locorum

156 2233 212 2296 ba.)
230 2232 299 2283 used
315 2233 342 2282 in
359 2230 410 2282 hac
419 2232 565 2283 verborum
579 2235 683 2284 iunctm
717 2231 836 2297 prolecto
858 2245 953 2297 parum
976 2246 1081 2285 memor
1104 2235 1165 2295 luit,
1195 2235 1241 2297 qui

157 2321 185 2358 ra
203 2320 257 2358 oon
274 2319 354 2372 posse
373 2319 523 2371 pronomen
539 2313 568 2358 tit
586 2309 679 2370 omitti,
717 2309 796 2358 utam
812 2308 1058 2372 interpretationem
1074 2309 1239 2373 excogitavit.

157 2386 265 2433 suamet
299 2383 357 2446 ipse
392 2383 608 2446 interpretatione
640 2384 682 2432 vir
719 2382 757 2434 Cl.
777 2383 855 2433 adv.
875 2384 916 2433 to.

159 2457 330 2508 doctissimus
361 2455 536 2507 declaravit.»
581 2457 681 2508 Verum
754 2459 778 2508 9.
812 2458 874 2507 Late
905 2457 1040 2522 maenas]
1077 2457 1240 2519 dominator,

159 2532 320 2597 pronomina
341 2532 527 2595 oppositionis,
557 2533 584 2582 in
600 2545 681 2596 prosa
717 2527 895 2606 sripoxpatou.
935 2535 978 2585 Slc
1007 2535 1112 2586 llesiod.
1139 2536 1239 2600 Theog.

156 2608 241 2657 oratio
253 2607 450 2668 neuecessaria,
468 2607 581 2671 apoetis
598 2609 681 2658 inter-
716 2609 779 2662 tto:
798 2603 940 2681 Οὐρανίδῃ
957 2610 1020 2676 μέγ’
1032 2603 1144 2662 ἄνακτι.
1168 2611 1240 2675 virg.

157 2681 223 2731 dum
240 2681 406 2732 omittuntur.
450 2680 502 2732 Cir.
522 2682 619 2745 ΟΜ,
638 2685 678 2745 ii,
717 2687 782 2736 Aen.
802 2686 832 2746 l,
858 2685 905 2736 at:
931 2685 1055 2748 poputum
1075 2687 1127 2736 luto
1146 2697 1239 2750 repen.

157 2756 206 2806 3⁰:
227 2756 272 2820 (br)
284 2757 387 2806 realem
396 2757 682 2809 otebmos--memen-
717 2759 791 2809 ovid.
808 2759 914 2809 Heroid.
936 2761 1016 2823 Epist.
1035 2760 1081 2820 l'l,
1094 2761 1139 2810 si:
1157 2759 1238 2820 Pla-y-

158 2836 201 2880 to:
227 2833 279 2881 Nos
304 2831 421 2880 amima
437 2831 555 2894 scriem
576 2847 678 2898 oppone
716 2833 775 2898 piae
799 2833 848 2883 tata
872 2834 1015 2896 prirrwrtlto
1039 2834 1126 2896 emto.
1162 2831 1242 2884 Plini-

188 2907 213 2956 7.
239 2906 362 2971 Martem]
386 2905 454 2956 deae
471 2905 554 2958 litoris
570 2909 682 2960 liuntur-
717 2919 749 2958 us
766 2907 833 2971 Epp.
852 2907 881 2967 3,
900 2909 931 2957 a:
954 2909 1070 2970 Drusus,
1089 2908 1241 2958 Gemmas

156 2981 293 3042 nouatum,
317 2983 388 3032 iuxta
408 2982 488 3032 Lirim
510 2982 681 3049 (Gerlpttoao)
716 2982 835 3031 masalma
856 2982 944 3031 amtor.
980 2982 1051 3032 llaec
1070 2982 1241 3046 potissimum

156 3056 276 3106 nuvium.
311 3057 386 3106 Serv.
416 3056 451 3106 ad
483 3059 549 3108 Aen.
579 3058 607 3119 7,
637 3057 679 3110 li.
718 3048 864 3126 ὑπερβολὴ
877 3055 959 3105 iocosi
971 3057 1062 3106 nescio
1073 3054 1138 3118 quid
1148 3054 1239 3105 habet,

111 3175 116 3186 ,
156 3131 252 3180 Circen
274 3131 310 3180 ita
333 3129 493 3194 appellatam
516 3131 597 3182 misse
619 3134 682 3196 post
719 3155 748 3166 -
764 3143 880 3180 nemoa—
895 3129 1031 3195 -Stemet1
1052 3129 1184 3180 «nemoris
1201 3141 1244 3180 so·
1289 3156 1294 3166 ·

155 3207 285 3266 mortem,
311 3207 341 3254 ut
363 3205 504 3256 Romulum
528 3207 679 3268 Quirinum
717 3202 774 3254 lum
811 3206 991 3256 consternet.»
1033 3205 1098 3254 llire
1133 3202 1243 3267 quidam

156 3280 257 3330 Ledam
284 3280 426 3340 Nemesin,
453 3281 536 3330 relert
560 3283 678 3332 Laetam.
718 3277 853 3330 cavillatus
871 3281 914 3332 est
927 3275 1078 3331 Horatium:
1109 3281 1240 3338 «Nemus,

156 3354 249 3405 institi.
269 3356 297 3415 t,
316 3356 356 3404 at.
392 3355 455 3406 Eius
477 3353 553 3406 lucus
575 3357 634 3406 erat
654 3358 681 3407 in
718 3353 815 3418 iniquit,
839 3355 960 3416 privatior
976 3351 1056 3416 loliis,
1081 3365 1134 3404 uon
1150 3351 1243 3403 aaut

156 3430 213 3494 ipsa
236 3430 410 3480 llintrunensi
431 3430 544 3482 civime
581 3431 680 3482 «Huius
717 3435 786 3479 tau.»
817 3430 898 3489 Quasi
915 3441 981 3479 vero
997 3442 1051 3479 non
1068 3429 1102 3480 sit
1115 3428 1142 3478 lr.
1164 3427 1181 3477 l.
1202 3427 1243 3478 ia-

156 3505 233 3566 lgitur
260 3504 398 3568 Nymphae
421 3501 542 3555 litoribus
565 3505 678 3567 innatat,
722 3501 849 3554 cillimum
865 3515 987 3566 zeugma.

155 3593 188 3629 ea
199 3577 303 3643 placide
315 3578 431 3642 penituit,
450 3579 529 3640 Liris,
551 3579 637 3630 donec
654 3581 681 3630 in
751 3578 791 3628 to.
807 3577 847 3627 ll.
865 3577 1032 3642 motareis]
1049 3577 1145 3628 «Cuius
1157 3575 1244 3627 nubas

157 3665 231 3704 mare
245 3655 347 3703 exeat.»
367 3652 502 3704 Claudiae.
522 3653 556 3704 de
574 3653 681 3705 Probini
718 3653 759 3702 est
784 3664 862 3713 usus,
891 3652 941 3704 nisi
964 3653 1031 3703 torte
1054 3651 1088 3702 ad
1111 3651 1243 3703 mammen

155 3731 183 3778 et
211 3725 312 3790 Olybrii
342 3729 421 3779 Cous.
456 3728 519 3779 259:
554 3729 683 3779 Eetioneas
717 3727 780 3778 inde
796 3726 958 3778 laciendum.
982 3726 1087 3792 lhilad.
1106 3728 1181 3777 llari.
1201 3726 1241 3786 io,

153 3805 286 3866 pasceolo
312 3806 393 3853 tarem
420 3808 538 3866 cuneata
566 3805 682 3855 Maricae
718 3801 785 3866 ⁴3·l¹·
809 3802 875 3853 Hinc
892 3801 1066 3868 proverbium
1081 3803 1157 3852 otior
1172 3802 1241 3865 alca.

154 3877 235 3937 Liris,
254 3875 299 3926 ubi
317 3877 403 3940 prima
415 3875 518 3940 syllaba
530 3879 679 3943 corripitur.
717 3879 771 3928 Sat.
789 3877 818 3938 2,
842 3879 871 3939 tt,
893 3879 918 3927 8.
941 3880 969 3928 et
989 3878 1059 3940 ling.
1077 3875 1131 3928 Ecl.
1149 3877 1176 3936 7,
1200 3875 1241 3927 li.

154 3953 213 4002 Nou
236 3953 326 4001 umen
348 3953 462 4021 propter¹
480 3952 549 4003 hanc
566 3953 680 4003 llaricae
716 3953 755 4001 lle
773 3965 803 4001 re
821 3950 854 4002 ol.
878 3951 951 4003 iliad.
971 3954 999 4014 o,
1018 3953 1051 4002 6:
1080 3946 1186 4016 ἄμυδις
1210 3947 1242 4000 δέ

155 4027 183 4076 et
207 4025 274 4076 Liris
299 4027 476 4084 mentionem,
504 4040 574 4090 quae
600 4039 681 4076 orne-
717 4040 748 4076 τε
782 4023 863 4091 κῦμα
897 4022 1031 4077 κελαινὸν
1064 4019 1242 4096 Κορθύετω,

156 4102 247 4150 orento
265 4101 449 4151 tautummodo
460 4101 583 4162 inservit,
602 4102 680 4151 cuius
717 4097 826 4150 πολλὸν
841 4097 873 4151 δὲ
890 4098 980 4172 παρὲξ
991 4094 1049 4150 ἅλα
1059 4097 1155 4162 φῦκος
1165 4093 1245 4158 ἔχευ-

156 4187 206 4239 ope
233 4177 306 4238 mato
333 4177 536 4226 amoenissimae
565 4176 680 4238 regionis
717 4169 898 4240 αν(ἄνεμοι).
915 4203 942 4212 -
965 4174 1089 4239 naman]
1108 4173 1242 4237 «desuper

157 4249 261 4313 species
279 4249 356 4300 nohis
373 4251 434 4300 ante
447 4249 538 4301 oculos
554 4252 678 4314 ponatur,
717 4251 862 4302 immissa.»
885 4277 913 4288 -
931 4251 1014 4314 Erec]
1033 4252 1128 4300 Perses
1145 4248 1171 4298 in
1187 4251 1243 4298 An-

157 4325 328 4376 statuendum
346 4327 387 4376 est
399 4339 460 4377 curn
473 4325 614 4386 nonnullis,
633 4327 680 4376 La·
718 4324 780 4376 thol.
796 4323 848 4376 l‘al.
867 4327 885 4374 i,
906 4338 931 4389 p.
950 4325 1012 4377 toll:
1032 4317 1128 4394 sipon
1146 4324 1244 4388 χειμέ-
