3014 4978
302 463 363 525 toa
689 457 816 508 uoanrn
836 453 1004 505 canutum«

433 615 588 684 inclinare
612 613 781 680 meridiem

471 738 576 804 Sentis
599 755 653 812 ac,
677 734 775 801 voluti
797 743 858 798 stet
878 727 1019 796 volucris
1049 727 1133 802 dics,

432 859 540 928 Parcis
563 858 713 944 deripere
735 855 854 921 horreo

474 982 661 1048 Cessantem
683 975 788 1044 Bibuli
812 973 953 1042 consulis
976 969 1172 1057 amphoram.

385 1149 389 1159 ’
434 1143 499 1206 Nos
521 1138 722 1206 cantabimus
743 1135 879 1201 invicem

472 1265 654 1348 Neptunum
675 1269 707 1324 ei
728 1256 848 1324 virides
869 1255 1043 1324 Nereidum
1075 1276 1201 1330 comas:
1361 1257 1400 1322 te

370 1464 393 1511 6.
414 1462 452 1525 ar]
471 1466 493 1509 et
510 1461 554 1520 iic¹
574 1459 639 1508 item
650 1455 684 1522 γὸ
701 1469 743 1521 ap.
757 1455 862 1505 Kirohn.
882 1456 912 1515 Q.
926 1457 956 1504 N.
971 1455 1002 1504 Η.
1015 1468 1042 1519 p.
1056 1455 1096 1504 36.
1116 1455 1156 1505 56.
1178 1483 1205 1491 -
1219 1456 1243 1505 8.
1257 1457 1369 1518 crnpho-

336 1537 413 1588 rom?
428 1537 525 1596 Bothe,
544 1533 566 1584 J.
588 1559 614 1568 -
634 1531 828 1581 amonesii.
851 1557 877 1566 -
898 1531 937 1579 to.
956 1530 1045 1579 viridis
1061 1529 1088 1578 B.
1112 1558 1138 1564 -
1158 1530 1251 1594 conoe]
1275 1532 1369 1581 choros

338 1612 402 1662 Cod.
416 1613 485 1675 Lips.
505 1609 615 1673 quaritm

337 1791 361 1838 5.
381 1790 405 1839 6.
432 1786 564 1848 iuritnore)
588 1785 683 1835 «Vides
705 1782 790 1834 solem
813 1795 829 1831 a
865 1780 999 1846 pedestris
1023 1784 1111 1848 potius
1129 1783 1255 1836 orahonis
1272 1783 1398 1836 videtum

306 1861 417 1912 meridie
436 1860 534 1910 iamed
551 1870 677 1909 occasum
688 1869 828 1918 vergere.»
865 1856 951 1906 reiicit
962 1857 1042 1905 etiam
1055 1855 1140 1907 Hand.
1156 1884 1184 1894 -
1200 1859 1302 1923 cincei]
1323 1859 1397 1910 Deo-

305 1935 457 1986 Admodum
476 1933 666 1998 tempestivum
682 1932 761 1994 igitur
780 1930 830 1980 de·
867 1943 927 1980 rum
954 1929 1118 1982 marinorum
1141 1933 1229 1982 omnia
1247 1935 1311 1983 sunt
1335 1947 1398 1984 cac-

306 2009 399 2062 scribit
415 2004 590 2073 συμπόσιον.
618 2008 647 2056 in
664 2019 745 2069 prosa
762 2007 828 2055 oret.
867 2003 954 2064 ruico,
981 2004 1086 2066 glauca,
1116 2005 1223 2066 viridia;
1259 2007 1399 2058 interdurn

305 2099 329 2136 aa
345 2085 477 2144 inclinare,
496 2087 525 2133 ιιι
541 2083 596 2132 Liv.
616 2081 643 2142 9,
663 2081 707 2132 32:
726 2081 763 2131 soi
777 2093 830 2130 me-
869 2081 950 2130 etiam
961 2080 1059 2140 vitrea,
1073 2075 1185 2132 ὑάλινα.
1215 2082 1258 2132 Sic
1269 2083 1402 2134 comibus

304 2161 368 2210 ridie
385 2174 410 2210 se
426 2158 563 2209 incibrovit.
586 2184 613 2193 -
627 2169 671 2218 aa,
688 2156 773 2220 veturii]
791 2155 831 2205 De
868 2155 949 2204 crinea
983 2155 1090 2217 Cyame
1129 2156 1265 2220 nymphae
1305 2157 1399 2207 tribuit

306 2234 419 2287 solemni
436 2234 486 2284 hac
503 2230 617 2283 ior-muta
634 2229 743 2280 consule
755 2228 832 2280 Hand
869 2228 943 2279 ovid.
967 2229 1073 2278 Metam.
1098 2229 1128 2290 tt,
1149 2228 1205 2280 tia.
1232 2233 1315 2293 atque
1335 2231 1398 2282 ibid.

306 2311 381 2360 Tura.
396 2311 415 2358 i.
429 2321 488 2372 pag.
502 2306 559 2358 tit.
579 2303 833 2356 itnieVoaaiuama·
869 2305 899 2363 2,
931 2303 973 2352 tt:
1013 2302 1047 2352 de
1075 2303 1246 2354 Nereidibus:
1287 2319 1400 2368 qum

307 2383 391 2434 iehat:
410 2381 632 2440 scattmotocluti.
647 2406 675 2415 -
688 2379 740 2442 siet]
755 2392 833 2428 econ·
868 2390 932 2440 porr
957 2391 1020 2428 aare
1043 2379 1171 2439 otientur,
1200 2379 1264 2430 Para
1288 2379 1315 2429 ιιι
1337 2381 1401 2430 mete

309 2459 396 2516 sistat,
416 2458 561 2506 moretur.»
579 2451 671 2504 Tibuli.
687 2454 715 2511 ι,
734 2451 764 2512 i,
784 2452 831 2502 28:
870 2453 953 2503 serens
968 2452 1062 2502 virides
1078 2452 1174 2503 sicem
1189 2454 1303 2516 capillos.
1337 2457 1398 2506 hiet.

308 2545 358 2580 noo
374 2531 454 2592 reputa
471 2535 522 2578 siat
536 2533 678 2588 remeatque
694 2527 753 2576 cites.
871 2527 917 2585 t3,
937 2526 994 2576 959.
1014 2526 1048 2575 de
1061 2524 1170 2578 Glauco:
1188 2529 1296 2578 υιιιιιοιιι
1311 2529 1400 2592 [er-rri—

341 2605 364 2654 i.
388 2605 412 2654 8.
442 2603 537 2667 Porcia]
564 2601 725 2660 «cunctaris,
753 2600 833 2650 veluti
870 2602 928 2666 piae
949 2600 1136 2650 tmtom--ai
1157 2603 1262 2652 coemto
1284 2603 1398 2654 bractio.

309 2678 427 2730 nondum
454 2678 524 2728 adsit
551 2676 659 2742 potandi
684 2677 775 2726 hora.»
805 2703 832 2712 -
872 2676 990 2726 Pictores
1003 2688 1081 2734 vero,
1104 2677 1135 2724 ut
1151 2689 1201 2739 par
1217 2679 1292 2736 erat,
1315 2677 1400 2728 haras

308 2752 434 2815 deripere]
461 2750 599 2803 «celeriter
625 2750 660 2800 de
686 2750 833 2814 apothecae
873 2761 964 2800 comas
982 2750 1014 2798 ite
1031 2748 1197 2809 tribuebant,
1226 2753 1318 2802 vestes
1336 2753 1400 2802 riri-

309 2828 411 2892 pariete
437 2826 548 2876 demere
574 2826 681 2890 hucque
704 2825 730 2874 in
754 2822 835 2875 tricli-
873 2826 930 2876 des.
949 2825 980 2872 V.
998 2825 1094 2874 Pitture
1116 2825 1139 2874 α’
1160 2825 1288 2874 Emoluno
1308 2827 1352 2876 tii.
1372 2827 1397 2876 T.
1505 2875 1506 2880 ,

309 2901 518 2953 munemne.»
534 2928 560 2936 -
578 2900 725 2964 cessantur]
739 2912 833 2963 «quae,
875 2901 914 2950 to.
935 2900 975 2948 ti.
994 2896 1113 2948 Aveiiino
1130 2899 1195 2948 Boii.
1213 2900 1285 2949 orci.
1310 2901 1354 2950 lv.
1374 2915 1397 2964 p.

310 2979 338 3027 tu
356 2977 421 3026 dum
439 2975 527 3038 segnis
545 2987 589 3034 es,
609 2975 673 3026 mihi
689 2974 836 3038 impatienti
874 2975 914 3026 aa.
935 2977 962 3024 et
978 2975 1019 3025 86.
1042 3001 1069 3008 -
1089 2972 1252 3034 cumularit,
1271 2977 1302 3025 ut
1317 2973 1397 3030 solet.

311 3053 367 3116 ipsa
385 3049 490 3100 videtur
510 3061 644 3100 cessare.»
674 3047 836 3111 (significare
874 3050 970 3100 Statius
992 3047 1053 3098 Siiv.
1076 3050 1104 3107 t,
1131 3050 1159 3110 ι,
1187 3049 1233 3100 ιιι
1261 3051 1310 3110 ite,
1341 3051 1401 3100 deae

311 3125 414 3188 nequit:
440 3137 529 3187 aquae
550 3125 647 3175 intacta
665 3125 693 3173 ei
709 3123 793 3174 otiosa
810 3123 837 3172 in
873 3125 978 3183 virides,
1005 3124 1160 3184 liquidosque
1182 3125 1306 3174 αιιυονιιιο
1321 3125 1399 3174 notu

311 3201 409 3250 horreo
427 3197 508 3250 cubat
525 3198 587 3249 inde
604 3213 620 3248 a
637 3198 722 3250 Bibuli
739 3211 838 3250 coneu-
874 3199 906 3248 iit
929 3199 1037 3248 υιινοιιηι
1059 3199 1149 3248 bueria
1170 3199 1266 3250 crim
1288 3201 1399 3250 retentu

312 3271 838 3338 latu.»)-Bibuii]hi.Caipumiosiiibu·
874 3273 1007 3335 common

312 3348 419 3400 tuscos.
433 3361 494 3398 cum
512 3349 541 3399 C.
555 3347 619 3400 iulio
638 3350 754 3399 Caesare
771 3361 795 3396 a.
809 3360 836 3397 ιι.
909 3350 948 3398 tt.
969 3349 1009 3398 ta.
1036 3347 1207 3412 cumo-loru]
1227 3347 1275 3398 Od.
1296 3351 1325 3408 t,
1354 3349 1396 3404 to.

313 3423 836 3488 cottavinumigitorcnciterxiiiiv.
875 3423 905 3473 ti:
935 3435 1076 3484 οιιιιιωςιιι
1101 3423 1172 3484 iprae
1195 3428 1338 3484 parenteia.
1369 3447 1396 3458 -
1504 3457 1505 3478 ι

314 3511 445 3550 annorum
470 3498 616 3550 bibiturum
643 3511 673 3550 aa
699 3497 780 3560 fingit.
809 3523 835 3532 ἡ
874 3498 976 3562 recines]
1007 3499 1050 3547 utu
1074 3495 1254 3562 respondebis
1280 3497 1398 3554 canendo

314 3574 480 3638 emptorem]
502 3575 548 3626 Est
565 3573 632 3626 lenis
649 3573 736 3639 potius
755 3585 838 3636 expo·
876 3574 1002 3624 Latonam
1020 3574 1048 3623 et
1064 3573 1176 3622 Dianam
1192 3571 1396 3624 iaculatricem-

314 3645 431 3708 siulatio,
451 3661 503 3710 qua
521 3650 632 3700 miratur
648 3647 765 3713 puellam
777 3661 840 3710 por-
879 3675 905 3684 —-
924 3647 1017 3712 cauria]
1041 3647 1133 3698 ovidio
1150 3646 1212 3697 Her.
1232 3645 1261 3706 i,
1284 3647 1340 3697 tot.
1359 3649 1397 3696 esi

314 3723 447 3779 remeet,
466 3733 548 3784 quam
565 3724 744 3786 interrogatio.
876 3721 950 3786 aptita
969 3723 1025 3772 dea.
1047 3749 1074 3757 -
1096 3721 1228 3786 maritae]
1241 3729 1264 3770 'e
1286 3721 1396 3783 Cyntho.

347 3795 371 3844 9.
392 3795 432 3844 ιθ.
451 3795 563 3860 monn]
583 3797 760 3858 uaiternatim,
779 3811 840 3848 car-
877 3795 933 3848 Deli
964 3798 1068 3854 rnonte,
1098 3795 1143 3846 uhi
1168 3797 1252 3846 Diana
1276 3800 1337 3846 nate
1359 3795 1397 3844 est

315 3869 386 3920 mine
398 3867 547 3920 amocbaeo
564 3869 762 3922 celebrabimus
774 3873 840 3924 deos
877 3883 939 3921 cum
956 3869 1083 3934 apolline.

316 3941 492 4002 immortalem
512 3957 562 4006 ego
579 3947 745 4008 Neptunum,
764 3947 840 3998 cuius
911 3945 950 3995 t3.
971 3945 1010 3996 tt.
1042 3945 1158 4010 Somno]
1177 3949 1354 3997 contremo»,
1370 3945 1396 3990 ιιι

315 4022 356 4070 eat
382 4018 440 4069 dies
465 4017 563 4074 tostus.
591 4020 702 4083 eiusque
728 4023 840 4073 comites
879 4020 943 4084 Epp.
959 4021 1029 4080 t,t,
1050 4021 1073 4069 t.
1094 4019 1337 4070 «Namtnt'eneris
1347 4015 1396 4067 ian-
1503 4047 1504 4080 3

316 4092 480 4156 Nymphae.»
510 4091 562 4143 Cir.
588 4093 671 4144 tianii
696 4095 770 4146 Tora.
795 4097 837 4146 iii.
877 4093 957 4144 dibus
975 4098 1003 4143 ut
1020 4097 1141 4144 amantea
1158 4093 1396 4144 internosdeatne-

316 4179 342 4230 p.
357 4165 414 4217 iti.
430 4193 457 4201 -
470 4166 537 4216 Cum
547 4166 648 4216 couti.
658 4169 840 4231 antiquissimo
878 4181 950 4229 mus,
974 4171 1183 4218 consentaneum
1205 4171 1273 4218 est.»
1293 4195 1319 4202 —
1336 4177 1396 4227 aare

317 4241 397 4290 etiem
418 4239 482 4290 Cod.
503 4241 595 4289 Graev.
615 4241 642 4290 iu
661 4242 738 4303 uices,
767 4243 839 4306 quod
878 4243 940 4304 cei]
953 4242 1074 4294 Pendent
1084 4242 1152 4292 haec
1163 4255 1195 4292 ex
1206 4238 1392 4306 superioribus:

317 4312 411 4376 probat
428 4315 518 4364 Burni,
539 4313 573 4363 ad
591 4317 696 4368 Petron.
718 4318 756 4366 tit.
778 4316 840 4368 Mihi
878 4317 1006 4368 «Recines
1029 4329 1090 4368 eam
1112 4315 1208 4374 deam,
1238 4328 1306 4378 quae
1330 4315 1391 4362 cet-
