3078 4978
570 415 672 466 LIBER.
708 415 807 468 CARM.
825 415 891 466 XVI.

212 571 370 658 luppiter
392 567 446 635 iiia
467 568 541 656 piae
563 570 703 637 secrevit
723 571 817 638 litora
839 571 943 658 genti,

263 691 309 760 Ut
331 690 508 778 inquinavit
529 711 607 757 aere
628 701 757 779 tempus
779 713 932 770 aureum3

213 813 324 888 Aere,
349 810 466 878 dehine
487 811 573 878 ferro
595 810 723 878 duravit
744 811 869 890 secula,
895 833 1034 901 quorum
1230 817 1271 880 65

263 933 333 1000 Piis
356 931 502 1000 secunda
524 943 597 999 vato
618 954 670 1000 me
693 932 789 999 datur
809 933 893 1021 iuga.

242 1128 289 1180 63.
308 1129 420 1178 semovit
435 1123 468 1193 ξ,
494 1132 549 1179 tres
566 1130 704 1181 Torrentii.
732 1155 759 1166 -
786 1132 826 1182 at.
845 1131 919 1193 Aere,
946 1132 1032 1182 detine
1053 1132 1141 1196 abac,
1167 1133 1238 1196 act,

206 1205 365 1267 sentiens,
385 1208 417 1256 r:
434 1206 516 1256 nerea
532 1207 618 1258 minc
629 1209 775 1274 spuma,
794 1206 911 1256 rotun-u
922 1207 950 1268 a,
964 1205 993 1268 3,
1006 1205 1038 1256 aa
1050 1246 1056 1268 ,
1070 1195 1193 1260 serdus.
1210 1234 1237 1244 -

205 1280 332 1345 quorum]
351 1295 399 1344 quo
415 1295 482 1330 nmio
498 1280 651 1332 dubitanter
666 1281 806 1346 proposuit
821 1279 965 1332 Bentleius.

168 1459 379 1524 provetionom,
407 1459 435 1507 et
455 1459 496 1508 est
520 1455 601 1507 veluti
626 1457 708 1509 tristis
746 1470 800 1522 quo
816 1455 894 1520 longo
913 1455 946 1506 ab
970 1455 1012 1508 his
1033 1455 1158 1507 sordibus
1176 1461 1271 1509 remoti

169 1532 349 1597 querimonia
366 1545 416 1596 per
431 1523 590 1582 ἀσύνδετον
603 1531 710 1581 interie-
744 1532 828 1581 vitam
852 1531 988 1581 innoxiam
1013 1544 1046 1581 ao
1070 1544 1135 1581 vero
1163 1530 1271 1582 beatam

169 1609 229 1658 ota.
248 1605 339 1656 Altero
351 1619 427 1655 aerea
438 1606 524 1656 dodino
536 1604 707 1669 (monosylli,
745 1605 953 1669 adispiscamur,
973 1607 1019 1670 qui
1035 1607 1062 1661 iu
1080 1607 1152 1655 tanta
1165 1618 1272 1656 morum

170 1681 210 1730 ad
238 1693 324 1744 quam
350 1681 475 1744 repetunt
500 1693 532 1729 on
561 1679 705 1743 praeoedd.
745 1681 915 1744 corruptione
932 1681 968 1744 pii
989 1680 1157 1740 manserunt,
1175 1681 1207 1732 iis
1229 1679 1271 1730 oi-

169 1761 218 1818 ut„
249 1767 355 1804 meram
376 1753 484 1803 exhibet
509 1755 706 1815 narrationem,
746 1754 830 1804 fertur
846 1767 889 1804 mo
901 1757 1010 1804 auctore
1023 1758 1051 1804 et
1062 1767 1186 1817 suasore,
1206 1757 1272 1804 tom-

172 1841 298 1892 eamque
316 1827 463 1880 admodum
485 1827 615 1892 frigidam.
646 1827 709 1890 (De-
746 1841 827 1892 quam
847 1831 907 1879 vate
933 1829 1022 1879 divino
1048 1825 1174 1894 (μάντει,
1199 1843 1268 1879 non:

171 1903 267 1954 tendit
282 1901 375 1966 Roget:
396 1902 551 1966 «Anaphora
563 1901 619 1964 ilia,
638 1915 707 1966 quae
746 1903 876 1968 «potituri,
894 1917 944 1968 per
961 1904 1012 1954 hoo
1028 1917 1138 1955 carmen
1155 1905 1270 1968 ipsum.»

171 1976 322 2042 perplacet
346 1974 456 2039 Oreiiio,
486 1978 595 2028 nimiam
622 1989 708 2040 quon·
744 1976 793 2027 titi
820 1981 992 2029 construunt:
1022 1991 1130 2040 quoram
1150 1979 1216 2041 piis,
1243 1977 1269 2028 id

173 2054 247 2104 dam
262 2067 288 2104 v,
307 2067 366 2103 aere
386 2054 442 2103 vim
464 2052 565 2105 addere
587 2053 706 2113 uidetur,
745 2053 800 2113 ost,
822 2052 882 2113 aiis,
902 2053 947 2116 qui
964 2053 1000 2116 pii
1012 2054 1174 2104 adhuoeunt
1191 2053 1218 2102 in
1230 2052 1270 2104 itis

173 2141 270 2192 eoque
291 2126 429 2178 molestior
454 2131 510 2189 est,
538 2127 611 2190 quod
633 2128 707 2191 prius
745 2126 838 2176 ferreis
866 2126 979 2188 secutis,
1009 2127 1069 2190 iuga
1098 2127 1213 2186 datur3o
1242 2127 1270 2177 id

174 2216 242 2254 aere
258 2201 292 2252 ab
310 2199 361 2250 aiio
378 2200 463 2251 verbo
480 2203 581 2264 regitur
603 2215 635 2251 ao
658 2214 708 2265 po·
745 2200 818 2264 quod
836 2201 923 2250 minus
940 2200 1041 2264 placet,
1061 2215 1122 2251 oum
1140 2203 1183 2251 vix
1203 2203 1272 2252 Lati-

177 2276 291 2329 sterius.
326 2273 412 2324 Facite
429 2275 521 2324 autem
538 2275 596 2324 fieri
613 2276 706 2340 potuit,
745 2288 810 2325 num
820 2274 854 2324 sit
861 2275 898 2336 pii
914 2275 988 2324 huius
1001 2276 1084 2336 secati,
1099 2275 1172 2338 quod
1184 2289 1270 2340 prope

175 2353 211 2401 ut
222 2349 332 2408 librarii,
351 2349 397 2412 qui
408 2347 571 2410 trisyllabum
589 2361 649 2400 esse
661 2361 709 2413 pu·
746 2349 924 2400 Christianum
957 2348 1039 2399 habet
1075 2348 1201 2400 colorem.
1241 2379 1267 2387 -

177 2427 271 2476 tarent
295 2438 320 2472 v.
340 2423 442 2484 moino,
462 2425 548 2472 metro
566 2423 706 2475 consutoro
745 2425 807 2474 Post
824 2423 961 2486 copiosam
978 2426 1069 2474 autem
1085 2423 1157 2474 iilam
1174 2423 1272 2475 insula-

177 2498 234 2550 sibi
249 2497 417 2557 viderentur,
440 2510 502 2548 oum
518 2511 708 2562 praegressum
745 2511 804 2549 rum
816 2497 958 2548 beatarum
968 2499 1145 2551 rorodeutav
1156 2512 1270 2550 consen-

139 2593 141 2602 ¹
178 2585 242 2623 aere
258 2572 302 2622 hio
317 2573 505 2636 repeterent»)
526 2574 641 2624 variatio
658 2584 717 2624 auo
744 2575 852 2623 taneum
865 2574 933 2634 erat,
947 2576 985 2634 ut,
998 2573 1229 2638 quomadmodum
1241 2572 1271 2623 iit

181 2649 238 2698 tem
255 2660 297 2698 vv.
309 2647 452 2709 inquinavit
467 2661 527 2698 aere
536 2674 550 2685 -
561 2675 575 2686 -
587 2661 647 2700 aere
657 2651 707 2700 du-
744 2649 770 2698 in
779 2645 879 2710 elegiis,
890 2648 1044 2712 primariam
1054 2647 1270 2709 totiusoarminis

177 2723 250 2774 ravit
260 2721 322 2772 nihii
335 2723 442 2773 omnino
454 2723 704 2776 habetotiensionis.
743 2723 905 2774 sententiam
921 2720 997 2771 brevi
1021 2724 1157 2787 repeteret
1173 2723 1267 2785 po'eta3

181 2824 211 2834 -
228 2797 425 2861 [moderavit]
443 2811 492 2848 «ex
514 2798 584 2848 terro
607 2811 707 2863 procu·
743 2796 895 2859 quodcum
913 2807 1009 2858 parum
1026 2794 1198 2845 inteiiexisset
1210 2793 1271 2843 Edi-

179 2871 233 2932 dit,
260 2870 347 2921 ierroa
372 2870 514 2921 reddidit.»
539 2899 566 2908 -
590 2875 705 2935 quom]
744 2874 786 2920 tor
802 2871 952 2931 Leidensis‚
971 2882 1020 2920 suo
1038 2883 1113 2921 more
1126 2870 1195 2920 duos
1212 2867 1270 2918 ulti·

181 2945 280 2996 «Cuius
292 2944 395 2995 terreae
408 2946 501 2996 aetatis
511 2945 583 3009 (repo,
597 2946 704 3008 modus,
744 2959 803 2997 mos
819 2959 862 2994 vv.
882 2942 1012 2996 delendos
1029 2945 1141 2996 oensuit.
