3078 4978
582 470 585 476 Ι
689 394 818 446 tronelli
835 393 964 446 Epopon

399 550 437 615 Et
463 548 618 637 Esquilini
645 549 786 637 pontifex
811 549 947 618 venefici

400 673 533 758 impune
553 680 588 737 ut
613 670 733 739 Urbem
756 673 887 739 nomina
910 669 1053 760 impleris
1077 673 1174 738 meo?

398 792 484 872 Quid
508 792 663 878 proderat
684 791 805 861 ditasse
828 791 977 881 Pelignas
998 814 1097 868 anus,
1322 798 1363 860 tto

398 913 588 982 Velociusve
611 913 782 982 miscuisse
808 913 976 980 toxicum?

398 1035 462 1103 Sed
487 1034 628 1102 tardiora
650 1034 714 1102 iata
734 1045 766 1102 ta
790 1035 873 1102 votis
897 1045 1042 1106 manant:

399 1160 524 1246 ingrata
547 1157 665 1223 misero
688 1157 753 1222 vita
775 1155 926 1224 ducenda
948 1167 998 1225 ost
1024 1158 1056 1222 in
1080 1156 1157 1232 lroo,

397 1279 495 1346 Novis
517 1275 679 1365 utusque
706 1286 861 1366 suppetas
884 1276 1059 1346 laboribus.

398 1401 496 1488 Optat
522 1399 666 1488 quietem
687 1397 817 1488 Pelopis
837 1398 926 1466 inlidi
952 1410 1062 1487 pater,
1319 1405 1360 1469 65

335 1573 376 1624 58.
393 1571 526 1634 Esquilini
542 1572 569 1622 F.
585 1598 612 1608 -
631 1571 672 1622 59.
690 1572 786 1634 Inpone
799 1571 828 1621 Τ.
844 1597 871 1608 -
890 1571 931 1622 60.
946 1573 1061 1635 proderit
1072 1571 1124 1633 bT,
1143 1573 1210 1623 Pott.
1230 1585 1323 1624 omnes

302 1648 411 1712 praeter
427 1647 549 1708 tertium,
567 1647 648 1697 acta.
669 1646 709 1710 (Ut
725 1659 786 1704 nos,
807 1646 857 1706 Bo.
875 1660 923 1713 γν,
943 1659 982 1710 pr.
1001 1647 1038 1710 κ.)
1059 1673 1085 1682 -
1105 1647 1146 1698 62.
1165 1648 1194 1697 st
1210 1650 1325 1699 tardiora

301 1725 359 1787 sata
375 1728 398 1773 te
413 1724 477 1773 votis
500 1721 603 1786 (devotis
620 1735 689 1773 corr.
708 1722 735 1784 Τ)
752 1719 877 1772 monstrt?
900 1719 952 1781 bl',
971 1721 1087 1771 Pottieril
1105 1734 1201 1773 omnes
1218 1727 1323 1787 praeter

299 1798 423 1860 sardum,
451 1797 530 1848 LCtF.
561 1797 601 1862 (ot
623 1809 687 1859 nos,
710 1798 762 1858 lto,
779 1810 820 1862 pr.
839 1811 870 1857 κ,
890 1795 952 1858 alli.)
978 1820 1004 1831 -
1032 1795 1073 1847 ot.
1092 1797 1219 1848 dolortbto
1235 1801 1323 1858 atet.

304 1871 422 1936 (diuos,
441 1871 512 1930 Bbc,
524 1871 560 1937 γ.)
576 1897 605 1907 -
624 1871 664 1922 65.
683 1873 774 1936 infidos
789 1886 843 1933 νχ,
862 1885 932 1924 corr.
952 1869 1003 1932 κλ,
1022 1873 1080 1923 LlF.
1099 1873 1138 1936 (ut
1155 1887 1217 1936 nos,
1235 1874 1322 1935 aare,

304 1945 387 1995 ceteri
404 1944 528 2006 Bentleii,
547 1947 593 2010 qui
610 1946 739 2008 restituit,
757 1945 801 2008 ll.)

270 2098 329 2146 tum
345 2097 486 2160 praesente
498 2095 652 2158 sacerdote,
670 2097 698 2147 ln
715 2096 798 2148 hono·
831 2108 892 2147 osse
915 2108 1020 2147 venena
1043 2095 1174 2148 miscendi
1205 2096 1349 2150 eltioao‘tssl·

270 2181 330 2220 rem
347 2169 430 2232 deae,
460 2183 542 2234 quarn
559 2171 686 2222 Thraciae
703 2172 796 2234 genas
831 2183 877 2223 ma
894 2172 921 2220 et
936 2172 1101 2234 praesentia,
1121 2183 1191 2235 quae
1209 2173 1296 2223 statim
1312 2170 1353 2223 rel

270 2245 357 2308 Cotyn
396 2242 439 2296 vel
478 2246 585 2308 Cotytto
617 2243 795 2311 appellanti»
832 2243 996 2296 dementiam
1014 2244 1057 2296 vel
1075 2247 1191 2296 mortem
1212 2247 1354 2297 afferenti·

270 2318 324 2370 Cir.
343 2319 486 2370 Buttmann
509 2319 619 2382 mythol.
638 2322 668 2371 ll.
691 2335 719 2385 p.
737 2320 794 2372 459,
832 2317 931 2384 Peligni
948 2319 1041 2370 Marsis
1057 2320 1137 2370 vieini
1152 2320 1268 2386 ideoque
1279 2333 1358 2372 veae-

271 2392 378 2442 Lobeck
395 2391 522 2457 Aglaoph.
541 2406 567 2458 p.
588 2395 661 2445 loti.
683 2395 794 2446 attola.
832 2391 876 2444 fici
894 2392 1096 2458 etipsihabiti.
1117 2421 1144 2431 -
1166 2395 1287 2460 Velocius]
1315 2407 1359 2445 so-

271 2466 454 2532 Menelaos,
482 2468 530 2518 59:
553 2462 606 2518 Ἤν
630 2466 661 2520 dd
687 2465 797 2541 Κύπρις
832 2465 887 2518 tito.
911 2494 938 2504 -
958 2468 1083 2533 mettum]
1112 2467 1184 2519 italis
1209 2475 1290 2532 tosea,
1318 2483 1358 2534 pr.

270 2537 411 2610 μερόπων
428 2536 586 2612 ὠροσκόπα
602 2543 712 2609 φέγγεα
732 2541 797 2595 lav'-
832 2554 968 2594 venenum
977 2538 1075 2607 τόξοις
1084 2541 1186 2595 illitum.
1198 2571 1227 2581 -
1238 2543 1360 2608 sedeat]

270 2609 496 2686 σῃ--Τούτοις
519 2613 644 2681 θηλειῶν
665 2613 797 2669 marste-
834 2617 1041 2669 «Verumtamen
1063 2617 1160 2670 dlutius
1183 2621 1258 2670 vives
1277 2633 1359 2684 quam

270 2703 318 2740 ται
341 2683 426 2762 ὄργια
448 2686 569 2762 κρυπτά·
583 2685 721 2742 --Ἕν-θα
739 2707 797 2754 cpo-
833 2692 889 2740 tute
915 2704 986 2742 nunc
1010 2694 1100 2756 optas3
1126 2693 1206 2756 atque
1231 2695 1286 2744 vita
1314 2693 1362 2744 tibi

269 2767 425 2836 γαρσενίης
441 2762 588 2838 μυστήρια
604 2761 797 2829 τεύχετ’ἆ’πυ-
833 2765 932 2816 misera
956 2765 1129 2830 producenda
1154 2768 1196 2817 est
1219 2767 1255 2818 ad
1286 2769 1363 2820 huno

270 2855 335 2891 στα.
360 2867 389 2877 -
418 2841 503 2906 libert]
539 2843 627 2894 «omni
653 2844 797 2908 pudicitiae
834 2839 930 2902 finem,
966 2843 996 2891 ut
1025 2853 1136 2906 semper
1159 2842 1196 2893 sis
1221 2844 1362 2906 expositus

270 2915 328 2980 loge
341 2915 419 2967 soluti
431 2929 463 2966 ao
473 2916 702 2981 petulantissima»
834 2917 909 2965 novis
926 2915 1089 2966 eruciatibus
1106 2917 1192 2980 lisque
1208 2918 1362 2980 perpetien-

303 2993 345 3044 58.
375 2991 415 3041 ts.
442 2993 571 3058 porttlfeb]
601 2995 632 3056 Ut
656 2995 796 3058 pontificos
833 2988 875 3040 dis
901 2989 1044 3042 sufficias.»
1072 3017 1100 3026 -
1126 2989 1245 3041 Alteram
1266 2989 1361 3042 iectio-

269 3066 408 3130 praesldes
440 3069 520 3130 atque
557 3067 650 3119 arbitri
677 3070 797 3120 omnium
834 3077 910 3125 nem·
937 3065 1029 3128 11ῑί11110
1047 3063 1131 3116 mulii)
1154 3063 1357 3129 languidifflm·

270 3141 348 3190 erant
364 3138 535 3203 religionum,
554 3141 591 3192 ita
608 3142 737 3194 invidiose
750 3145 799 3194 Ca·
834 3140 883 3190 etsi
900 3152 916 3188 a
933 3138 1135 3203 Dillenburgero
1151 3139 1313 3204 praelatam,
1331 3141 1358 3190 st

270 3213 341 3264 nidia
358 3215 507 3276 inimicum,
527 3216 572 3278 qui
592 3215 692 3268 arbiter
711 3217 798 3270 luerat
833 3215 951 3264 tardiora
966 3214 1005 3265 sio
1023 3212 1156 3278 explicant
1167 3213 1224 3264 alil:
1243 3213 1357 3275 «Quodsi

269 3289 392 3340 veneficii
413 3289 448 3341 ab
470 3303 502 3340 aa
518 3291 681 3356 inEsquilits
696 3305 798 3357 perpe·
834 3288 932 3340 diutius
957 3289 1039 3340 vitam
1065 3289 1181 3340 extrahis
1206 3302 1289 3353 quam
1311 3289 1357 3340 tibi

270 3365 331 3414 trati
357 3363 420 3428 (Cir.
448 3364 531 3429 Epod.
556 3366 581 3416 a.
609 3367 661 3416 Sat.
685 3368 719 3429 t,
742 3365 795 3430 8.),
833 3364 884 3428 ipsi
900 3377 995 3415 carum
1012 3366 1067 3425 est.
1094 3364 1155 3415 ideo
1176 3364 1221 3424 tit,
1249 3368 1279 3416 ut
1295 3377 1357 3429 sup·

270 3438 393 3490 eiusdem
416 3441 493 3505 quasi
511 3441 655 3504 pontificem
671 3439 795 3506 appellat,
833 3441 910 3503 petas
922 3441 991 3490 oet.»
1009 3437 1058 3488 Alii
1074 3439 1187 3502 iungunt
1203 3451 1266 3491 eum
1283 3453 1359 3505 prae-

270 3515 300 3563 ut
316 3514 370 3564 Cic.
389 3527 439 3578 pro
457 3515 542 3566 Sestio
561 3515 600 3566 li.
626 3517 657 3566 P:
674 3515 796 3567 Clodium
834 3513 930 3565 cedd:
967 3513 1051 3574 «Quid
1075 3513 1204 3577 proderat
1229 3517 1301 3578 eet,
1335 3515 1355 3565 si

269 3591 415 3649 stuprontm
447 3591 601 3641 saomdotem
637 3589 672 3642 ob
706 3592 796 3642 Bonae
833 3588 934 3640 tardius
959 3587 1082 3639 morieris
1106 3589 1175 3639 votis
1197 3589 1308 3640 meist·
1329 3613 1355 3625 -

270 3662 343 3713 Deae
355 3676 431 3713 sacru
442 3663 543 3728 polluta
553 3668 639 3718 vocat.
659 3667 689 3716 la
700 3666 798 3730 Esqui-
834 3665 878 3714 «ln
893 3665 953 3725 boo,
979 3664 1006 3714 to
1022 3664 1060 3726 ta,
1086 3663 1113 3713 tn
1130 3665 1191 3724 outo
1208 3663 1358 3728 significant

270 3733 311 3785 liis
328 3738 418 3787 autern
435 3740 513 3789 antea
524 3738 723 3805 sepeliebantur
733 3753 798 3805 pau·
832 3752 905 3800 rem,
931 3739 1042 3803 propter
1063 3749 1146 3802 quarn
1168 3737 1269 3804 aliquid
1285 3739 1356 3788 dat.»

270 3822 351 3874 peres
368 3824 401 3861 ao
418 3813 497 3862 serti.
518 3841 545 3852 -
572 3816 672 3866 nornine
687 3815 798 3878 impleris
833 3815 905 3864 llann
933 3814 1009 3864 Turs.
1035 3813 1078 3863 lll.
1109 3826 1170 3878 pag.
1201 3813 1276 3874 aaa..
1311 3812 1358 3862 ubi

270 3885 334 3948 meo]
353 3885 531 3937 «carminibus
548 3889 599 3940 tuis
617 3890 751 3941 tumosis.»
833 3887 1017 3953 exemplorum
1034 3887 1144 3938 allabm.
1163 3888 1210 3939 Est
1226 3886 1275 3938 «ad
1286 3887 1359 3942 buno

304 3961 392 4014 60-6l.
408 3961 473 4024 Ouid
477 3962 608 4026 proderat]
620 3965 660 4014 «st
671 3967 696 4014 te
705 3962 797 4015 ulcisci
833 3964 1014 4028 potissimum,
1042 3963 1125 4013 immo
1146 3975 1231 4013 unum
1248 3961 1357 4020 tinem.-

272 4047 324 4084 non
334 4048 459 4099 possum,
474 4033 538 4100 quid
549 4036 661 4109 prodest
672 4038 736 4087 rnlhi
746 4038 798 4089 lar-
834 4037 969 4088 efficacius
987 4035 1121 4102 aliquanto
1135 4049 1217 4100 quarn
1234 4037 1360 4100 «propter

271 4121 304 4172 ga
316 4110 443 4160 mercede
455 4109 630 4162 obtinuisses
646 4112 716 4174 sagis
728 4111 797 4163 Peli·
833 4113 920 4173 hoo»,
943 4115 973 4163 ut
994 4111 1128 4176 explicant
1144 4111 1224 4162 etiarn
1240 4107 1360 4160 Scholia-

272 4183 343 4245 gnls,
366 4186 397 4234 ut
413 4184 564 4237 reconditas
581 4196 645 4235 suas
663 4186 734 4236 artes
751 4199 795 4238 me
834 4187 900 4237 stae.
922 4213 949 4221 -
967 4184 1101 4251 laboribus]
1122 4185 1283 4246 «aerumnis,
1302 4183 1361 4247 qui-

271 4255 418 4320 dooerent;
441 4257 506 4323 quid
531 4258 603 4313 iuvat
620 4271 664 4310 me
681 4258 795 4322 peritam
834 4259 885 4311 bus
896 4261 965 4311 meis
977 4259 1079 4312 artibus
1092 4261 1200 4324 mancis
1212 4259 1358 4310 stactem.»
