3002 4974
536 464 595 514 LlB.
615 464 645 512 ll.
681 466 710 513 C.
730 465 772 515 lll.

343 621 530 707 Restinguet
553 619 695 685 ardentis
720 619 842 687 Falerni

362 741 480 808 Pocula
503 751 728 829 praetereunte
751 741 906 831 lympha?

300 902 380 980 Quis
403 901 533 968 devium
556 911 698 967 scortum
720 901 825 968 eliciet
846 901 943 967 domo

297 1022 433 1112 Lyden?
455 1023 603 1100 Eburna,
627 1023 681 1088 dic
703 1043 779 1110 age,
805 1043 879 1088 euru
901 1022 972 1110 lyra

341 1146 476 1210 llaturet
498 1145 529 1208 in
552 1154 715 1230 comptum
737 1145 905 1210 Lacaenae

194 1335 233 1384 ts.
253 1334 376 1397 destineat
393 1333 420 1382 B.
440 1359 468 1369 -
481 1333 522 1382 il.
536 1334 602 1383 elicit
618 1335 647 1384 Τ.
663 1361 690 1369 -
703 1333 743 1382 23.
757 1335 784 1382 in
800 1340 925 1396 cornptom
936 1335 955 1384 Β
968 1337 996 1383 et
1012 1348 1106 1386 omues
1125 1338 1183 1385 Pot-

160 1409 240 1468 tierii,
265 1409 331 1458 item
343 1409 397 1458 CF:
424 1408 575 1470 incomptum
590 1407 697 1468 bSTcd,
721 1407 815 1468 Aldus
839 1411 880 1468 Lt,
906 1410 1058 1472 incomptam
1075 1425 1107 1460 ex
1130 1425 1182 1460 uno

158 1483 287 1533 terrentii
306 1481 403 1534 Codice
422 1481 505 1532 bentl.
524 1486 552 1532 et
568 1485 602 1535 bl.
623 1484 662 1546 (Ut
678 1495 735 1543 noc,
753 1483 787 1545 J.)

127 1653 193 1716 μην
221 1643 313 1701 αὐτὸν
337 1645 498 1715 ἀμφιβᾶσα
515 1646 591 1714 φλὸξ
608 1648 652 1701 οἵ·
690 1679 704 1688 -
721 1679 736 1690 -
753 1665 819 1713 quac
843 1651 979 1700 dicentibus
1002 1652 1090 1701 nobis·
1129 1655 1213 1714 «cia,

126 1739 187 1775 coo.
224 1724 357 1788 Meleager
373 1727 452 1776 Antb.
467 1728 495 1775 P.
509 1727 539 1776 11.
553 1739 579 1789 p.
594 1727 650 1776 trs:
689 1728 824 1776 audiamus
851 1726 1030 1786 conabum»,
1064 1728 1091 1776 tn
1112 1742 1215 1791 conspo-

126 1794 258 1850 Tor'iosrca
283 1795 338 1850 σὺν
362 1797 501 1866 Νύμφαις
526 1797 653 1870 Βρόμιος
689 1807 757 1851 ctum
768 1802 869 1864 prodit,
888 1802 964 1862 kata,
983 1803 1212 1864 nocuimlsopero·

125 1874 227 1937 φίλος·
255 1869 292 1940 ἦν
315 1873 346 1925 δέ
368 1891 412 1926 νιν
432 1873 528 1946 clema
547 1877 653 1942 Mtoye·
689 1891 727 1937 sc,
745 1877 842 1926 toriello
859 1903 887 1912 -
907 1877 1048 1926 «orooro.
1063 1880 1119 1928 est:
1146 1891 1216 1930 moro

125 1949 209 2010 σθαι,
228 1947 295 2019 δέξῃ
313 1947 370 2020 πῦρ
388 1944 430 2000 ἔτι
447 1947 613 2016 καιόμενον.
690 1954 819 2004 Lacaenae
836 1954 945 2016 rolipoto
957 1967 1041 2002 comos
1052 1955 1079 2003 iu
1090 1963 1215 2017 comparor

157 2026 199 2074 Ἡ.
218 2026 444 2090 deuiomscortom]
464 2026 651 2088 «nonvolgare
688 2028 789 2076 nodum.
825 2030 938 2091 Propter
956 2027 1039 2077 Codd.
1059 2029 1149 2079 autem
1175 2045 1216 2080 co-

125 2113 175 2149 nac
192 2101 271 2150 nimis
288 2103 473 2164 prostitutum,
498 2103 524 2151 in
540 2114 652 2152 recessu
688 2115 758 2150 mom
774 2100 948 2150 scribendum
967 2105 1009 2152 ast
1020 2115 1043 2148 :r
1063 2103 1119 2162 (sed
1138 2105 1214 2157 vides

126 2174 228 2238 aliquo,
257 2177 353 2224 nonin
371 2175 490 2240 lupanari
516 2176 649 2238 habitans,
689 2176 744 2224 tres
762 2187 838 2224 meos
859 2175 997 2237 antiquiss.
1017 2175 1148 2238 praebere
1170 2191 1214 2225 co-

124 2251 260 2300 remotum
285 2263 301 2298 a
326 2249 444 2312 Subura,
474 2250 650 2302 celeberrima
688 2247 1214 2312 mos.)«Bentleiuscorrexitincomptum

124 2323 166 2374 illa
192 2325 292 2374 Romae
318 2327 425 2389 regione
444 2328 574 2386 secunda,
603 2326 650 2376 ubl
688 2323 928 2372 commoretcodo.
948 2323 1010 2384 Sed,
1024 2327 1213 2388 praeterquam

123 2402 202 2448 erant
220 2397 371 2462 lupanaria;
390 2401 464 2464 quod
482 2415 543 2452 curn
560 2397 651 2450 κατά·
688 2397 762 2462 quod
777 2399 903 2460 irrcompto
918 2413 991 2449 como
1002 2398 1118 2463 puellam
1129 2401 1213 2462 magis

122 2471 256 2522 κλειστον
274 2474 381 2525 delicias
404 2476 494 2536 iaciat,
525 2489 576 2526 nec
595 2479 651 2527 sta-
688 2473 835 2523 dedecoret
852 2487 932 2536 quarn
951 2477 1040 2535 ornet,
1059 2488 1119 2524 roc.
1137 2477 1211 2534 codo,

123 2549 183 2609 tim,
210 2549 290 2597 etiam
316 2562 369 2612 quo
388 2551 525 2613 tamquam
544 2550 651 2600 fidicina
688 2547 762 2610 quod
787 2547 860 2598 salvo
886 2561 966 2599 sensu
992 2549 1089 2600 abesse
1106 2552 1211 2612 posset,
1280 2562 1283 2576 ·

121 2621 265 2681 inritatur,
301 2635 330 2672 se
357 2624 476 2684 confert,
510 2625 649 2688 promissis
687 2624 726 2671 sic
743 2622 814 2672 nude
833 2623 860 2671 in
872 2622 923 2671 line
937 2623 1054 2686 positum
1065 2624 1214 2672 vehemen-

122 2697 347 2746 eliciendumest.»
367 2697 463 2758 le.3‚
485 2699 532 2748 l3:
552 2701 651 2748 deotrom
688 2699 729 2746 ter
755 2697 841 2758 lriget.
881 2699 979 2760 aptum
1005 2702 1097 2747 contra
1123 2697 1213 2746 locum

121 2771 270 2833 lupariam,
300 2784 329 2819 «a
358 2773 400 2821 via
425 2771 533 2836 publica
558 2788 650 2824 remo·
687 2770 783 2831 babet,
807 2769 854 2820 ubi
876 2770 966 2820 addito
984 2772 1114 2820 adiectivo
1133 2784 1214 2820 accu-

122 2849 207 2893 tum.»
242 2843 650 2906 ovid.Her.2,lts.1.²tcccr-
687 2847 770 2895 ratius
796 2845 965 2895 describitur.
1002 2847 1092 2895 Lectio
1117 2847 1213 2894 incom-

122 2920 159 2968 oit
191 2925 315 2968 creatum
348 2921 421 2969 decio
445 2935 548 2972 curnam
577 2924 648 2984 ovis,
684 2925 757 2981 ptum
781 2921 874 2968 nodum
901 2918 1005 2981 linguae
1028 2919 1101 2982 leges
1119 2918 1211 2978 violat,

125 2992 214 3043 ububo
231 2992 390 3044 solitarius.»
425 2996 456 3044 V.
475 3001 585 3046 scortum
601 2999 650 3047 mi·
688 3007 750 3044 cum
776 2995 936 3058 praepositio
961 2995 988 3042 in
1013 2995 1110 3044 abesse
1128 2995 1154 3042 in
1171 2995 1212 3042 his

123 3069 195 3118 nime
222 3067 389 3118 disconvenit
421 3071 553 3120 sermonis
586 3085 649 3124 cum
688 3069 957 3131 nonpossit.»1unrr.
980 3095 1007 3104 -
1034 3069 1062 3117 in
1078 3067 1211 3130 coaptum]

123 3218 219 3266 dmum
235 3217 359 3266 comendo
375 3219 468 3278 Lyde.»
687 3215 813 3266 mulieres
838 3229 939 3280 pexum
964 3219 1066 3267 tautum
1088 3215 1212 3280 capillum

155 3291 196 3340 23.
214 3291 334 3354 Motoret]
354 3293 461 3342 «venua
477 3292 513 3342 ad
525 3307 573 3344 nos
585 3307 649 3358 pro·
681 3287 713 3340 'in
731 3292 832 3342 nodum
849 3290 973 3354 colligere
987 3295 1209 3342 consueverunt.»

124 3368 225 3427 peret.»
254 3364 425 3430 Asclepiades
442 3367 521 3416 Anlb.
538 3369 566 3417 P.
585 3369 603 3417 I.
621 3382 647 3431 p.
688 3366 766 3424 Caco.
802 3367 850 3416 Od.
870 3366 898 3428 3,
919 3366 964 3426 ll,
984 3367 1034 3416 bl:
1060 3368 1108 3416 Dic
1131 3372 1213 3416 ctor-

125 3439 180 3488 ⁴37.
200 3439 282 3490 herus
300 3439 334 3489 ad
351 3453 478 3490 servum:
505 3441 561 3491 Καὶ
578 3443 650 3512 Tpo-
686 3444 762 3503 potos
784 3446 902 3502 properet
926 3442 1041 3492 Ncocroe
1066 3441 1212 3502 Myrmecia

124 3515 216 3584 φέραν
231 3514 340 3576 ταχέως
351 3513 382 3564 ἑν
395 3511 511 3584 παρόδῳ
525 3511 649 3566 κάλεσον
685 3515 750 3563 nodo
775 3515 886 3565 cohibere
919 3517 1022 3565 crinem
1067 3515 1211 3580 Utrobique

124 3588 156 3636 ad
169 3589 330 3638 convivium.
353 3589 531 3640 Pseudanacr.
545 3591 561 3642 l
572 3631 577 3652 ‚
598 3591 629 3642 ll
642 3607 647 3640 :
686 3603 740 3638 uon
757 3591 813 3638 tam
824 3588 858 3638 nd
870 3590 994 3639 comandl
1006 3603 1110 3639 moram
1123 3592 1211 3653 respi-

123 3661 269 3731 Μύρισον,
296 3657 395 3728 ῥόδοις
418 3661 450 3714 tt
474 3661 565 3734 κρᾶτα
587 3663 648 3716 Πύ-
686 3665 722 3714 cit
739 3675 821 3726 quam
838 3664 872 3712 ad
889 3665 1039 3728 simplicem
1053 3663 1211 3727 elegantiam

124 3751 231 3797 κασον,
258 3733 340 3787 κάλει
356 3735 379 3785 d'
399 3737 523 3806 ἑταίρην.
559 3739 648 3789 Philo·
685 3738 760 3798 nodi,
780 3739 825 3800 qui
843 3740 986 3802 opponitur
1002 3739 1150 3789 artificiosis
1168 3753 1213 3788 co-

124 3810 218 3860 demus
235 3812 262 3860 in
279 3813 357 3862 bntb.
377 3811 430 3862 Pal.
449 3814 479 3864 11.
499 3814 564 3864 329:
591 3813 648 3864 Kal
685 3825 743 3862 mas
755 3812 878 3862 nectendi
891 3812 1043 3874 generibus.
1063 3815 1128 3864 Tres
1140 3813 1211 3862 enim

123 3881 275 3950 συζεύξατέ
297 3901 349 3951 μοι
372 3883 494 3949 φωλάδα
511 3887 647 3958 capricor-
684 3887 757 3936 modi
791 3889 927 3952 praecipui
962 3887 1070 3952 capillos
1099 3885 1211 3937 ornandi

122 3957 185 4025 κήν.
213 3963 346 4011 Graccum
363 3963 442 4026 igitur
457 3963 646 4014 huncmorem
684 3963 768 4012 erant.
804 3962 890 4014 Manli.
904 3963 1011 4026 silo:
1030 3963 1081 4013 litis
1097 3961 1210 4012 corusci

123 4039 184 4085 tunc
204 4035 301 4085 inritari
330 4037 410 4086 etiarn
438 4039 548 4088 Romani
574 4037 646 4088 sole·
682 4037 763 4086 cultos
794 4038 932 4100 frontisque
969 4041 1073 4088 decoros
1109 4038 1211 4098 scnpcr

122 4109 193 4158 bant.
219 4137 246 4144 -
276 4110 352 4160 ldem
371 4123 431 4160 mos
452 4111 523 4174 apud
542 4112 646 4162 Arabas
683 4113 749 4160 crit:
767 4117 844 4162 tortos
859 4114 886 4160 tn
901 4115 1005 4176 fluctum
1018 4125 1113 4174 ponere
1130 4112 1211 4160 crirws

123 4182 268 4232 obtinebat.
296 4184 434 4248 Tbarapba
447 4185 541 4235 Reiskii
554 4199 580 4250 p.
594 4185 643 4235 23:
682 4187 732 4235 Aut
747 4187 835 4235 vinclis
852 4199 969 4236 revocure
986 4199 1070 4235 comos
1087 4191 1110 4234 ot
1120 4185 1210 4234 ocrtim

123 4258 280 4320 Gornpotoros
302 4260 352 4308 mci
376 4265 434 4308 sont
460 4260 559 4321 pondos
583 4273 646 4310 coo·
684 4261 758 4310 denso
773 4261 1129 4323 Finperoctcpposttiscopot
1139 4271 1210 4307 eno-

123 4333 194 4383 didoc
219 4335 349 4384 stellarum
373 4336 466 4397 tristor,
494 4340 517 4384 ct
542 4336 646 4399 Minoo
683 4341 739 4385 toro
755 4335 860 4397 capillis.
886 4361 912 4370 -
944 4333 1086 4396 Lacaenac]
1116 4333 1158 4381 Sic
1182 4333 1209 4380 in
