3002 4974
519 429 577 480 LlB.
597 431 627 478 ll.
654 431 682 479 C.
702 429 731 480 x.

295 585 432 671 Saepius
454 585 558 652 ventis
580 587 718 673 agitatur
739 587 854 673 ingens

293 706 391 771 Pinus
414 715 445 772 et
466 705 574 773 celsae
596 707 743 794 graviore
766 727 844 773 casu

292 824 451 893 Decidunt
472 837 579 894 turres
601 828 783 916 feriuntque
807 850 950 920 summos

420 948 560 1036 Fulgura
583 960 716 1016 montes.

292 1109 407 1194 Sperat
428 1107 565 1186 inseetis,
589 1110 702 1176 metuit
724 1109 877 1176 secundis

186 1261 209 1310 9.
229 1260 335 1310 Saeuim
351 1258 505 1310 FeValarti
523 1260 589 1310 Cod.
606 1260 718 1312 sorbon.
732 1262 942 1324 suspectissimo.
964 1291 991 1300 -
1011 1265 1051 1314 iu.
1065 1267 1177 1318 mulsae

153 1348 217 1384 cum
234 1333 314 1384 Brod.
333 1334 463 1397 Cuningh.
477 1337 537 1384 san.
551 1337 606 1385 iani
624 1338 651 1385 et
662 1337 688 1386 F.
704 1337 744 1398 (iit
754 1349 818 1397 nos,
836 1336 951 1390 unsrcd
968 1342 996 1388 et
1012 1353 1106 1391 omnes
1117 1344 1177 1392 Pot-

152 1409 241 1472 tien'i.)
263 1437 290 1445 -
310 1410 350 1458 ⁴2.
368 1409 486 1459 Fulmina
504 1411 552 1460 Ltl'
569 1423 585 1459 e
604 1411 688 1460 Codd.
708 1411 826 1472 (diuos,
846 1424 940 1464 omnes
952 1415 1047 1475 nostri,
1068 1416 1175 1480 Cruquii

152 1486 181 1533 et
198 1483 334 1544 Pottierii.)
354 1511 382 1520 -
400 1489 495 1534 montes
512 1482 559 1534 litt.
579 1499 592 1534 e
609 1498 744 1549 superser.
763 1487 774 1534 i
790 1487 818 1536 Β.

116 1605 213 1668 primm
231 1605 264 1654 ut
280 1619 339 1654 arce
355 1606 429 1656 venit.
460 1606 584 1656 Attamen
600 1619 647 1656 re·
685 1605 745 1669 que]
759 1607 1208 1674 celsue--sertuntquoquumleue

117 1679 243 1744 cipienda
261 1692 314 1729 non
332 1683 400 1740 erni,
426 1682 551 1744 quoniam
569 1683 595 1731 in
613 1695 645 1730 eo
683 1675 841 1731 ἀσύνδετον
863 1684 983 1734 aereum.
1012 1711 1038 1720 —
1057 1685 1208 1750 twrm18ic

116 1757 193 1820 ipso,
214 1753 287 1817 quod
304 1756 403 1816 saepius
419 1768 435 1804 a
450 1753 572 1818 procellis
584 1769 647 1806 con·
683 1757 772 1806 omnia
795 1755 916 1808 aedificia
939 1756 991 1810 alta
1009 1762 1035 1809 et
1055 1760 1142 1825 ampla
1159 1775 1209 1812 vo·

117 1830 219 1878 entitur
243 1841 357 1892 proceru
384 1831 463 1892 pinus
488 1843 570 1893 quarn
595 1831 647 1880 l1u-
684 1832 791 1890 cuntur,
830 1828 978 1898 οἰκήματα
1015 1830 1052 1884 τὰ
1085 1837 1209 1902 μέγιστα

116 1903 182 1954 mile
208 1901 364 1964 arbustum,
393 1905 457 1955 satis
485 1906 647 1968 significatur
683 1905 809 1956 Herodot.
844 1905 860 1956 l.
879 1906 896 1956 l.
920 1909 1051 1960 luvenalis
1074 1911 1119 1971 40,
1146 1912 1207 1962 tos:

115 1977 190 2029 illam
211 1977 295 2028 multo
317 1979 401 2042 magis
419 1982 567 2044 expositam
584 1993 645 2032 esse
682 1994 817 2030 nmoerora
839 1981 952 2044 parabat
982 1985 1104 2034 Emeum
1131 1987 1210 2036 timis

115 2051 252 2118 periculo,
280 2065 314 2102 ne
332 2053 468 2117 frangatur
485 2057 564 2118 atque
585 2069 646 2105 era·
683 2053 810 2117 tabulatu,
836 2057 902 2106 unde
925 2057 1001 2107 uilior
1017 2063 1077 2108 esset
1093 2059 1171 2110 canu
1187 2064 1210 2110 et

117 2128 234 2178 dicetur.
254 2127 381 2178 Herodot.
400 2130 427 2188 7,
448 2129 491 2180 rt:
510 2123 593 2200 Ὁρᾷς
609 2123 646 2179 τὰ
682 2129 805 2191 ineptum
828 2145 951 2194 praeceps
974 2133 1084 2183 imnum
1108 2135 1207 2184 minue.

115 2197 300 2271 ὑπερέχοντα
324 2199 383 2265 ζῶα
407 2197 447 2266 ὥς
470 2199 645 2274 κεραυνοῖὸ
685 2231 712 2239 -
748 2217 856 2254 nunnius
878 2232 893 2242 -
916 2207 1023 2270 montes]
1060 2209 1209 2259 «montium

114 2272 189 2339 θεὸς
206 2271 274 2327 οὐδὲ
291 2275 326 2345 ἑᾷ
336 2275 549 2344 φαντάζεσθαι,
567 2275 603 2329 τὰ
615 2277 646 2329 δὲ
685 2279 850 2328 cacumina.»
880 2282 983 2330 Lucret.
1003 2283 1032 2342 6,
1051 2281 1112 2332 tau:
1136 2282 1209 2332 Alta·

114 2347 230 2423 σμικρὰ
247 2347 331 2404 οὐδέν
346 2371 398 2419 μιν
412 2357 511 2419 κνίζει·
529 2351 601 2426 ὁρᾷς
615 2354 646 2406 δὲ
683 2366 730 2414 utu
751 2367 798 2402 cur
816 2355 964 2418 plerumque
982 2357 1044 2418 petit
1070 2357 1126 2407 lecu
1148 2357 1209 2420 piu-

114 2423 156 2491 ὥς
176 2427 206 2490 ἐς
225 2424 372 2494 οἰκήματα
392 2425 428 2480 τὰ
447 2431 570 2497 μέγιστα
588 2433 646 2481 alet
682 2429 797 2490 timeque
819 2429 892 2478 huius
914 2431 1039 2482 Montibus
1060 2433 1087 2481 in
1107 2433 1210 2484 nimmia

114 2503 169 2552 καὶ
191 2499 309 2572 δένδρεα
329 2500 366 2554 τὰ
387 2503 497 2555 τοιαῦτ’
513 2499 646 2572 ἀποσκή-
683 2504 786 2567 verttpiu
815 2506 939 2554 cernimur
964 2506 1048 2569 ipris?
1077 2535 1104 2544 -
1132 2507 1211 2557 «Ful-

115 2593 182 2629 ,ττει
198 2573 236 2628 τὰ
251 2576 347 2638 βέλεα·
365 2578 458 2640 φιλέει
471 2578 526 2651 γὰρ
542 2575 559 2630 ὁ
577 2579 647 2644 θεὸς
682 2592 732 2642 pur
747 2579 855 2641 proprie
875 2582 918 2630 est
938 2580 1066 2644 splendor
1083 2580 1207 2632 fulminis.

113 2649 150 2704 τὰ
179 2647 360 2724 ὑπερέχοντα
384 2650 477 2704 πάντα
502 2652 643 2707 κολούειν.
683 2653 736 2702 Sed
754 2667 786 2702 ex
803 2656 958 2704 auctoritate
977 2656 1061 2705 Codd.
1081 2657 1210 2706 etiliero-

114 2727 233 2780 Lucilius
255 2730 280 2778 in
298 2729 402 2780 Antinoi.
421 2729 475 2781 Pal.
494 2732 525 2781 ll.
541 2743 568 2795 p.
582 2731 645 2782 tit:
683 2729 758 2792 nymi
782 2731 877 2792 quater
902 2731 940 2780 sic
962 2730 1097 2782 afferentis
1118 2745 1145 2780 v.
1156 2731 1210 2794 sut-

114 2797 156 2854 Οὗ
181 2799 287 2873 θρύωι,
320 2797 356 2856 οὐ
378 2800 515 2870 μαλάχην
537 2799 646 2871 ἄνεμός
682 2804 944 2866 auraretinendum3
963 2818 1025 2854 nam
1038 2805 1209 2868 futpuridem

115 2893 202 2939 ποτε,
222 2873 274 2940 τὰς
284 2876 315 2928 di
326 2881 463 2944 μεγίστας
473 2874 512 2930 Ἤ
526 2875 646 2950 δρύαςῆ
684 2891 765 2942 saepe
787 2881 879 2928 notare
902 2893 934 2928 ac
950 2879 1044 2942 fulmen
1061 2878 1132 2943 apud
1149 2880 1210 2928 Vir-

115 2949 283 3015 πλατάνους
306 2949 366 3003 uide
385 2957 479 3020 χαμαὶ
499 2951 643 3022 κατάγειν.
684 2954 786 3017 gilium,
805 2952 930 3014 Plinium,
943 2953 1062 3003 Tacitum
1075 2955 1126 3003 eet.
1140 2953 1209 3003 adeo

115 3029 193 3080 Conl.
223 3027 310 3077 Bahrii
343 3029 395 3081 iah.
426 3030 467 3080 36.
505 3033 646 3083 Maecenas
684 3031 776 3080 notum
794 3030 848 3090 est,
868 3031 897 3078 ut
908 3026 1036 3092 exemplis
1053 3027 1080 3076 id
1091 3026 1208 3091 probare

115 3103 189 3169 apud
201 3103 333 3154 Senecam
345 3105 646 3168 Epp.i9:Fortmraat-
684 3105 792 3154 minime
818 3103 861 3152 hic
884 3115 996 3152 necesse
1021 3103 1079 3152 sit.»
1116 3103 1207 3152 Brnru.

114 3183 188 3230 unat
203 3191 311 3227 sunum,
341 3181 483 3230 Praeterea
502 3191 530 3230 u.
548 3183 646 3232 saarim
683 3177 799 3228 Fidmina
824 3176 942 3226 defendit
964 3177 1016 3226 Fea
1039 3177 1065 3225 in
1083 3173 1209 3226 auxilium

115 3252 188 3304 haud
204 3250 319 3302 multum
337 3252 456 3304 differret
467 3268 491 3303 a.
502 3269 545 3304 vv.
555 3257 645 3319 maut-
682 3253 777 3302 vocata
800 3253 918 3302 Senecae
942 3253 1034 3314 rigam.
1058 3251 1098 3301 93.
1118 3249 1209 3300 decla-

114 3342 159 3378 ore
177 3340 254 3388 carm
273 3327 312 3378 sie
329 3341 394 3377 reru
406 3327 472 3378 duas
483 3330 646 3393 percipimus
683 3328 795 3378 matoria
813 3325 1030 3391 amplificatione:
1050 3327 1141 3376 Stdunt
1156 3327 1210 3388 ipro

116 3404 241 3452 notiones
265 3401 414 3452 distinctus:
444 3403 498 3453 «Et
520 3403 646 3468 trequen-
679 3401 1210 3465 ponderomaqmcoditqueonertrortnza

115 3477 168 3527 tius
191 3479 219 3527 et
239 3475 414 3540 periculosius
436 3478 593 3542 praecipitat
619 3481 646 3529 in
683 3491 742 3535 ruffi
763 3477 821 3526 Vota
837 3477 949 3526 sennen
964 3476 1055 3540 inflata
1064 3477 1136 3526 Notis
1150 3476 1210 3526 Ven-

116 3550 261 3600 adversam
270 3549 402 3600 fortunam
410 3551 645 3603 homoexeelsiore
683 3552 846 3602 metuentem
871 3553 975 3600 timere
995 3564 1060 3600 uros.
1096 3551 1209 3602 Nubibus

116 3625 177 3676 loco
213 3626 371 3676 constitutus
401 3639 483 3689 quam
511 3625 645 3678 humilis.»
682 3628 743 3690 ipsis
759 3628 854 3676 inserta
870 3630 946 3688 caput
964 3626 1050 3675 Turris
1062 3626 1209 3688 pluutouu-

117 3701 176 3762 (Qui
194 3699 293 3749 sumtu
316 3699 482 3764 praeierunt,
511 3701 647 3766 appellare
680 3701 868 3764 mutinum
886 3703 1030 3762 Delumque
1041 3715 1128 3750 nanus
1137 3715 1210 3763 spar-
1314 3759 1319 3768 '

115 3777 232 3838 possunt
240 3776 321 3824 etiam
331 3776 417 3824 Front.
427 3776 512 3826 Prine.
524 3777 589 3828 ilist.
597 3777 645 3828 Ed.
684 3789 745 3841 qens
771 3775 874 3825 urnbrus
897 3775 999 3826 Annaea
1024 3776 1091 3826 videt
1116 3775 1210 3825 robora

116 3851 168 3900 ilai
178 3849 251 3900 4846.
261 3862 288 3913 p.
302 3849 364 3900 230:
376 3851 489 3914 Pr0secto
500 3851 563 3900 rimu
575 3851 649 3902 urto-
687 3851 783 3914 frenai.
801 3851 905 3900 Fortunt
921 3850 996 3900 celsos
1010 3849 1118 3912 stamina
1128 3849 1209 3909 colus,

116 3938 176 3974 rum
192 3925 327 3973 difluimus
342 3925 549 3974 venementius
570 3929 649 3976 ueritis
685 3927 737 3975 cet.

117 3999 190 4059 quaet
205 3999 330 4059 uidemus,
349 3999 387 4048 itu
403 4000 507 4048 virtuter
520 4002 648 4052 murtrum
718 3999 758 4048 43.
779 3998 818 4049 44.
838 3998 938 4063 infestis]
957 3997 1040 4048 Codd.
1059 3997 1160 4060 aliquot
1173 3998 1210 4046 in-

117 4074 215 4123 iuuidiu
231 4074 390 4124 criminosius
406 4074 525 4136 44044444.)
686 4074 785 4135 quinati
803 4076 865 4124 sunt
881 4071 960 4136 gloss.
980 4073 1098 4122 adverus
1120 4099 1147 4107 -
1161 4071 1210 4120 Ce-

152 4148 235 4197 444-42.
248 4147 332 4213 Pium]
345 4148 648 4213 hicquoquepuleher-
685 4149 774 4198 terum
801 4161 844 4198 vv.
866 4148 959 4212 infestis
983 4174 998 4184 -
1019 4147 1132 4197 monadis
1159 4147 1209 4194 Pe-

119 4223 187 4272 rima
205 4220 248 4272 illa
260 4221 350 4272 italica
362 4215 551 4286 ἀμφιλαφής,
569 4223 645 4273 Pinio.
685 4224 759 4272 trenz
784 4222 869 4285 (Obss.
895 4223 921 4271 in
945 4223 1007 4272 lior.
1032 4223 1120 4272 Carm.
1146 4218 1207 4283 aliq.

121 4322 149 4332 -
163 4294 254 4347 tlelior
265 4295 363 4360 duplex
382 4297 503 4346 iunctura
522 4303 546 4346 st
564 4297 648 4359 (item-
685 4295 735 4347 loc.
755 4296 851 4348 Gumb.
872 4297 954 4359 4846.)
977 4309 1027 4361 pro
1049 4295 1144 4346 dativis
1159 4294 1209 4343 hu-
