2986 4974
533 439 591 490 titt.
613 440 640 488 ll.
678 441 706 488 tl.
726 441 756 489 V.

302 597 367 661 lam
390 605 420 661 te
444 605 614 683 sequetur:
639 597 739 660 currit
762 597 848 662 enim
872 596 961 663 lerox

303 721 397 782 Aetas
420 726 452 781 et
475 715 534 789 illi,
559 738 643 804 quos
666 716 721 782 tihi
745 716 938 806 dempserit,

344 843 491 924 Apponet
513 858 634 916 annos;
660 839 722 904 iam
745 851 896 926 proterva

387 963 503 1025 Fronte
527 971 614 1046 petet
636 959 752 1047 Lalage
776 963 937 1027 maritum:

300 1119 435 1192 Dilecta,
462 1128 617 1206 quantum
640 1140 703 1185 non
726 1119 846 1186 Pholo'e
869 1121 978 1209 lugan,

300 1243 369 1305 Non
393 1238 519 1306 Chloris
542 1227 616 1306 albo
639 1241 687 1307 sic
709 1240 845 1307 humero
869 1244 988 1316 nitens,

340 1361 379 1427 Ut
401 1381 483 1447 pura
504 1371 661 1428 nocturno
684 1362 809 1429 renidet

193 1541 232 1591 ta.
252 1541 364 1602 sequitur
376 1541 403 1590 T.
420 1567 447 1576 -
460 1545 544 1590 eatrrci
556 1538 649 1606 dssyrr.
665 1567 692 1578 -
707 1541 738 1591 l3
756 1544 782 1592 et
801 1543 840 1592 ll.
859 1544 940 1593 comit
956 1545 1021 1593 enim
1036 1547 1118 1610 sogor
1135 1577 1150 1588 -
1166 1577 1181 1587 -

152 1615 335 1680 Phoioi'seroc
351 1615 485 1678 Cruquius
503 1617 530 1665 et
544 1613 700 1666 Wakefield.
722 1644 749 1653 -
770 1615 809 1668 ti.
829 1619 895 1680 quod
911 1617 954 1668 tibi
971 1620 1114 1683 dempserit,
1133 1626 1181 1687 Ap

153 1695 343 1816 pgnejogma
350 1689 391 1815 smel
404 1695 463 1752 quot
474 1716 489 1726 -
500 1718 514 1727 -
526 1703 606 1740 annos
617 1689 725 1742 Bentleii
738 1692 914 1756 suspiciones.
931 1719 955 1730 -
978 1695 1016 1744 to.
1033 1698 1094 1757 petit
1105 1699 1132 1746 T.
1153 1728 1178 1734 -

119 1926 205 1976 dioris
222 1925 329 1984 aetatis,
349 1937 401 1987 qua
416 1923 533 1987 gaudent
545 1921 651 1974 sodales
688 1923 808 1974 accedat.
844 1923 904 1986 Alii,
924 1927 953 1976 ut
970 1925 1011 1978 vel
1024 1928 1081 1991 ipse
1094 1930 1211 1992 vossius,

119 1999 493 2062 nostrialiquentoiuniores‚
507 1999 651 2049 nobisiam
687 1999 742 2049 vim
767 1998 912 2063 particulae
938 2015 967 2050 oe
991 2006 1053 2066 post
1078 2005 1213 2068 negativas

119 2076 298 2138 praeteritum
315 2087 385 2124 esse.
421 2072 523 2124 Similes
541 2075 603 2124 sunt
624 2073 650 2124 in
687 2073 867 2138 partpositae
880 2077 1008 2127 nonsatis
1021 2079 1211 2141 expendentes,

119 2153 148 2198 A.
171 2151 201 2200 P.
222 2150 279 2198 tra.
304 2149 366 2198 anni
388 2148 510 2198 venierates
531 2149 558 2198 et
581 2159 650 2197 rece·
688 2161 756 2198 unus
768 2151 795 2198 et
805 2147 873 2198 alter
884 2150 964 2200 etiarn
974 2151 1123 2212 Gnidiosque
1132 2153 1213 2204 eden·

118 2225 213 2274 dentes
230 2221 354 2286 Sophocl.
368 2223 488 2272 Trachin.
499 2222 557 2274 547.
570 2225 651 2273 Deia—
687 2223 740 2282 tes,
754 2223 793 2272 sic
805 2222 983 2286 distinguunt:
1010 2226 1212 2278 Dilecta-hon

119 2298 227 2348 nirade
246 2297 314 2346 iola:
348 2296 411 2368 Opas
429 2313 485 2368 γαρ
502 2295 579 2362 ηβην
596 2291 650 2360 τὴν
688 2297 798 2354 cotem·
821 2297 1003 2348 oibo--mmi
1020 2301 1165 2362 Cnidiorum
1184 2303 1211 2352 id

117 2371 175 2436 μὲν
204 2365 356 2441 ἕρπουσαν
390 2369 504 2444 πρόσω,
540 2368 600 2437 Τὴν
618 2369 649 2422 δὲ
686 2373 741 2421 est:
769 2371 878 2435 «Lalage
897 2371 992 2424 dilecta
1010 2377 1140 2438 quantum
1158 2391 1211 2428 non

117 2447 299 2509 odirouoav.
687 2444 793 2506 Pholoe,
810 2460 863 2498 non
876 2447 978 2499 Chloris
991 2449 1145 2514 diliguntur;
1165 2453 1212 2504 Lo·

152 2523 194 2571 til.
217 2521 348 2585 proterva]
367 2522 528 2572 immoratur
545 2522 570 2570 in
587 2533 649 2583 gra-
685 2517 743 2582 lage
761 2521 796 2570 ita
814 2522 901 2572 nitens
919 2524 948 2572 ut
964 2521 1026 2574 lune
1043 2537 1139 2576 serene
1152 2527 1212 2578 Cni-

119 2601 143 2646 ta
163 2598 293 2646 iuvencae
312 2594 434 2660 petulcae
448 2598 475 2645 et
488 2594 648 2646 lascivientis
686 2592 798 2658 diusque
817 2597 904 2659 Gyges
917 2595 1084 2661 splendent.»
1111 2601 1210 2654 Verum

118 2672 251 2734 imagine;
278 2672 304 2721 h.
323 2670 340 2721 l.
360 2670 394 2720 de
418 2668 506 2734 puella
528 2671 648 2720 virorum
685 2669 724 2718 sic
742 2669 845 2721 Chloris
858 2671 927 2722 nullo
939 2673 1208 2736 praediceturlaude,

29 2805 32 2813 1
118 2746 228 2812 cupida.
685 2743 752 2793 mire
778 2745 973 2809 coniunguntur
997 2747 1058 2798 lune
1085 2751 1111 2798 et
1132 2763 1209 2813 puer,

151 2823 194 2871 tr.
213 2821 320 2885 Dilecta]
340 2819 417 2880 Quod
434 2817 553 2871 nonnulli
568 2820 647 2869 artis·
685 2819 751 2868 mire
769 2822 831 2883 post
851 2821 970 2883 priorem
993 2820 1100 2872 laudem
1117 2835 1210 2874 rursus

117 2899 187 2948 sime
205 2897 316 2959 iungunt
333 2907 395 2945 cum
412 2893 558 2958 praecedd.
581 2899 649 2957 petet
684 2895 810 2956 quattuor
826 2909 868 2946 vv.
887 2895 966 2946 huius
982 2895 1114 2947 extollitur
1126 2896 1210 2947 torma

117 2972 242 3022 maritum
258 2971 369 3032 Dilecta,
389 2969 477 3020 minus
489 2968 584 3034 placet.
605 2968 645 3020 Ab
683 2965 820 3031 puellaris;
848 2983 881 3019 er
904 2983 957 3033 quo
982 2970 1154 3033 factumest,
1181 2973 1213 3020 ut

117 3047 170 3098 hoc
194 3046 267 3096 enim
283 3059 309 3094 v.
328 3045 472 3108 imaginem
493 3044 646 3109 relinquens
684 3055 818 3092 nonnemo
843 3043 1055 3106 pulcherrimum
1084 3046 1209 3096 carrntnts

117 3123 228 3186 proprie
250 3118 322 3183 loqui
343 3120 442 3184 incipit.
473 3122 572 3184 Separa
597 3121 646 3184 igi·
684 3117 782 3166 exitum
801 3119 937 3180 tamquam
955 3133 1065 3183 prorsus
1082 3133 1210 3183 superva-

117 3198 173 3246 tur:
205 3195 341 3244 martirem
375 3195 474 3244 Dilecto
500 3195 571 3257 (tunc
597 3197 646 3245 erit
683 3203 798 3242 caneum
819 3194 846 3240 et
867 3193 962 3256 poetae
984 3193 1094 3244 consilio
1111 3193 1208 3244 adver-

117 3269 151 3320 eb
170 3269 246 3320 omni
262 3269 418 3331 iuventute).
437 3270 480 3318 Sic
498 3270 646 3320 outemex-
682 3268 786 3316 saniem
807 3281 931 3317 resecare
954 3267 1041 3318 vellet.
1063 3295 1091 3304 -
1108 3269 1208 3334 Pholoe]

117 3343 187 3408 plico
199 3345 250 3395 hos
262 3344 421 3396 versiculos:
442 3343 570 3394 «Tantum
582 3347 645 3396 tunc
682 3340 758 3391 ldem
775 3344 878 3392 Nomen
896 3343 943 3392 Od.
964 3345 992 3404 l,
1012 3343 1058 3404 33,
1077 3344 1101 3392 7.
1123 3372 1150 3380 -
1168 3343 1209 3407 su·

117 3419 151 3468 ah
185 3417 312 3470 omnihus
344 3418 478 3483 diligetur,
514 3424 645 3484 quonium
681 3415 744 3480 gae]
764 3419 893 3480 «propter
910 3417 1112 3468 inconsiissiiflm
1125 3431 1207 3483 saepe

117 3507 189 3542 nunc
213 3505 264 3543 nec
287 3493 386 3544 Pholoe
413 3509 500 3559 neque
525 3495 642 3556 Chloris,
682 3491 716 3540 ah
734 3491 861 3541 amatoris
873 3505 966 3544 mensa
979 3496 1005 3542 et
1021 3491 1119 3542 lectulo
1130 3493 1208 3544 aulu-

117 3569 239 3617 maturae
248 3568 300 3617 iam
309 3566 521 3632 puellae,neque
530 3572 643 3634 Gyges.»
681 3565 781 3628 gisus.»

116 3642 154 3691 lta
165 3654 210 3690 vv.
225 3641 281 3690 albo
292 3667 326 3679 --
336 3644 403 3692 mori
415 3645 552 3694 continent
563 3642 645 3696 Chlo·
715 3640 754 3689 tt.
775 3639 853 3703 pura]
873 3639 996 3692 «liabens
1013 3653 1110 3692 serena
1128 3645 1206 3692 nocta

117 3715 182 3766 ridis
199 3718 388 3780 praeconium,
408 3721 436 3768 ut
453 3720 479 3768 in
496 3733 553 3782 seq.
573 3722 644 3770 stro·
681 3710 772 3765 lumen
798 3715 960 3778 integrum.»
987 3718 1078 3766 Senon.
1110 3743 1136 3752 —-
1163 3729 1206 3766 re-

117 3789 171 3853 pha
189 3789 313 3840 laudatur
329 3795 425 3855 Gyges.
465 3795 537 3843 Inest
553 3795 643 3842 autem
680 3790 755 3854 uidet]
782 3783 953 3856 ἀντιλάμπει
978 3789 1092 3855 explicat
1118 3791 1206 3841 Philo-

118 3865 142 3914 in
152 3867 269 3928 utroque
278 3863 363 3928 elogio
376 3864 507 3917 Chloridis
518 3869 545 3915 et
554 3869 642 3929 Gygae
680 3877 774 3915 aeuus.
794 3867 824 3918 Ut
840 3867 883 3915 hic
900 3867 980 3916 niteris
996 3866 1029 3915 de
1042 3867 1102 3916 viro
1114 3866 1206 3931 splen-

117 3953 181 3989 rere
198 3932 384 4010 ἀντιστρόφῳ
396 3940 595 4000 venustissima,
615 3943 644 3991 ut
680 3938 759 4000 dore,
779 3939 812 3989 de
831 3941 934 3990 mitiore
950 3942 1058 4002 renidet,
1077 3941 1115 3992 sie
1127 3939 1203 4005 Apul.

117 4016 151 4064 ila
169 4015 271 4075 dcam,
293 4013 400 4065 malitia.
436 4017 500 4065 Eam
518 4017 590 4066 enim
607 4016 642 4065 ob
679 4015 741 4066 Met.
764 4015 788 4064 i.
811 4028 838 4078 p.
864 4015 920 4064 408.
940 4015 1021 4065 0ud.:
1042 4013 1124 4076 Quid?
1148 4028 1205 4066 cren

117 4101 228 4140 eausam
244 4087 335 4138 laudat
352 4087 453 4153 puellas
473 4102 642 4153 puerumque
679 4089 777 4150 capitiis
788 4114 800 4125 ·
811 4091 901 4139 -nitor
921 4091 1063 4152 teimaiaus
1083 4089 1165 4138 illucet
1181 4093 1205 4139 et

118 4162 641 4227 pulcherrimalormainstgnesetamari
678 4168 767 4213 contro
791 4165 849 4214 solis
870 4165 951 4214 aciem
971 4169 1070 4228 vegetus
1090 4163 1205 4226 tutemet

117 4251 177 4289 sese
195 4239 388 4298 inminentes,
408 4251 461 4301 quo
473 4237 586 4300 Lalagen
598 4239 643 4288 sti-
677 4237 717 4288 oei
729 4238 845 4299 placidae
855 4237 969 4288 ressidet?
986 4239 1041 4288 lloc
1052 4236 1136 4286 verbo
1147 4239 1205 4286 ute-

119 4311 209 4372 mulet,
228 4313 356 4374 utquam
374 4310 542 4374 primumilli
560 4312 641 4362 choro
678 4311 776 4362 buntur
810 4312 865 4363 lere
899 4315 995 4376 poetae
1031 4315 1203 4373 (quamquam
