2998 4980
501 421 559 472 ilii.
580 422 597 470 Ι,
635 421 663 470 C.
683 419 725 470 Xl.

150 575 370 666 Tyrrhenum,
395 574 520 662 sapies,
544 575 618 640 vine
640 573 770 662 liques„
787 584 819 640 et
840 575 945 662 spatio
967 573 1058 641 brevi

147 699 248 785 Spem
271 697 400 784 longam
422 716 563 763 reseces,
586 697 671 762 Dum
692 695 862 784 loquimur,
886 695 1001 782 lugerit
1022 695 1129 762 invide

147 821 266 885 Actes:
290 837 389 905 carpe
412 815 499 883 diem
523 838 621 904 quam
643 817 810 882 minimum
832 815 964 884 credule
985 826 1125 904 postero.

171 1034 196 1083 i.
216 1033 317 1097 ‹tipirps't
334 1035 362 1083 G.
382 1031 526 1084 Fabricius.

106 1269 132 1316 et
149 1266 229 1330 qussi
246 1265 372 1323 nuscenm
395 1265 484 1328 potest
501 1264 571 1314 enim
589 1277 634 1313 re·
671 1263 723 1316 lide
752 1267 901 1329 sequenti.»
943 1266 1008 1331 Epp.
1040 1271 1063 1326 4,
1092 1265 1117 1328 4,
1148 1265 1192 1316 ts:

105 1338 174 1390 salvi
190 1336 234 1388 vel
253 1351 330 1388 «cum
347 1337 431 1387 breve
443 1339 477 1389 sit
493 1338 562 1388 vites
574 1351 636 1402 spe·
672 1339 774 1388 ornnem
790 1341 862 1390 erede
878 1341 943 1390 dien
961 1341 1004 1390 4444
1021 1341 1141 1391 eihsaisse
1151 1353 1195 1390 sn-

104 1415 206 1472 cumn,
231 1413 330 1462 utLiv.
349 1410 374 1468 4.
393 1411 437 1462 ll:
459 1425 632 1474 oransnese,
668 1427 791 1476 pronam
821 1413 932 1464 Murtiel.
951 1413 1036 1476 ’4,47,
1057 1416 1101 1465 tt:
1139 1417 1196 1466 Vive

104 1487 173 1538 breui
194 1488 293 1548 relicuo
312 1487 380 1536 citae
395 1486 490 1548 spatio,
516 1492 570 1536 tam
586 1491 634 1538 tri-
669 1487 737 1536 oelnt
752 1489 992 1551 raptosnpitioaqne
1002 1490 1193 1552 pandiacorpe.

105 1567 164 1612 stein
181 1563 300 1612 nuntium
321 1561 389 1624 [erre
409 1562 444 1610 aa
460 1561 635 1612 Cincinnatum
671 1564 757 1623 Atque
778 1562 830 1611 hoc
851 1575 902 1612 usu
923 1563 976 1612 iem
993 1561 1107 1614 Lucilius
1124 1563 1193 1614 (ieri.

105 1641 267 1700 pateream
283 1633 328 1686 vel
341 1653 352 1680 r
359 1636 470 1699 propter
480 1635 562 1685 breve
575 1648 635 1699 spe·
670 1650 697 1700 p.
716 1636 757 1698 68,
776 1635 821 1688 48;
850 1637 961 1688 Hiemem
976 1652 1055 1687 enam
1072 1651 1196 1700 ammana

110 1713 197 1762 tium.»
219 1738 247 1746 -
266 1710 368 1774 reseces]
392 1723 521 1772 «prorsus
543 1710 568 1760 ei
589 1722 634 1758 re·
670 1724 784 1772 ear-pern.
806 1737 834 1748 -
855 1713 921 1762 Cum
947 1711 995 1762 0d.
1021 1713 1063 1762 IX.
1091 1715 1119 1764 et
1143 1714 1195 1762 hoc

110 1786 249 1846 nunties»,
275 1785 304 1833 ut
321 1784 392 1848 epud
411 1785 465 1834 Cic.
485 1784 520 1834 ed
537 1786 588 1835 Ati.
608 1785 632 1844 l,
671 1797 781 1835 carmen
799 1787 874 1848 quasi
885 1783 975 1848 τύπος
992 1788 1026 1838 sit
1042 1802 1073 1838 ec
1091 1789 1195 1851 species
1214 1844 1219 1859 Ι

109 1862 145 1922 48,
163 1861 193 1910 Ξῑ
214 1859 366 1909 resecandae
385 1858 500 1909 libidinis.
670 1861 708 1910 tot
724 1857 858 1922 similium,
878 1860 975 1924 quihus
992 1865 1069 1926 poete
1088 1862 1121 1912 ed
1142 1860 1195 1913 lee-

136 1937 161 1985 7.
181 1935 206 1985 8.
232 1935 302 1983 Dum
317 1933 434 1998 mainus]
458 1932 533 1984 Adeo
550 1945 631 1997 seepe
670 1937 727 1984 tum
749 1934 798 1985 sed
819 1934 896 1986 simul
918 1937 1066 2000 sapientem
1090 1938 1195 1997 tempe-

107 2009 173 2059 heec
192 2007 306 2059 termule
324 2007 393 2072 epud
412 2009 519 2058 Latinas
535 2009 635 2071 reperi·
670 2011 813 2072 ratumque
830 2011 899 2059 vilse
917 2023 996 2060 usum
1014 2024 1062 2061 nas
1074 2011 1196 2060 exhorte-

106 2087 148 2134 tur
165 2086 199 2146 (v.
221 2080 344 2146 exempla
361 2081 396 2132 ub
413 2082 526 2133 lioiman
544 2081 634 2132 Peert·
671 2086 727 2144 tur,
746 2083 867 2134 indicetis
885 2083 979 2134 saliem
997 2084 1103 2135 duobus
1120 2085 1195 2134 simi-

106 2159 185 2223 lemp
203 2157 330 2208 collecte:
349 2158 396 2207 Or.
410 2159 484 2207 Pont.
503 2156 528 2216 4,
548 2157 572 2213 3.
591 2157 631 2206 448.
671 2157 739 2208 libus
761 2159 851 2221 Eurip.
875 2157 972 2208 Alcest.
996 2159 1052 2208 782.
1071 2158 1148 2208 Dind.
1169 2161 1196 2208 et

106 2237 164 2283 Am.
185 2235 209 2290 4,
230 2233 271 2293 44,
291 2233 346 2282 ii:
364 2233 433 2282 oum
450 2232 552 2294 taqrror,
571 2233 634 2280 itera
671 2231 792 2282 Palladee
819 2231 923 2282 Anihol.
950 2231 1002 2282 Pul.
1031 2233 1061 2282 ll.
1085 2247 1112 2296 p.
1136 2233 1192 2281 339.

107 2309 180 2372 sapit.
208 2309 315 2357 Peirou.
327 2305 367 2356 99.
386 2308 485 2357 Ausou.
498 2307 558 2356 lios.
572 2305 633 2368 att),
671 2307 803 2357 subiicere
821 2305 955 2356 orientalis
967 2319 1073 2370 quoque
1092 2307 1195 2370 sepien-

108 2385 140 2432 ui
155 2394 238 2446 prope
255 2379 430 2445 proverbialis
448 2380 529 2431 luisse
545 2379 635 2430 videe-
670 2383 722 2432 tiee
740 2382 876 2445 specimen
900 2382 979 2430 iuvet.
1016 2381 1192 2470 Ecclesiastic.

108 2459 152 2506 tur
176 2458 226 2506 hae
252 2457 493 2542 significationen
481 2456 552 2505 «hoc
576 2456 633 2518 ipso
672 2457 711 2518 44,
743 2451 869 2522 iterur>
897 2451 1104 2528 ἀφυστερήσῃς
1134 2449 1194 2504 ἀπὸ
1276 2495 1281 2506 ,

107 2533 235 2595 temporis
246 2517 346 2594 puncto
364 2533 444 2593 etque
457 2529 533 2592 longe
546 2531 631 2584 eitius
670 2525 816 2598 aiyaririg‘
799 2533 917 2616 emper,
936 2532 985 2581 κα4
1001 2529 1194 2604 μερ4ςέπιθυ-

107 2619 185 2668 quern
202 2609 232 2656 tu
249 2603 395 2656 arbitreris.
401 2621 413 2648 r
428 2631 456 2639 -
473 2603 575 2667 strperit]
594 2603 634 2652 lu·
670 2609 740 2673 μὶας
760 2602 876 2673 ἀγαθῆς
896 2603 938 2672 μή
961 2622 994 2657 σε
1019 2604 1192 2678 παρελθέτω.

107 2683 194 2730 44444411]
207 2681 340 2730 exactum
360 2679 519 2729 SicLucrei.
534 2677 557 2734 3
569 2678 631 2726 927:
670 2682 810 2746 Tharepha
832 2681 974 2745 Reiskiip,
997 2683 1043 2732 25:
1073 2683 1139 2731 Heus
1157 2687 1194 2742 tn,

108 2754 185 2804 ireois
200 2755 242 2802 hie
262 2753 415 2817 estimetur
429 2752 557 2810 semanim
579 2753 634 2801 lam
671 2758 714 2820 qni
733 2771 773 2806 me
793 2759 931 2820 coeperas,
958 2759 1024 2819 qnasi
1049 2758 1130 2806 adsim
1149 2771 1195 2806 oa-

108 2829 219 2890 [oerit,
246 2841 326 2890 neque
346 2833 403 2891 post
423 2841 536 2889 anquam
559 2841 634 2876 revo-
670 2833 822 2895 iemalibus,
852 2847 886 2882 an
914 2837 942 2882 tu
965 2833 1131 2882 immortalem
1156 2845 1195 2881 me

108 2917 164 2953 Μ
186 2903 277 2952 lm·
313 2903 427 2966 (Pfflliffl
450 2905 475 2963 5!
495 2901 555 2952 ⁴53²
578 2901 631 2964 MC,
666 2907 827 2972 praestatis?
867 2909 958 2958 Fatmn
985 2909 1007 2957 si
1031 2909 1124 2970 petiere
1145 2921 1195 2956 non

109 2979 171 3038 444044
195 2979 300 3038 lilium,
329 2977 386 3026 47464
410 2976 465 3040 444)
490 3004 518 3012 -
545 2977 634 3026 Invida
666 2990 748 3048 potes,
783 2985 836 3033 sine
862 2984 936 3032 meaa
965 2984 1128 3044 praeveniam
1157 2994 1193 3042 eo,

110 3053 196 3102 eutem
215 3053 258 3102 est
275 3053 359 3108 uetes.
381 3053 512 3114 quatenus
530 3050 634 3100 diutur-
670 3061 736 3122 quod
751 3071 842 3108 mapsa
858 3070 915 3107 ma
928 3058 1043 3119 possidet,
1071 3083 1085 3092 .
1102 3084 1117 3093 .
1136 3055 1195 3106 sine

109 3139 156 3176 uae
189 3125 332 3188 voluptatis
365 3138 474 3175 usuram
509 3125 631 3187 deneget.
669 3139 709 3176 me
725 3129 800 3186 caput
820 3137 890 3173 mere
910 3123 1024 3184 inplere,
1047 3123 1107 3170 dien
1126 3122 1192 3182 ciue,

111 3201 204 3262 σθω-ρο
220 3201 299 3262 igitur
315 3200 381 3248 diem
398 3200 458 3262 (non
476 3202 530 3249 tem
542 3201 572 3249 ut
583 3199 633 3248 llo-
668 3205 748 3260 emta,
770 3213 802 3248 ne
822 3199 896 3246 nimis
913 3209 1009 3258 pernen
1027 3197 1098 3244 nivers
1123 3197 1194 3260 inpe-

112 3287 166 3325 rem
182 3274 226 3325 vei
244 3275 361 3324 trucium
381 3276 528 3334 maturum,
552 3287 633 3337 quam
667 3289 734 3324 rom.
773 3275 817 3322 Vir
832 3271 921 3321 nobilis
937 3271 1018 3320 adine
1038 3271 1110 3320 mosis
1125 3271 1194 3334 ripat

113 3349 262 3400 uidieimus
279 3348 374 3410 meniu,
392 3349 634 3410 etimnoiamcar-
668 3361 706 3408 se,·
740 3361 799 3397 aras
825 3359 969 3412 copnosces,
999 3349 1055 3409 qun
1081 3351 1193 3395 nostrrnn

110 3435 165 3482 pere
188 3437 251 3476 cum
273 3423 417 3476 celeriieiis
439 3423 554 3486 notione)
581 3437 632 3475 nec
667 3427 782 3474 marinus
797 3423 873 3472 sitiat.
