3080 4980
290 439 330 502 48
676 441 804 492 nomm
824 439 993 494 clamitent

458 600 523 664 Nos
545 597 705 672 convivia,
729 617 789 662 nos
812 596 935 684 proelia
959 597 1118 684 virginum

461 718 564 786 Sectis
587 718 618 782 in
641 717 775 784 iuvenes
799 717 961 804 unguibus
984 717 1107 784 acrium

460 840 633 906 Cantamns
655 839 770 915 vacui,
794 839 863 905 sive
886 839 966 926 qnid
988 839 1127 912 urimur,

543 962 613 1026 Non
634 971 764 1047 praeter
786 959 914 1026 solitum
937 959 1035 1026 leves.

355 1161 394 1210 tc.
416 1159 500 1224 Sectis]
519 1159 618 1209 Sitictis
634 1159 718 1210 nenti.
738 1159 806 1210 conl.
828 1185 855 1194 -
878 1159 917 1208 l9.
937 1159 1004 1220 qnod
1020 1159 1047 1209 L.

289 1339 388 1388 simum
400 1338 468 1386 inter
478 1334 606 1387 Achillem
619 1339 647 1385 et
657 1335 814 1385 Diomedem
852 1336 920 1386 coni.
938 1337 1030 1385 strictis
1046 1336 1137 1386 nescio
1154 1335 1218 1399 quid
1235 1335 1319 1386 habet
1335 1336 1378 1386 iu-

290 1412 447 1471 memorari,
471 1424 523 1460 non
546 1410 696 1473 cogit-arunt
716 1423 814 1460 nomen
851 1410 915 1460 riale
942 1413 969 1462 et
994 1413 1108 1474 agreste.
1149 1411 1249 1462 Verum
1270 1413 1328 1475 ipse
1351 1413 1377 1461 in

289 1500 417 1537 sonorum
435 1485 555 1536 consulto
567 1484 702 1536 delectum
720 1498 781 1535 esse
799 1499 814 1535 a
852 1487 928 1537 Curis
937 1486 1088 1536 novissimis
1096 1484 1225 1536 librorum
1234 1485 1377 1536 lectionem

289 1565 377 1625 pocta.
407 1560 656 1610 sedconleretiam
669 1561 813 1623 eiusqnasi
851 1562 986 1623 ingenioso
1012 1573 1061 1611 suo
1087 1562 1190 1610 somnio
1217 1561 1377 1625 praetulisse

289 1629 438 1706 ἀριστείαν
464 1635 492 1686 ll.
519 1649 542 1696 e,
566 1634 606 1685 59.
639 1661 666 1671 -
697 1635 814 1685 Minerva
850 1635 965 1685 videtur.
1011 1635 1132 1685 ltluseum
1162 1636 1218 1686 crit.
1249 1634 1375 1686 Cantaba.

288 1712 417 1760 adiutrice
444 1709 587 1761 Diomedes
612 1706 728 1774 δαίμονι
749 1704 814 1772 ἶσος
852 1708 998 1772 tett.1.p.
1012 1707 1072 1758 tat:
1094 1708 1178 1759 «Ordo
1191 1712 1262 1770 est»,
1281 1711 1374 1773 inquit,

290 1786 369 1846 (lliad.
392 1800 415 1846 ε,
438 1783 505 1846 884.)
540 1785 674 1834 Venerem
696 1786 724 1833 et
744 1785 814 1835 llar-
852 1785 971 1832 «maen
987 1784 1015 1832 tn
1031 1785 1131 1832 invenes
1149 1783 1274 1846 nequibas
1290 1787 1375 1834 sectis:

288 1865 343 1910 tem
360 1859 514 1909 volneravit.
550 1857 622 1908 lliad.
642 1873 665 1918 a,
684 1858 740 1908 335.
776 1860 814 1908 Ex
851 1871 933 1920 quam
950 1856 1083 1920 volgatam
1095 1856 1236 1908 lectionem
1249 1859 1377 1910 emenda-

288 1933 434 1998 postenore
453 1931 540 1982 tabula
559 1932 665 1982 Pindon.
681 1935 757 1982 Nem.
772 1934 811 1995 lo,
851 1933 913 1982 tioni
931 1934 1037 1982 nostrae
1054 1932 1208 1996 praeiemnt
1225 1946 1328 1995 omnes,
1347 1936 1377 1983 ut

288 2009 315 2056 7:
356 2002 503 2072 Διομήδεα
536 1999 686 2077 ἄμβροτον
719 2001 813 2070 ξανθά
850 2010 940 2057 narrat
957 2007 1095 2059 Messius.»
1113 2007 1193 2058 Addit
1209 2007 1307 2058 editor:
1328 2011 1376 2058 att

288 2097 357 2132 ποτε
373 2079 544 2144 Γλαυκῶπις
560 2073 650 2147 ἔθηκε
666 2077 745 2132 θεόν.
850 2082 905 2131 Tib.
915 2082 1139 2138 llemsterhustus‚
1153 2084 1220 2133 teste
1230 2083 1373 2146 Wagnero‚

322 2158 361 2206 tt.
383 2157 421 2207 ta.
442 2157 550 2220 proelia]
575 2155 685 2207 «faciles
706 2159 734 2206 et
754 2154 813 2221 ple·
849 2155 958 2207 Bentleii
971 2152 1148 2226 κατόρθωμα
1160 2155 1375 2207 adolescentibus

287 2245 402 2295 rumque
416 2232 490 2282 fictas
502 2232 572 2281 rixae
584 2233 812 2292 interementes»
850 2233 876 2281 in
899 2229 1050 2294 exemplum
1073 2233 1162 2284 certae
1184 2232 1289 2282 critices
1310 2245 1376 2295 pm·

288 2307 380 2370 quales
403 2308 533 2370 significat
553 2309 672 2371 Propert.
694 2307 719 2366 3,
739 2307 763 2368 8,
782 2308 810 2356 e:
849 2319 950 2369 ponere
972 2304 1104 2356 solebat.»
1143 2307 1270 2357 Ceterum
1295 2307 1374 2370 iunge

289 2383 323 2431 l'a
338 2397 398 2432 vero
413 2387 512 2431 timeres
528 2371 719 2433 cominando
734 2383 814 2444 capil-
848 2381 976 2444 virginem
1004 2381 1030 2430 in
1055 2381 1154 2431 invenes
1182 2382 1281 2430 mam
1305 2382 1375 2431 matis

287 2459 336 2516 tos,
359 2458 392 2505 m
411 2470 469 2506 mea
488 2457 605 2520 formosis
624 2455 750 2520 cnyaibas
766 2469 814 2506 ora
851 2455 957 2517 (tamen)
976 2455 1108 2518 uocatam,
1131 2469 1192 2517 non,
1205 2458 1235 2506 ut
1246 2454 1372 2518 nonnulli,

287 2536 362 2588 ποίας
380 2534 408 2580 et
424 2531 499 2580 Ovid.
512 2532 570 2580 Am.
591 2533 615 2590 l,
634 2532 659 2591 5,
679 2531 722 2580 te:
742 2545 813 2580 man-
848 2530 963 2579 ecclisia
982 2529 1089 2580 invenes.

287 2619 335 2668 que
363 2607 399 2654 ita
422 2611 566 2668 pugnaret,
593 2610 723 2668 tamquam
749 2619 814 2668 quac
883 2604 922 2654 te.
943 2606 1017 2655 «Sive
1034 2605 1112 2654 vacui
1124 2617 1218 2656 sumus
1233 2603 1267 2654 ab
1280 2617 1372 2655 amore

285 2682 385 2730 vincere
400 2679 482 2730 nodet.
504 2707 531 2716 -
561 2680 646 2744 Sectis]
665 2681 694 2730 ut
710 2679 813 2744 puellas
849 2679 905 2729 sive
922 2692 1015 2729 amore
1033 2679 1186 2743 flagramus,
1209 2693 1240 2728 ex
1258 2693 1373 2730 consue-

286 2755 401 2805 mundas
419 2753 512 2813 decet;
531 2755 570 2804 sic
587 2757 676 2805 tamen
695 2756 812 2806 inermes
850 2754 940 2805 tudine
957 2756 1030 2805 omni
1047 2757 1167 2818 tempore
1180 2754 1231 2804 hac
1248 2755 1274 2803 in
1294 2768 1324 2804 re
1336 2755 1374 2804 in·

287 2843 319 2880 ac
336 2830 445 2879 minime
458 2829 639 2880 formidandae
652 2830 749 2879 acriter
760 2842 813 2878 nn·
849 2831 1010 2891 constantes,
1030 2833 1168 2880 cantamus
1186 2831 1254 2879 cet.»
1281 2831 1372 2879 lecese

287 2903 383 2966 galbas
405 2904 560 2953 minitantur
581 2905 650 2954 inter
669 2903 764 2968 pocula
786 2905 813 2954 et
849 2903 971 2954 dilectata
988 2905 1040 2954 hac
1050 2903 1156 2954 levitate
1168 2905 1267 2968 optime
1286 2906 1371 2966 cavet,

287 2978 416 3029 ioculares
442 2979 521 3029 rixas.
556 2979 596 3028 Ad
616 2980 701 3029 totum
719 2981 812 3029 autem
848 2991 882 3027 ne
894 2979 1007 3042 lgn‘ppa
1026 2979 1134 3042 grandia
1152 2991 1183 3027 ac
1199 2979 1268 3027 seria
1280 2977 1314 3027 ab
1326 2979 1373 3029 ho-

286 3055 410 3104 carminis
431 3051 570 3104 consilium
592 3054 745 3118 aptissimus
771 3055 812 3104 est
848 3053 920 3102 mine
947 3053 1083 3105 amoribus
1104 3053 1182 3103 unice
1208 3052 1298 3103 dedito
1324 3065 1372 3104 ex-

286 3131 391 3180 iocosus
408 3128 451 3179 hic
469 3129 568 3187 exitum
590 3125 701 3179 Bentleii
719 3130 810 3178 contra
847 3129 959 3191 spectet.
