2992 4978
289 411 351 473 titii
680 408 808 458 uonlru
826 409 993 458 clnuruuu

648 881 1015 943 cmm·

458 1050 604 1119 Herculis
627 1052 688 1116 ritu
712 1050 809 1116 modo
833 1049 952 1126 dimne,
977 1071 997 1115 ο
1019 1049 1127 1137 plebe,

354 1223 417 1273 XlV.
438 1225 520 1272 inscr.
539 1222 608 1286 volg.
626 1223 664 1272 Ad
677 1223 798 1284 populum
815 1223 970 1281 limosum,
989 1222 1071 1272 etsie
1089 1222 1136 1272 BT.
1159 1249 1186 1258 -
1198 1221 1237 1271 tu
1253 1223 1338 1271 Roran-

322 1311 382 1346 amre
395 1298 517 1360 populum
533 1299 558 1346 S.
592 1325 618 1332 -
650 1297 747 1346 Civibus
763 1297 789 1344 ia
806 1298 945 1359 depastum
968 1296 1002 1345 bc
1025 1291 1048 1354 (c
1065 1295 1151 1346 eddit:
1173 1297 1292 1346 uictores
1308 1311 1338 1346 ao

321 1373 443 1434 Hispania
462 1371 623 1435 redeuntem).

320 1523 385 1573 xlv.
416 1521 663 1582 «Quemadmodum
685 1519 812 1570 Hercules
849 1518 972 1580 relativa,
992 1533 1072 1583 quam
1091 1520 1195 1582 dieunt,
1215 1523 1314 1572 ratione
1325 1535 1367 1570 ac-

289 1609 395 1647 summa
426 1609 487 1645 cum
517 1595 668 1646 tortitudine
697 1597 811 1644 mortem
850 1594 1002 1658 cipiendum
1031 1597 1086 1654 est,
1123 1609 1200 1646 neum
1226 1598 1366 1660 susciperel

288 1683 419 1735 spernens
441 1669 551 1719 devietis
569 1670 694 1720 monstris
711 1669 812 1731 sempi-
849 1669 1044 1732 expeditionem
1062 1671 1088 1719 et
1105 1670 1170 1720 dum
1186 1685 1218 1720 ea
1231 1672 1367 1736 occupatus

288 1747 391 1794 ternam
402 1743 511 1808 gloriam
523 1744 572 1794 sibi
583 1744 695 1808 peperit,
714 1743 811 1793 eodem
849 1745 921 1802 erat,
948 1742 1101 1806 usquedum
1123 1745 1157 1794 de
1175 1746 1296 1808 proximo
1313 1745 1365 1794 eius

288 1821 376 1870 animo
401 1831 481 1868 usum
507 1821 652 1880 Angustum
678 1831 731 1866 non
753 1817 810 1866 sine
848 1817 934 1866 reditu
958 1819 1023 1867 certi
1045 1831 1193 1869 essemus.»
1230 1820 1313 1869 Breve
1330 1823 1367 1868 est

288 1894 360 1956 gravi
372 1891 490 1957 periculo
500 1892 697 1956 expeditionem
708 1893 735 1940 in
745 1893 812 1941 Can·
849 1892 875 1940 id
896 1893 1015 1955 tempus,
1047 1894 1173 1955 quoniam
1194 1896 1303 1958 praeter
1325 1905 1367 1942 ex-

288 1967 378 2017 tahros
396 1967 560 2029 suscepisse,
579 1965 706 2024 libenter,
726 1979 741 2014 o
759 1967 812 2014 Ro-
848 1967 1041 2030 spectationem
1084 1981 1154 2017 nunc
1196 1969 1307 2018 transiit.
1342 1993 1365 2002 -

288 2042 374 2100 meni,
402 2053 609 2103 agnnvemmnm
640 2053 710 2090 nunc
726 2040 811 2090 victor
847 2042 934 2105 dicim]
960 2043 1061 2101 «Quem
1084 2041 1172 2106 paullo
1195 2045 1257 2093 ante
1280 2053 1366 2093 omnes

289 2116 367 2166 rediit
393 2117 424 2178 (a.
447 2129 473 2165 u.
495 2129 519 2165 c.
542 2117 598 2165 729.
628 2117 741 2165 exeunte
768 2115 810 2165 vel
847 2117 973 2167 dicebant
1004 2117 1029 2166 in
1056 2115 1240 2167 difficillimam
1268 2130 1299 2168 ee
1322 2128 1366 2179 pe-

289 2191 346 2241 730.
365 2192 482 2242 ineunte.
502 2191 554 2241 Clr.
568 2191 670 2241 Weber
684 2192 771 2240 Horon
782 2203 808 2254 p.
848 2191 990 2241 siculorum
1013 2190 1120 2256 plenam
1138 2191 1292 2254 proiectum
1313 2203 1366 2241 esse

288 2267 383 2329 ieis..
410 2266 495 2316 Animi
516 2265 810 2328 causasignisicandum
848 2265 1060 2330 expeditionem,
1093 2268 1122 2315 ut
1153 2266 1243 2316 lacere
1271 2263 1366 2317 solebat

287 2340 391 2389 videtur
407 2342 491 2390 lotum
508 2341 560 2389 hoc
577 2353 686 2390 carmen
704 2342 811 2391 lloratio
848 2339 1003 2390 Hercules.»
1019 2367 1046 2376 -
1059 2354 1074 2388 o
1082 2339 1159 2402 plebs]
1172 2340 1365 2403 significatione.

287 2414 467 2464 abiudicatum
492 2427 552 2464 esse
575 2415 608 2464 ab
627 2415 733 2465 Editore
752 2416 811 2465 Lei·
847 2419 877 2465 ut
893 2417 927 2465 ita
946 2415 1052 2474 dicam,
1078 2413 1175 2475 nobili,
1205 2419 1236 2465 ut
1262 2417 1302 2466 est
1317 2413 1367 2464 lor-

287 2488 371 2538 densi.
404 2487 542 2550 (acarmen
566 2489 593 2548 3,
619 2489 658 2539 li.
686 2491 810 2538 aServio
848 2489 919 2540 mula
942 2489 1013 2552 apud
1037 2489 1091 2538 Cic,
1110 2502 1160 2552 pro
1177 2490 1246 2540 liiur.
1267 2491 1297 2540 l:
1322 2501 1367 2550 po-

288 2563 460 2624 Cherisioque
481 2564 589 2611 citatum
610 2576 663 2612 non
689 2564 809 2626 spurium
843 2565 905 2626 pulo
921 2563 1036 2626 plebique
1054 2565 1189 2613 iioomaoe.
1218 2565 1365 2626 Eademque

288 2638 413 2702 equidem
436 2636 617 2700 Peerlkampio
639 2642 748 2688 auctore
769 2638 810 2688 di·
847 2637 958 2688 formula
972 2638 1099 2688 estVerr.
1113 2639 1141 2698 5,
1159 2636 1199 2698 ii,
1214 2639 1267 2698 36..
1286 2639 1309 2687 in
1321 2640 1366 2686 tu-

287 2726 350 2763 cere
361 2713 461 2772 ausim,
480 2711 528 2762 sed
541 2715 630 2761 tamen
647 2725 756 2776 prorsus
770 2713 810 2763 in·
847 2715 916 2776 gusti
933 2715 1092 2762 testamento
1109 2713 1189 2762 Tacit.
1215 2717 1283 2763 Anu.
1297 2713 1320 2770 i,
1332 2711 1363 2764 8..

287 2789 396 2852 dignum
408 2786 496 2837 habeo
508 2785 551 2837 illo
563 2791 655 2851 poeta¹
675 2789 720 2850 qui
732 2787 809 2838 simili
847 2787 912 2837 Plin.
931 2788 1027 2849 Peneg.
1046 2787 1086 2836 32.
1107 2787 1169 2848 (Cir.
1187 2787 1291 2838 Becker
1301 2789 1363 2836 dem.

286 2875 351 2912 usus
373 2865 531 2924 argumento
555 2861 723 2926 praeclarum
747 2861 809 2912 illud
846 2862 947 2912 Alterttr.
969 2862 999 2911 il.
1020 2862 1043 2910 l.
1062 2875 1087 2924 p.
1106 2861 1172 2923 ⁴37.)
1193 2862 1262 2912 ilinc
1276 2863 1364 2926 poetae

287 2937 405 2987 condidit
426 2949 535 2986 carmen
558 2935 587 2996 i,
612 2939 654 2986 5.»
684 2937 808 3001 Senium.)
847 2935 903 2988 solo
919 2949 945 2985 v.
960 2935 1029 2997 plebs
1050 2947 1099 2998 pro
1118 2933 1218 2998 populo
1237 2937 1273 2984 uti
1295 2939 1365 2999 pote-

286 3012 370 3062 Etiam
395 3011 560 3061 Eichstadius
590 3012 808 3070 severissimum.
847 3011 916 3070 rant,
940 3012 969 3059 ut
985 3010 1028 3059 hic
1051 3009 1172 3059 iioretius
1190 3012 1218 3059 ct
1235 3011 1304 3073 Virg.
1322 3010 1362 3058 Ge.

286 3087 369 3137 immo
390 3084 479 3150 paullo
495 3086 610 3148 iniquius
628 3085 662 3135 de
681 3087 731 3136 hnc
749 3100 810 3136 car·
846 3087 874 3144 2,
894 3085 956 3134 509:
975 3085 1022 3133 Per
1037 3097 1151 3134 euneos-
1163 3085 1363 3146 -piebisqirepn-

287 3163 357 3212 mine
383 3160 508 3210 iudicium
540 3161 602 3210 lecit
626 3161 651 3209 in
681 3161 806 3210 Paradox.
846 3166 968 3221 imamque.
999 3159 1030 3208 Et
1046 3157 1110 3208 laisa
1128 3159 1239 3209 omnino
1257 3159 1364 3209 estlios·

286 3235 374 3286 liorat.
399 3235 440 3284 lii.
474 3235 528 3297 Ego
550 3234 613 3298 quid
637 3235 670 3284 de
692 3248 725 3284 eo
746 3248 809 3284 sen·
846 3235 927 3286 schae
945 3234 1144 3296 interpretatio:
1173 3235 1208 3282 ιο
1228 3232 1294 3284 levis
1312 3229 1363 3296 ple·

287 3310 363 3370 tiam,
376 3307 459 3359 libere
472 3308 630 3372 profitebor:
651 3308 736 3360 Probe
749 3324 810 3373 per·
845 3307 953 3368 becula,
972 3321 1054 3370 quem
1067 3307 1147 3358 modo
1159 3307 1292 3360 credebas
1304 3308 1363 3356 ller-

286 3384 417 3448 spioiebat
450 3384 572 3434 lioratius
598 3386 754 3447 exspectare
783 3389 809 3434 et
846 3383 912 3434 culis
932 3383 983 3432 ritu
1008 3381 1129 3432 venalem
1150 3385 1238 3432 morte
1267 3381 1362 3432 laurum

286 3461 433 3522 Augustum
450 3459 539 3522 ipsum
552 3460 580 3507 et
590 3461 695 3508 ceteros
708 3460 808 3510 amicos
844 3459 970 3524 petivisse
988 3459 1014 3506 et
1028 3458 1054 3507 in
1066 3458 1212 3520 perniciem
1223 3465 1362 3522 properare

286 3545 395 3582 carmen
412 3533 437 3582 in
455 3532 591 3582 redeuntis
608 3533 809 3584 victorishono·
845 3547 935 3594 suam,
970 3546 1034 3582 eece
1061 3531 1149 3582 salvus
1175 3535 1202 3582 et
1227 3533 1311 3581 victor
1334 3539 1361 3576 ex

286 3619 361 3664 rem;
385 3607 474 3670 itaque
491 3619 525 3656 ne
544 3605 631 3658 dicam
648 3607 740 3668 invita,
759 3610 808 3658 sed
846 3607 969 3672 iilspania
987 3606 1057 3656 redit
1068 3609 1072 3654 l
1083 3623 1095 3648 u

285 3685 375 3731 tamen
393 3680 465 3729 haud
481 3682 558 3732 nimis
570 3683 681 3746 propitia
693 3684 808 3734 Minerva
878 3684 902 3732 2.
929 3683 1011 3732 diorie
1031 3681 1126 3730 uenalis
1143 3681 1184 3729 est
1208 3681 1297 3729 inme
1312 3677 1361 3727 siue

285 3755 366 3805 talem
383 3753 417 3803 ad
429 3753 629 3816 gratulationem
646 3771 706 3807 sese
719 3759 809 3808 aecio·
845 3755 1010 3819 triumphus,
1042 3757 1186 3817 quatenus,
1225 3755 1270 3817 qui
1297 3752 1361 3802 hune

286 3831 338 3887 xit;
366 3831 393 3886 at
417 3827 576 3890 simulatque
600 3829 686 3879 officio
702 3830 808 3882 iunctus
846 3830 960 3895 appetit,
980 3826 1232 3892 mortisperioulum
1244 3823 1361 3877 tertiani

285 3906 339 3961 est.
368 3902 428 3952 iude
451 3915 466 3951 a
490 3916 514 3950 v.
539 3904 578 3952 te.
602 3902 693 3953 solitae
717 3904 808 3955 hilari·
845 3905 990 3956 molacere
1007 3903 1096 3954 dehet.
1127 3898 1358 3954 Contrariomodo

285 3981 330 4030 tati
348 3977 415 4028 ultro
433 3991 462 4028 se
480 3976 566 4026 tradit.
844 3979 1034 4041 significatione
1055 3977 1150 4028 eadem
1167 3977 1236 4040 Virg.
1258 3979 1319 4026 Aen.
1337 3973 1358 4026 ⁹.

317 4056 341 4104 i.
368 4053 481 4104 Heredis
496 4051 562 4115 ritu]
587 4053 658 4101 llaec
675 4066 717 4102 vv.
737 4052 807 4104 nullo
844 4053 906 4102 205:
920 4053 1026 4112 Estiio,
1039 4051 1359 4102 atantmmtucnennter

285 4132 362 4194 pacto
377 4127 477 4193 virgula
494 4127 647 4192 interposita
664 4129 731 4178 trahi
743 4142 807 4192 pos·
842 4133 901 4190 ptor
925 4132 948 4177 et
972 4128 1046 4176 istmn
1070 4127 1118 4188 oni
1138 4127 1193 4176 oitn
1208 4125 1267 4175 beree
1281 4121 1359 4174 metet

285 4208 346 4256 sunt
371 4203 405 4253 ad
431 4217 473 4252 vv.
500 4204 596 4253 comer
619 4204 732 4264 Hispone
755 4205 805 4252 cet.
845 4204 908 4264 erui,
928 4216 977 4266 quo
993 4203 1089 4262 tardis,
1107 4201 1233 4252 tenorem.
1260 4193 1355 4260 Quintil.

286 4279 618 4332 eumlanioetlionichio,
639 4305 665 4314 -
690 4277 720 4326 V.
735 4278 808 4328 modo
845 4279 874 4339 9,
892 4279 921 4328 5:
951 4277 1018 4327 Emit
1042 4281 1121 4327 morte
1145 4273 1354 4326 immensitatem
