2992 4978
669 492 671 498 ,
690 440 818 489 ttonnttt
836 438 1004 490 cnnntnult

685 913 920 977 (im
947 913 1001 972 X·

471 1069 654 1134 Extremum
677 1067 794 1132 Tanain
818 1066 844 1130 si
867 1063 1011 1138 biberes
1036 1064 1140 1152 Lyce,

471 1190 575 1254 Saeva
598 1197 696 1275 nupta
718 1187 803 1262 viro,
829 1206 879 1250 me
903 1193 1009 1250 tamen
1027 1204 1161 1270 asperas

470 1313 658 1377 Porrectum
679 1319 752 1374 ante
774 1307 861 1373 lares
883 1305 1025 1372 abiicere
1050 1305 1161 1372 ineolis

555 1430 703 1497 Plarares
725 1427 946 1515 Aquilonibus.

367 1615 397 1663 li.
417 1615 499 1662 inser.
512 1610 581 1675 vulg.
600 1611 638 1660 Ad
653 1612 748 1671 Lycen,
772 1610 800 1658 et
815 1608 853 1657 sie
870 1607 953 1657 Cadd.
971 1607 1033 1656 mei.
1049 1629 1076 1640 -
1090 1606 1115 1655 2.
1134 1617 1239 1668 asperas
1255 1617 1305 1654 am.
1321 1605 1346 1653 Τ.

337 1715 363 1724 -
383 1687 407 1737 3.
420 1689 559 1737 Proiectm
571 1684 655 1735 Bentl.
675 1685 743 1734 coni.
765 1712 792 1719 -
812 1684 906 1734 abiens
924 1684 971 1734 Bd.

335 1848 365 1896 li.
387 1847 433 1896 Est
450 1841 827 1914 quodammodanaaanltaa-
864 1845 909 1906 qui
933 1843 960 1893 in
986 1843 1093 1905 Scythia
1118 1840 1199 1891 veluti
1226 1839 1376 1892 domicilium

303 1919 439 1989 οίθνρον,
466 1932 521 1968 nan
538 1921 626 1968 tamen
645 1919 758 1978 iustum,
786 1919 828 1980 (ut
864 1929 944 1969 suum
961 1917 1087 1968 habent.»
1483 1953 1484 1974 ,

303 1995 375 2060 apud
399 1993 531 2057 arataph
559 1991 661 2043 Eceles,
680 1993 737 2042 960.
761 1992 827 2042 ada-
897 1993 921 2041 s.
946 1991 971 2042 6.
997 1989 1097 2054 nemus]
1119 1989 1275 2040 viridarium
1301 1989 1376 2053 (aidus
1483 1979 1484 2056 l

302 2069 427 2120 lescentis
452 2066 529 2118 illud:
559 2061 650 2137 Δεῦρο
678 2061 713 2130 δὴ
742 2061 827 2137 δεῦρο
865 2079 949 2129 genus
974 2078 1070 2116 nemus
1095 2064 1172 2129 volgo
1197 2067 1288 2116 rituam
1307 2075 1378 2114 vare·
1483 2057 1484 2098 3

302 2140 354 2210 δή,
379 2143 436 2194 Kal
452 2138 489 2192 ad
506 2155 558 2206 μοι
579 2138 765 2212 madianaei
784 2165 792 2185 ι
812 2138 824 2191 ll
864 2139 943 2203 bant)
969 2141 996 2190 in
1016 2140 1114 2190 damus
1136 2139 1266 2206 impluvio
1288 2137 1378 2204 planit-

303 2234 344 2270 σα
359 2214 413 2284 τὴν
430 2213 523 2288 θύραν
540 2210 659 2280 ἄνοιξον
682 2213 778 2281 Triari·
802 2217 829 2266 rt
865 2217 930 2266 tum.
950 2215 1016 2280 Epp.
1034 2216 1063 2276 4,
1082 2215 1126 2276 40,
1145 2215 1191 2264 22:
1217 2214 1379 2276 Nmspsinter
1483 2237 1484 2272 3

302 2294 334 2346 δὲ
350 2290 402 2359 μή,
421 2289 592 2344 κο44απεσών
602 2291 760 2356 κείσομαι.)
777 2305 827 2342 nee
863 2291 952 2340 uarias
963 2291 1076 2340 nutritur
1086 2289 1298 2339 ahacatumnas.
1311 2289 1379 2337 Pseu

303 2370 360 2420 sine
392 2369 475 2418 ironia
507 2367 623 2430 quadam
655 2366 744 2418 iuncta
776 2367 828 2416 mi·
865 2362 947 2413 dotih.
961 2363 990 2426 3,
1009 2363 1039 2422 3,
1060 2364 1104 2412 ta:
1132 2364 1165 2412 lit
1180 2377 1287 2413 amara
1302 2363 1326 2411 in
1341 2361 1379 2408 da

304 2444 345 2494 nis
370 2455 400 2491 se
426 2442 582 2503 neutiquam
606 2453 715 2505 semper
742 2442 827 2502 Lyees
863 2438 945 2488 nitas
960 2451 1045 2488 sacras
1061 2439 1189 2487 imitantia
1209 2437 1286 2488 ineos,
1314 2433 1379 2485 Tales

305 2519 402 2568 tastum
420 2514 592 2566 toleraturum
606 2527 675 2564 esse.
695 2514 759 2564 Tota
770 2527 829 2564 see-
866 2513 945 2564 silvas
963 2511 1097 2562 interdum
1115 2513 1194 2562 etiam
1215 2513 1243 2563 in
1260 2509 1381 2562 tectisha-

304 2604 338 2641 na
356 2589 461 2640 videtur
477 2589 547 2639 licta.
585 2589 710 2652 (Tempus
726 2591 826 2649 autem,
865 2587 979 2648 behant;
1001 2589 1102 2638 Seneca
1120 2588 1167 2651 Ep.
1188 2587 1254 2638 ⁴22:
1278 2587 1331 2636 Nan
1346 2583 1380 2632 ui·
1483 2587 1484 2632 Ξ

304 2679 358 2728 qua
371 2664 548 2728 compositum
560 2664 606 2724 sit,
622 2676 732 2727 prorsus
743 2665 829 2714 incer-
864 2668 926 2713 nant
942 2667 1032 2713 eontra
1052 2668 1187 2723 naturam,
1216 2663 1261 2726 qai
1274 2659 1381 2725 pannis

304 2745 362 2790 tam
379 2739 438 2801 est.)
865 2740 892 2788 in
909 2739 1011 2788 niman
1028 2737 1139 2786 tumidas
1158 2743 1264 2798 sanent,
1287 2745 1382 2798 marna
1483 2739 1484 2772 1

338 2816 361 2863 t.
375 2816 399 2866 t.
421 2813 525 2876 Tanain]
539 2811 829 2875 «amnemhtumscy-
865 2813 942 2863 silvae
959 2814 986 2863 in
1003 2813 1073 2862 tectis
1090 2813 1224 2862 donarem
1241 2825 1273 2861 aa
1287 2807 1382 2874 smtiailt
1483 2825 1484 2878 }

304 2891 374 2940 thiae
392 2902 407 2938 a
425 2891 505 2940 Rama
524 2888 676 2950 longissime
693 2891 828 2938 remotum
865 2886 974 2937 natant?
984 2887 1030 2937 Est
1041 2887 1132 2950 igitur:
1147 2886 1222 2945 «Quo
1232 2878 1383 2949 strepitust
1483 2903 1484 2942 ,

304 2967 326 3014 si
344 2963 478 3022 hiberna
497 2966 526 3013 ut
537 2964 584 3014 Od.
598 2965 628 3023 t,
643 2964 688 3023 aa,
701 2964 747 3014 20:
767 2963 830 3012 tito-
865 2978 899 3014 va
911 2962 1008 3013 damus
1020 2963 1081 3012 tuae
1091 2965 1200 3011 resonet
1211 2964 1383 3028 propterven-

305 3040 514 3101 quaquaestum
533 3037 560 3098 4,
582 3039 627 3097 li,
646 3038 692 3086 st:
713 3039 756 3098 qai
768 3051 830 3099 pra-
866 3035 1221 3098 tosa-snam,consnum,
1233 3035 1384 3100 longepres·
1483 3059 1484 3106 ζ

303 3115 409 3178 fundam
433 3111 697 3172 nundinantium
725 3113 763 3162 nsi
786 3111 828 3162 vel
867 3115 919 3164 stat
929 3110 1030 3174 volgari
1041 3112 1128 3172 atam,
1143 3113 1172 3160 ut.
1182 3113 1259 3161 recte
1272 3103 1383 3159 iudicarit
1483 3141 1484 3164 2

305 3188 441 3251 Scythissa
467 3199 568 3238 esses.»
593 3214 620 3222 -
642 3187 731 3250 Samo]
758 3180 830 3237 ὑπο-
868 3189 948 3238 etiam
965 3187 1087 3236 Heinsius
1104 3185 1249 3235 adversar.
1269 3198 1295 3249 p.
1313 3179 1364 3233 298.

305 3259 426 3324 θετικῶς
443 3263 511 3312 haec
522 3261 690 3326 accipienda:
711 3263 748 3311 nsi
761 3261 830 3311 inter
900 3263 924 3311 t.
939 3261 963 3311 8.
989 3261 1069 3310 Ventis
1086 3257 1183 3320 ablat,
1203 3273 1272 3319 non,
1291 3260 1384 3307 utnon

306 3337 419 3400 Scythas
440 3335 574 3386 habitares
592 3335 696 3397 ibique,
723 3337 753 3386 ut
770 3338 831 3386 sunt
868 3333 1040 3394 nullivalunt‚
1054 3332 1167 3384 dativus.
1182 3333 1236 3384 Ctr.
1249 3333 1382 3394 Virgnen.

305 3411 352 3474 itti,
379 3412 460 3462 ter-aci
486 3413 567 3474 nupta
593 3423 668 3460 esses
696 3411 779 3460 vno.»
801 3439 829 3448 -
869 3411 914 3470 tn,
933 3410 996 3459 itt:
1023 3411 1385 3471 annitnmsmasamnerons·
1483 3457 1484 3464 ¹

305 3487 416 3550 amnas]
437 3499 560 3551 asemper
574 3499 618 3536 me
631 3484 830 3538 excludentes.»
867 3485 912 3548 ait.
937 3511 963 3518 —
994 3481 1035 3534 nd
1054 3495 1129 3546 seqq.
1154 3495 1188 3532 ex
1207 3495 1234 3531 v.
1254 3480 1327 3531 anan
1343 3485 1385 3540 pet

306 3560 389 3625 Epod.
410 3561 454 3620 44,
476 3563 521 3612 tt:
543 3562 644 3611 Limina
660 3563 734 3611 dara.
868 3569 980 3621 zeugma
1006 3555 1085 3607 eliae:
1122 3557 1261 3606 «sentinis
1297 3552 1384 3604 timus-

339 3633 362 3684 3.
377 3633 401 3685 i.
418 3637 569 3699 Parreatam]
590 3634 682 3699 alonge
695 3637 831 3686 extentam
869 3631 940 3684 modi
950 3633 1120 3695 zeugmatum
1129 3628 1230 3680 illustre
1240 3622 1383 3690 exemplum

305 3709 434 3770 humique
449 3711 588 3760 alnetum.»
623 3710 677 3760 Ctr.
691 3709 774 3773 Epod.
789 3709 830 3768 40,
869 3709 911 3758 est
928 3707 1004 3758 llam.
1024 3707 1122 3770 Hymn.
1138 3702 1222 3768 Apoll.
1236 3701 1302 3756 264:
1320 3699 1385 3750 riae

306 3783 346 3831 22.
367 3783 419 3830 Sat.
437 3783 467 3842 Ξ,
486 3781 514 3842 3,
534 3784 590 3832 tte.
613 3783 658 3834 llis
670 3781 831 3833 tribusloeis
869 3778 997 3853 ράοιοθαι
1009 3773 1135 3852 ’Ἅρμαιά
1151 3780 1174 3829 τ’
1193 3771 1385 3842 rainelmum

307 3854 455 3906 Bentleium
467 3854 575 3918 volgare
586 3857 758 3917 narniam
770 3855 833 3906 suh-
869 3851 1027 3906 ὠκυπόδων
1050 3849 1160 3905 κτύπον
1183 3851 1286 3902 ἵππων.
1322 3849 1385 3899 tiano

305 3916 422 3980 stituisie
440 3927 586 3979 dolendum
603 3933 651 3980 est.
674 3931 785 3979 Theocr.
800 3930 828 3992 3,
869 3931 981 3994 liguram
999 3931 1123 3982 reiiciens
1140 3926 1276 3980 Bentleius
1293 3932 1385 3974 asser
1483 3975 1484 3980 ,

306 4007 353 4058 ae:
381 3997 435 4055 οὐκ
454 3995 492 4054 ἔτ’
511 3997 606 4064 ἀείδω,
625 3998 783 4069 Κεισεῦμαι
800 4003 831 4055 δὲ
869 4005 979 4054 tentiam
997 4005 1080 4068 magis
1091 4003 1228 4066 uolgarem
1240 3998 1384 4065 praeterera

307 4075 412 4130 πεσών.
447 4079 629 4130 Aristaenetus
648 4080 676 4141 4,
701 4080 747 4129 20:
776 4094 832 4139 χα-
869 4079 950 4129 Sentis
975 4084 998 4128 et
1022 4077 1096 4129 dedit
1122 4091 1154 4128 ex
1172 4077 1219 4127 0d.
1240 4075 1271 4136 3,
1294 4071 1337 4131 28,
1357 4069 1383 4116 ⁵2

305 4160 454 4221 μαιπετεῖς
479 4149 632 4219 κοιμήσεις
656 4153 704 4206 ἐπὶ
728 4151 832 4226 θύρσος
868 4153 993 4203 lactinare
1006 4151 1135 4204 meridiem
1151 4151 1239 4202 Sentis.
1263 4144 1385 4209 -vott'W
1483 4205 1484 4208 ,

307 4230 462 4280 ποιεῖσθαι.
476 4229 635 4294 -Piarared
650 4229 831 4280 miserereris
868 4233 896 4277 at
906 4229 998 4292 glaciet
1008 4226 1084 4291 nives]
1104 4229 1149 4276 nut
1159 4227 1218 4286 nix,
1237 4235 1307 4288 quae
1318 4215 1383 4270 eaelo

307 4307 397 4358 tamen
418 4319 462 4356 me
484 4305 537 4370 pati
557 4303 638 4368 trigas
655 4301 829 4370 Aquilonum,
870 4301 943 4370 lapsa
968 4305 1008 4354 est
1031 4300 1214 4366 superioribus
1235 4297 1329 4350 diebus
1349 4293 1384 4340 el-
