3012 4978
607 475 609 482 ’
691 459 819 509 nonnuli
837 457 964 508 Erotion

496 619 565 697 Qua
590 616 673 682 serre
696 634 761 680 non
784 611 896 679 molles
918 611 1035 678 viros?

451 744 603 806 Feremus
627 747 658 804 et
681 747 712 802 to
735 735 785 802 vel
810 755 869 822 per
889 733 1017 822 Alpium
1041 734 1113 820 iuga

495 857 723 948 inhospitalem
746 868 778 923 et
801 857 982 923 Caucasum

455 982 508 1048 Vei
533 980 719 1048 Occidentis
741 999 847 1066 usque
870 976 911 1042 ad
934 976 1082 1042 ultimum
1104 976 1209 1041 sinum

495 1105 581 1170 Forti
604 1122 781 1188 sequemur
803 1111 947 1188 pectore.

453 1229 573 1314 Reges.
599 1235 689 1290 tuum
712 1222 823 1289 labore
847 1221 927 1310 quid
950 1221 1057 1286 iuvem
1081 1241 1174 1293 meo,
1336 1219 1376 1284 t5

498 1345 637 1413 Imbeiiis
660 1365 698 1411 ac
720 1343 832 1410 firmus
856 1343 1001 1431 parum?

454 1471 570 1536 Comes
592 1468 716 1533 minore
743 1488 814 1532 sum
838 1465 962 1532 iuturus
986 1466 1017 1529 in
1039 1475 1147 1538 metu,

496 1591 557 1670 Qui
581 1591 683 1655 maior
705 1588 855 1656 absentes
878 1587 996 1665 habet;

353 1821 392 1870 44.
412 1821 489 1880 Quem
506 1815 560 1866 bed
586 1819 613 1866 et
638 1815 759 1880 plerique
785 1815 917 1877 Pottierii,
945 1815 1009 1865 item
1035 1813 1124 1865 nidus.
1153 1813 1222 1876 (Otto
1239 1813 1298 1864 BST
1316 1819 1343 1864 et

320 1897 435 1948 Pettierii
448 1898 458 1945 4
471 1934 477 1955 ,
488 1895 516 1955 3,
527 1895 561 1956 4.)
576 1923 602 1930 -
623 1895 662 1943 ii.
676 1899 699 1944 et
710 1906 763 1943 om.
778 1894 803 1942 d.
820 1919 849 1929 -
864 1892 902 1940 43.
916 1888 1028 1940 letiorem
1039 1889 1058 1938 T
1071 1891 1098 1940 et
1108 1889 1225 1938 Pettierii
1236 1899 1342 1938 omues.

320 1999 349 2009 -
370 1973 409 2021 46.
428 1971 525 2020 inbellis
536 1971 564 2020 T.
581 1996 606 2005 -
628 1969 667 2018 44.
681 1969 728 2018 eim
740 1970 847 2018 auctore
860 1967 890 2016 N.
911 1965 1017 2016 Heinsio
1029 1961 1172 2014 Bentleius.
1187 1989 1217 2000 -
1240 1962 1280 2013 43.
1298 1962 1343 2012 ob-

319 2046 393 2096 seniis
409 2047 435 2094 S.
455 2072 483 2081 -
503 2043 598 2094 Deficit
615 2043 640 2093 in
657 2056 683 2092 v.
704 2041 743 2091 i8.
764 2040 828 2093 Cod.
848 2040 934 2089 mne.
953 2051 1039 2102 usque
1057 2038 1091 2088 ed
1108 2037 1192 2102 Epod.
1211 2037 1244 2096 3,
1263 2035 1303 2086 34.

287 2242 474 2294 Andromacha
500 2241 571 2305 opud
597 2241 650 2292 Cic.
678 2241 754 2290 Tuse.
781 2240 810 2297 4,
850 2235 962 2301 rupibus
987 2235 1138 2299 praeruptis
1168 2233 1306 2284 nidifleere
1332 2247 1377 2283 so-

289 2317 333 2369 ti:
356 2318 421 2378 Vidi,
439 2317 524 2366 uidere
540 2317 607 2377 quod
623 2329 662 2364 me
676 2327 753 2376 passa
767 2325 813 2362 oe-
850 2311 919 2370 iere,
933 2322 1001 2374 quos
1018 2310 1045 2359 in
1061 2308 1135 2359 iocos
1152 2310 1294 2373 serpentes
1311 2306 1377 2358 elle-

287 2405 411 2454 444444,
442 2415 468 2426 -
499 2391 813 2452 tntospitaten-caoee-
850 2385 877 2434 bi
896 2386 939 2434 vix
959 2385 1080 2447 possunt.
1120 2382 1159 2432 nd
1182 2385 1266 2432 totam
1285 2387 1376 2433 autem

289 2466 357 2528 mni]
390 2468 420 2515 ut
444 2465 492 2515 Od.
517 2465 544 2524 4,
573 2466 619 2524 ii,
647 2465 671 2514 o.
711 2465 813 2514 Seneca
850 2459 994 2522 imaginem
1011 2458 1058 2508 eir.
1072 2457 1172 2509 Moschi
1193 2453 1320 2516 [(4.4,44
1336 2470 1377 2520 sq.

289 2540 396 2601 Thyest.
422 2538 498 2588 tuiti:
528 2538 683 2599 inhospitalis
708 2539 814 2588 Caucasi
849 2533 1009 2598 praesertim
1032 2545 1058 2581 v.
1077 2533 1124 2582 ee:
1149 2526 1178 2598 (ἡ
1197 2525 1287 2602 ὅρνις)
1311 2525 1377 2582 Οὐδ’

287 2625 376 2674 iopen
397 2625 514 2674 asperum
533 2639 560 2648 -
590 2613 684 2676 einum]
702 2613 811 2673 Oceani,
849 2603 894 2680 ἄρ’
910 2603 971 2668 ’ἔχει
991 2607 1135 2658 τέκνοισιν
1156 2607 1326 2678 ἐπαρκέσαι.
1350 2633 1377 2642 -

289 2687 323 2736 aci
336 2683 475 2750 Hispaniae
488 2700 563 2736 orem
572 2685 700 2738 ultimam.
721 2689 812 2738 Senon.
852 2686 898 2737 «ut
922 2683 979 2733 uvis
1006 2695 1038 2732 eo
1062 2684 1200 2745 tempore.
1227 2695 1283 2745 (11¹0
1308 2681 1380 2732 foti-’i

290 2761 343 2813 Gir.
354 2760 401 2812 Od.
411 2763 436 2824 4,
447 2763 472 2822 6,
487 2764 516 2811 i:
536 2763 640 2824 Septimi
657 2763 738 2814 Gades
756 2764 814 2812 otti-
850 2756 994 2822 implumes
1014 2753 1116 2820 pullos,
1143 2755 1185 2807 his
1208 2754 1326 2816 relictis,
1353 2755 1379 2804 id

288 2843 344 2887 ture
367 2849 471 2888 4444444.
507 2837 595 2900 Virgii.
621 2839 666 2887 Ge.
693 2838 723 2895 2,
753 2835 811 2886 tii:
855 2835 911 2892 est,
930 2845 992 2882 eum
1009 2844 1056 2882 eos
1074 2843 1153 2880 escae
1166 2829 1300 2896 petendae
1319 2843 1380 2880 eeu·

288 2913 404 2961 Extranei
420 2912 489 2961 sinos
505 2911 579 2961 orbis.
851 2921 880 2958 sa
899 2905 1019 2970 reliquit,
1047 2905 1131 2967 magis
1161 2906 1238 2955 timet
1268 2919 1379 2971 serpeu-

323 2985 411 3036 45-48.
438 2985 525 3050 444944]
553 2987 604 3035 «Ex
631 2999 674 3035 me
700 2997 814 3049 quaeres
851 2984 918 3034 tium
950 2981 1066 3044 impetus
1093 2981 1120 3030 in
1148 2979 1242 3030 nidum
1271 2993 1376 3031 suum.-

290 3059 428 3110 iortusse.»
449 3087 476 3095 -
489 3059 602 3124 imbellis]
621 3059 668 3110 0d.
682 3061 712 3120 2,
731 3061 761 3120 6,
781 3060 811 3108 7:
852 3057 946 3107 Statim
968 3059 1060 3106 eutem
1076 3056 1198 3119 sequitur
1215 3056 1379 3120 comparatio

289 3136 354 3184 tesso
376 3135 456 3184 444444
477 3139 501 3184 et
526 3135 629 3184 cionem
650 3135 812 3195 militiaeque.
852 3143 878 3182 v.
896 3131 979 3195 meeis
995 3130 1157 3194 significem
1176 3129 1305 3180 nimirum
1321 3127 1379 3179 voi-

292 3210 549 3274 -timnueperom1
576 3207 609 3258 ad
634 3209 813 3259 valetudinem
852 3209 921 3271 geris
938 3207 1005 3256 ratio
1018 3219 1081 3257 euni
1094 3205 1200 3256 fuisset:
1221 3205 1379 3254 4444444444-

289 3285 415 3348 pertinet,
435 3297 486 3348 que
503 3295 556 3334 non
569 3284 668 3346 optime
680 3283 813 3333 utebatur.
852 3285 892 3346 gis
909 3281 987 3347 pullis
1004 3279 1103 3332 relictis
1122 3291 1206 3344 quem
1225 3293 1289 3330 eum
1300 3292 1379 3344 pree·

293 3385 320 3396 —
337 3359 435 3408 minere
450 3357 513 3422 eoin]
536 3359 616 3408 Certo
634 3359 714 3420 utque
732 3356 814 3407 44444-
853 3369 914 3409 sens
933 3357 1017 3408 estin
1036 3355 1134 3412 niden
1153 3353 1224 3404 hane
1241 3352 1377 3418 praetulit:

291 3437 363 3483 meto
388 3433 477 3483 animo
502 3431 649 3497 respondet
674 3431 813 3496 superiori,
854 3433 932 3493 44444,
958 3431 1021 3482 iicet
1037 3429 1118 3489 adsit,
1146 3441 1199 3478 nou
1216 3427 1277 3493 pius
1293 3426 1379 3478 euxiiii

292 3520 373 3571 quam
407 3509 561 3571 exspectat,
597 3506 813 3568 interrogationi,
853 3506 902 3558 iilis
919 3508 961 3558 est
982 3504 1103 3566 lutura»,
1130 3515 1179 3568 pro
1202 3517 1256 3567 quo
1280 3515 1378 3568 prouc-

291 3583 417 3643 quocirca
452 3581 593 3632 indicativo
627 3581 726 3639 utitur,
762 3595 815 3631 non
853 3582 925 3633 mine
944 3593 996 3630 nou
1014 3580 1072 3630 sine
1089 3580 1115 3628 vi
1132 3580 1223 3645 posuit
1237 3577 1379 3642 preeunti-

292 3653 390 3705 Heinsii
408 3657 586 3708 coniunctivo.
609 3684 635 3692 -
654 3656 737 3720 44444]
759 3659 816 3705 «te-
853 3657 910 3716 444,
939 3656 999 3718 «qui
1024 3656 1095 3705 eirea
1120 3668 1180 3706 eam
1204 3657 1376 3704 versenturn:

292 3730 350 3788 net,
369 3733 510 3792 occupet.»
854 3743 905 3794 qua
928 3731 1031 3780 ratione
1054 3731 1147 3780 mutue
1169 3729 1267 3780 ceritas
1289 3727 1378 3778 matris

327 3801 413 3852 4444.
435 3805 464 3852 iit
475 3806 594 3869 assidens]
605 3803 728 3869 Aeschyl.
743 3805 814 3869 Sept.
854 3808 881 3855 et
896 3803 1031 3868 pullorum
1042 3805 1143 3868 optime
1154 3803 1320 3868 exprimitur.
1343 3803 1378 3850 44

293 3873 352 3924 adv.
380 3875 463 3926 Theb.
491 3878 547 3928 tet.
576 3879 622 3929 D.:
651 3874 816 3947 Δράκοντας
853 3877 1051 3942 similia,'quos
1067 3877 1239 3942 pleonasmos
1251 3875 1315 3926 oiim
1331 3888 1378 3923 vo-

292 3941 332 4013 ὡ’ς
355 3964 398 4013 τις
422 3951 529 4002 τέκνων
542 3946 750 4022 ‘respectum
771 3951 817 4003 λε-
854 3953 966 4011 cebant,
996 3952 1115 4003 habebat
1138 3951 1305 4002 consuetudo
1330 3951 1378 3999 Lu-

292 4027 385 4087 χα44ν
405 4022 618 4096 δυσευνάτορας
642 4023 817 4098 Πάντροφος
854 4031 919 4080 tine:
951 4026 1033 4078 Pleut.
1053 4027 1150 4078 Pseud.
1169 4025 1198 4088 4,
1226 4027 1254 4086 7,
1281 4025 1329 4078 io:
1357 4029 1378 4072 tc

293 4097 415 4164 πελειάς.
434 4103 520 4164 itque
534 4101 567 4151 de
581 4100 706 4165 palumbo
718 4103 761 4153 hic
774 4115 817 4153 44-
852 4106 920 4168 ipue
932 4115 1021 4152 eorem
1033 4115 1153 4166 praesens
1165 4106 1323 4164 praesentent
1339 4099 1378 4148 ei-

293 4177 375 4240 gitare
396 4174 469 4237 licei,
493 4179 522 4226 ut
538 4176 637 4240 gratior
654 4175 700 4226 tiat
717 4179 814 4241 imago.
854 4179 901 4230 det.
920 4177 1027 4227 Terent.
1039 4174 1152 4240 Adelph.
1166 4175 1195 4237 3,
1214 4175 1243 4238 3,
1260 4175 1305 4225 3444
1322 4173 1377 4224 Ne·

294 4249 341 4300 iiiii
350 4251 383 4301 <ie
393 4249 534 4302 hirundine
544 4253 734 4314 exposuerunt,
745 4251 817 4301 haud
854 4252 916 4315 quie
931 4252 991 4302 odes
1017 4263 1152 4314 44444444,
1179 4249 1234 4300 dieo
1258 4249 1312 4300 444.
1339 4246 1375 4298 ib.

295 4336 430 4376 memores
455 4324 503 4375 has
521 4326 547 4376 in
565 4325 656 4387 tectis,
683 4325 814 4390 turribus,
854 4326 883 4386 i,
911 4327 938 4388 c,
966 4324 1017 4377 ai:
1046 4325 1108 4376 Com
1132 4324 1197 4374 tene
1221 4321 1267 4374 siti
1291 4323 1377 4375 44444444
