2992 4978
658 493 662 499 ¹
693 471 822 523 llOliA'l'll
840 470 1011 523 Ctuutnittt

557 628 739 715 Torquibus
762 628 887 716 exiguis
908 627 1043 694 renidet.

473 810 580 874 Paene
603 817 793 893 occupatam
815 805 1028 873 seditionibus

471 928 597 995 Delevit
619 927 737 996 Urbem
759 930 867 995 Dacus
890 938 922 994 et
944 926 1114 1014 AethiopS,

515 1050 574 1116 llic
596 1049 701 1117 classe
725 1049 928 1126 formidatus,
954 1046 1006 1114 ille

555 1170 728 1238 Missilibus
752 1169 866 1236 melior
888 1169 1020 1257 sagittis.

470 1348 622 1416 Fecunda
643 1347 759 1435 culpae
781 1345 893 1414 secula
913 1347 1042 1434 nuptias

469 1469 612 1536 Primum
634 1468 845 1556 inquinavere
867 1477 900 1534 et
922 1487 1024 1555 genus
1049 1477 1081 1533 et
1102 1466 1236 1546 domos3

298 1723 668 1788 vinnustrerunuttnntnutum.
681 1722 821 1772 lacman.
859 1720 910 1772 lius
933 1723 964 1782 2,
989 1721 1053 1772 l98:
1082 1721 1226 1772 Fecrmdrun
1241 1723 1269 1772 iu
1284 1723 1380 1785 from

297 1800 328 1862 4,
347 1799 394 1850 tc:
421 1799 530 1848 centusts
554 1798 676 1847 ituraeam
700 1795 820 1859 pentibus.
859 1797 986 1846 dominam
1001 1807 1087 1860 patus.

331 1874 371 1923 44.
409 1871 558 1936 Tarquitio]
587 1868 743 1920 «tenuibus
772 1867 822 1920 illis
893 1872 933 1921 48.
952 1870 1037 1935 potue]
1056 1871 1174 1920 «Bonum
1191 1871 1264 1934 paris
1281 1872 1379 1934 sangui·

297 1946 438 2010 torquibus
456 1947 557 2007 aureis,
585 1947 630 2008 qui
648 1946 743 1995 unicus
761 1958 823 2008 gre-
859 1947 912 2005 nis,
937 1943 1015 1995 alieni
1038 1945 1124 1995 coitus
1141 1944 1303 1996 admixtione
1324 1945 1379 2010 pol-

297 2022 431 2086 gariorum
449 2018 560 2070 militum
573 2019 644 2083 apud
659 2019 769 2070 Parthos
782 2031 824 2069 or-
858 2019 970 2070 lutum.»
1000 2021 1087 2069 Aaron
1104 2021 1205 2069 Nauna.
1240 2021 1319 2071 Recte
1336 2031 1379 2069 ax·

297 2098 376 2146 natus
394 2095 492 2156 iuerat,
514 2094 629 2145 exsultat
645 2105 716 2144 nune
732 2107 824 2144 acces-
859 2093 956 2159 plices:
969 2107 1057 2157 penio,
1072 2093 1243 2157 sanguinem,
1257 2097 1379 2160 stirpem

296 2171 363 2221 sisse
381 2170 491 2222 divitem
503 2169 632 2232 praedam
647 2170 821 2220 itomanam.»
859 2171 956 2231 donus,
976 2181 1070 2219 omnes
1087 2169 1205 2219 rationes
1223 2169 1380 2220 domesticas

298 2271 327 2282 -
350 2243 454 2308 renidet]
482 2245 554 2294 «Non
579 2245 636 2296 sine
662 2242 822 2294 contumelia
860 2245 929 2294 inter
945 2244 1072 2306 coniuges
1090 2255 1122 2292 ac
1135 2242 1251 2304 liberos,
1272 2245 1379 2307 adquae

296 2320 323 2368 in
340 2320 472 2370 Romanos
495 2317 598 2368 ridente
622 2317 695 2370 voltu
718 2319 824 2383 spectat
858 2320 960 2369 sensim
984 2331 999 2368 a
1022 2317 1178 2381 parentibus
1206 2321 1303 2369 transit
1324 2331 1380 2369 our-

297 2395 420 2442 ornatum
437 2405 517 2444 suum
534 2395 673 2456 tantopere
686 2396 822 2444 auctum.»
859 2390 971 2458 ruptela,
991 2389 1114 2442 ambros.
1129 2392 1195 2456 opp.
1209 2393 1274 2442 Ὴ.
1287 2406 1314 2457 p.
1328 2392 1379 2443 484,

330 2466 418 2516 43-46.
436 2466 524 2530 Paene]
544 2465 657 2518 «Urbem
669 2468 755 2530 ipsam
766 2467 823 2518 dis-
859 2468 893 2518 de
912 2465 1026 2517 Herodis
1044 2463 1111 2515 iilia:
1132 2467 1196 2528 Quid
1207 2466 1276 2516 enin
1288 2469 1382 2530 poterut

296 2539 429 2592 sidentem
451 2553 483 2590 ac
504 2541 597 2590 studiis
619 2541 750 2592 intestinis
767 2541 823 2594 dis·
859 2545 889 2593 de
904 2543 1022 2592 neuere
1040 2540 1143 2604 (matre)
1161 2541 1257 2592 dixere
1272 2543 1321 2592 niti
1336 2543 1380 2592 do·

297 2617 410 2664 tractam
432 2627 520 2678 paene
543 2614 655 2666 exscidit
677 2617 821 2678 Antonius;
858 2633 945 2670 mnmn
958 2617 1087 2681 pudor-ir?

297 2701 328 2740 ea
352 2689 451 2752 potitus
474 2694 560 2750 esset,
586 2691 608 2740 si
626 2689 699 2753 apud
716 2691 822 2742 Actium
891 2695 932 2744 20.
959 2694 989 2742 lu
1008 2693 1124 2754 putrium
1142 2692 1323 2757 populumque]
1344 2691 1380 2740 uin

295 2765 381 2814 victor
405 2765 567 2814 evasisset.»
604 2765 683 2826 Daci,
713 2767 823 2829 sagitta-
858 2781 917 2819 rem
929 2767 1064 2832 publicam
1076 2769 1104 2816 et
1117 2768 1143 2816 iu
1155 2765 1274 2829 singulos
1286 2768 1380 2817 cirea·

296 2839 340 2900 rii,
366 2837 400 2888 ab
418 2839 561 2888 Octaviano
582 2840 665 2903 spreti
688 2839 723 2890 ad
739 2841 823 2890 noto-
858 2845 971 2908 Antiqua
981 2845 1023 2899 est
1033 2841 1155 2894 termula.
1169 2841 1223 2891 Liv.
1234 2842 1259 2901 tt,
1273 2839 1302 2892 44
1313 2857 1319 2890 :
1331 2843 1382 2891 ant

297 2915 370 2965 nium
387 2912 585 2964 inclinaverant.
622 2915 678 2978 (Dio
700 2915 746 2976 itt,
770 2915 821 2978 22.)
859 2917 1258 2980 qui-·cieuooisseeas(aeniores
1271 2918 1298 2966 in
1311 2915 1380 2967 clade

296 2989 367 3052 virg.
395 2991 440 3039 Ge.
465 2991 495 3050 2,
522 2987 583 3040 tat:
616 2989 665 3040 Aut
691 2991 823 3042 coniwuto
860 2992 957 3043 Gallica
974 3005 998 3041 a.
1017 3004 1044 3040 u.
1064 3005 1088 3041 c.
1108 2991 1176 3052 ³65.)
1194 2991 1381 3054 ”preputio

297 3064 442 3114 dotem
458 3065 545 3114 Ductus
561 3064 593 3114 ub
615 3065 688 3114 Istro.
707 3067 773 3116 Aen.
792 3067 821 3127 8,
861 3067 1046 3130 Quiritibusque
1057 3065 1176 3115 nnumin
1186 3065 1302 3114 budam.
1312 3062 1379 3115 ovid.

297 3138 360 3187 tot:
387 3138 516 3188 cumben
538 3139 824 3204 comtemneret
860 3138 1382 3200 neam.tt,tta:1uusaetuenmpe

296 3212 369 3274 ludi,
399 3213 484 3264 &nnn
509 3214 606 3275 Arabs,
636 3227 720 3265 omues
741 3221 823 3266 uerte·
855 3215 966 3279 puioque
993 3213 1093 3276 Quirini
1115 3238 1131 3249 -
1152 3239 1167 3250 -
1188 3213 1229 3262 ait.
1268 3209 1378 3263 lavanti.

297 3287 562 3351 compositones.
581 3290 744 3353 Aegyptios,
768 3293 823 3341 An·
860 3289 906 3351 44,
931 3289 977 3338 70:
1005 3288 1114 3338 &anun
1129 3292 1179 3348 eat,
1202 3287 1380 3350 puoupusieo

297 3363 362 3413 tonii
387 3359 551 3423 classiarios,
582 3365 685 3427 poetice
713 3367 824 3429 proptu
858 3362 1379 3426 commentatiunculam

298 3437 461 3486 vicinitatem
477 3437 623 3500 Aethiopes
640 3439 727 3488 uocat.
757 3440 823 3488 Nam
859 3438 949 3488 invehi
966 3439 1039 3487 carte
1055 3434 1379 3501 prudensnolabatpnttr

299 3510 349 3574 ipsi
357 3511 511 3575 Aethiopiae
524 3509 566 3560 ille
578 3523 631 3560 non
642 3511 821 3576 imperitabat.
860 3525 893 3563 eo
911 3511 1005 3572 modo,
1030 3511 1078 3574 qui
1094 3509 1193 3575 placuit
1208 3509 1341 3570 Bantlaim
1357 3507 1380 3556 et

299 3582 366 3635 Plut.
391 3585 449 3634 Ant.
474 3584 520 3634 st:
552 3580 684 3651 (Λιβύης)
707 3581 744 3636 τὰ
764 3580 824 3636 ἀπὸ
859 3585 1090 3650 languidissimum
1120 3597 1185 3636 saue
1218 3585 1290 3635 toret
1316 3579 1379 3636 istud

299 3652 711 3729 Kvppvqusxpnbotoxag
729 3655 823 3724 (εῖχεν)
861 3673 1021 3723 cuv-us·

297 3724 453 3792 Ἆντώνιος.
476 3757 502 3769 -
520 3734 616 3798 ocelim]
635 3737 779 3804 κρείττων.
893 3737 934 3785 tl.
946 3731 1176 3798 troam-touton]
1184 3733 1302 3783 Auctore
1310 3731 1380 3784 Atine-

333 3805 373 3854 ti.
400 3806 515 3856 Facundo
535 3808 633 3872 caelpue]
655 3809 711 3860 lam
730 3823 825 3864 cauam
861 3799 1379 3877 naeot.p.iib.p‘'1omp'iip1pms

299 3879 396 3930 harum
412 3878 591 3932 calamitatum
609 3883 725 3947 exponit.
756 3887 826 3936 «De-
861 3887 887 3935 in
901 3885 933 3934 tis
950 3883 985 3932 ab
1002 3882 1158 3933 Aristoxeno
1175 3881 1378 3934 memorabatur.

300 3956 429 4018 generant
457 3953 571 4006 familiae
602 3960 825 4021 propter-omnis
861 3971 931 4022 quae
948 3953 997 4008 διὰ
1013 3950 1138 4020 τὴντῶν
1154 3953 1378 4027 κδφῶθώὴω

299 4028 405 4091 generis
428 4026 564 4092 libidines,
591 4029 690 4093 quibus
710 4034 823 4097 uterque
861 4031 1148 4095 oetenspraastareut.
1169 4031 1306 4095 Aristoph.
1318 4028 1378 4080 lbe-

299 4113 379 4154 sexus
400 4101 531 4154 obnoxius
556 4106 623 4154 eat.»
663 4107 756 4170 Neque
776 4121 825 4158 ve·
860 4106 966 4170 smopb.
997 4103 1060 4155 ⁴63:
1086 4103 1201 4167 ibycus,
1228 4108 1376 4156 Ammon.

298 4189 329 4227 ro
347 4175 527 4228 obliviscenda
545 4177 761 4242 frequentissima
774 4179 823 4233 illis
860 4179 973 4232 Alcaeus
990 4175 1205 4250 ἐμιτροφόρουν
1221 4191 1253 4229 τε
1269 4179 1320 4230 nul
1332 4173 1378 4226 tae

299 4251 465 4315 temporibus
487 4251 598 4304 divortia
620 4267 651 4304 ac
668 4254 780 4320 repudia
796 4257 824 4306 at
859 4249 959 4304 κλῶττ
974 4246 1113 4316 ’imisue
1138 4255 1304 4317 Hesychius:
1327 4245 1376 4298 'lu-

300 4325 464 4376 matrimonia
477 4328 550 4378 omni
568 4327 648 4380 modo
660 4329 765 4382 violata.
787 4329 824 4380 Si·
859 4326 956 4390 νικότ,
980 4325 1124 4401 τρυφερὸν
1141 4323 1163 4395 ἢ
1179 4331 1243 4401 sept
1265 4325 1317 4380 roi
1332 4339 1377 4375 κτ-
