3078 4978
684 395 811 446 notatu
830 395 957 446 apellen

451 549 547 626 Galli,
573 559 725 618 canentes
750 551 941 628 Caesarem,

407 671 642 759 Hostiliumque
664 673 794 739 navium
816 683 912 760 portu
934 672 1032 738 latent

280 1051 322 1101 ille
340 1063 405 1101 casu
422 1053 509 1101 sexto:
530 1050 596 1099 «hac
613 1049 647 1100 de
665 1062 709 1098 ren
724 1048 804 1112 (quod
842 1049 892 1098 nisi
908 1049 976 1098 torte
994 1051 1147 1112 corruptum
1170 1051 1369 1114 astarothites·

279 1138 389 1189 prosam
406 1126 554 1175 orationem
579 1123 736 1186 redoleret),
755 1122 804 1174 sed
843 1122 942 1172 Verum
970 1125 1044 1173 reete
1072 1121 1223 1176 Bentleius:
1263 1128 1370 1190 meque

280 1202 389 1262 quarto,
408 1201 437 1250 ut
454 1202 496 1249 est
512 1199 538 1248 iu
555 1199 636 1248 Taciti
653 1197 739 1248 locoa
756 1198 806 1247 ne·
842 1196 907 1246 tone
928 1196 963 1246 de
986 1198 1097 1248 Antonio
1120 1199 1245 1262 accipere
1267 1201 1369 1264 possis,

279 1273 347 1337 gelio
365 1274 480 1324 indicato
497 1275 564 1323 nnn.
583 1272 629 1334 ta,
648 1271 692 1322 ta:
712 1273 805 1335 Agrip-
843 1273 888 1334 qui
906 1283 1039 1336 nusquam
1059 1273 1137 1322 autea
1157 1273 1196 1323 sic
1219 1274 1372 1325 nominatur

277 1349 341 1410 pina
367 1348 482 1398 libertam
508 1347 634 1397 cenulam
650 1372 690 1382 --
705 1346 806 1406 adeum
842 1349 889 1396 aut
917 1345 1089 1407 describitur;
1124 1360 1213 1411 neque
1240 1350 1281 1399 Ad
1306 1350 1370 1399 lianc

278 1423 383 1474 eundem
403 1423 430 1471 io
452 1423 553 1472 modum
575 1419 728 1471 muliebriter
751 1420 805 1483 fre-
842 1425 969 1470 verterunt
991 1435 1067 1482 equor
1089 1421 1201 1485 perinde
1229 1426 1272 1472 est
1290 1426 1370 1487 atque

277 1512 353 1550 mere.
379 1501 427 1548 «nt
443 1499 494 1548 hoc
512 1497 643 1562 imprimis
661 1498 805 1562 spectacu-
843 1496 1064 1546 adversitatem.»
1082 1494 1192 1546 Bentleii
1201 1499 1293 1548 autem
1301 1499 1368 1548 coni.

278 1572 334 1623 lum
348 1573 568 1636 indignissimum,
580 1571 724 1634 conopium
736 1571 805 1619 iuter
843 1571 934 1621 ddltoo
950 1584 999 1634 pro
1015 1583 1111 1634 prosae
1125 1573 1190 1620 orat.
1210 1572 1241 1621 oli
1251 1573 1297 1624 lieo
1311 1585 1372 1636 pro-

280 1648 355 1711 signa
372 1645 494 1697 militaria
517 1647 594 1709 (quae
618 1637 715 1715 ὥσπερ
732 1640 806 1715 tepit-
843 1645 904 1708 pler
915 1643 1116 1706 ambiguitatem
1134 1647 1223 1696 minus
1235 1659 1373 1698 commen-

281 1719 447 1788 praecidania
460 1717 521 1792 ἱερὰ
533 1720 709 1784 ἐνομίζοντο,
727 1719 803 1770 Dion.
844 1715 939 1768 dabilis
951 1720 1005 1780 est,
1027 1731 1091 1768 oum
1101 1719 1136 1768 ad
1150 1719 1196 1768 too
1212 1719 1371 1784 plerumque

280 1797 335 1848 Hal.
355 1797 464 1860 estol,
484 1796 664 1846 «detestantes
681 1797 750 1844 oet.»
776 1821 802 1830 -
844 1791 974 1856 significet
991 1794 1162 1856 «praeterea,
1186 1793 1323 1858 insuper.»
1344 1822 1369 1832 -

280 1871 357 1932 Quod
374 1871 496 1934 Regelius
514 1883 546 1919 ex
563 1883 617 1919 uno
635 1869 700 1919 Cod.
718 1865 803 1917 Vand.
843 1867 874 1916 V.
886 1867 1131 1930 srenetteacomm.
1142 1869 1224 1931 Cruq.
1238 1871 1267 1918 et
1278 1869 1370 1920 tamo.

279 1947 384 2010 recepit
406 1947 452 1996 «Aa
476 1945 541 1994 hooc
563 1945 618 1993 tam
641 1943 805 2006 degenerem
844 1941 1014 1991 releruntad
1033 1954 1120 2004 equos,
1139 1941 1291 2006 dequibus
1308 1959 1372 1995 sane

281 2023 430 2072 Romanum
442 2021 643 2084 aspernantes»,
660 2020 704 2068 vix
716 2017 804 2068 locum
845 2015 941 2066 crabro
967 2019 1129 2080 usurpantur
1153 2029 1197 2068 vv.
1222 2018 1330 2080 fream
1347 2021 1374 2070 at

281 2095 363 2145 habet
384 2098 446 2158 post
468 2094 652 2158 interpositam
675 2094 805 2156 integram
843 2092 957 2154 [renitere
968 2089 1175 2154 (Scloouten,
1185 2088 1373 2156 φυσιόωντας

281 2167 427 2220 clausulam
438 2169 739 2231 latorque-comptem.
757 2167 807 2216 Ad-
844 2165 917 2216 iliad.
930 2162 954 2228 d,
971 2165 1039 2229 227.)
1051 2165 1100 2216 sed
1113 2166 1139 2215 h.
1151 2165 1168 2216 l.
1184 2165 1373 2220 exeamas-

279 2245 340 2304 tuc,
364 2244 437 2307 quod
454 2245 568 2308 optimas
589 2243 672 2293 habet
688 2242 807 2292 auctori·
845 2241 1025 2292 selei-losum:
1048 2241 1202 2304 rectiusque
1214 2242 1374 2294 reterturad

281 2320 349 2369 tates
367 2319 513 2369 exteriores
530 2318 648 2382 mihique
666 2315 729 2368 olim
747 2317 808 2383 post
845 2327 979 2365 summam
997 2311 1131 2364 Gallorum
1148 2315 1215 2366 iram
1233 2319 1314 2380 atque
1333 2320 1374 2368 in·

281 2393 441 2443 Meinekium
474 2391 589 2456 placuit,
624 2391 703 2442 video
737 2404 806 2441 nuno
845 2390 1035 2453 dignationem.
1056 2415 1084 2424 -
1102 2392 1245 2453 oewnmt]
1269 2390 1372 2455 penult.

281 2465 449 2517 nullomodo
468 2465 593 2530 explicari
609 2480 689 2530 posse
708 2465 805 2526 «illico,
845 2465 928 2515 brevi.
951 2464 989 2514 Cl.
1005 2465 1058 2513 Sat.
1076 2463 1165 2524 nto,
1185 2462 1226 2515 to.
1242 2491 1270 2500 -
1293 2465 1372 2531 Gultil

281 2540 396 2600 statim»,
414 2552 502 2604 neque
521 2541 584 2590 satis
602 2542 726 2590 convenit
744 2541 806 2590 huic
844 2541 905 2590 sunt
917 2536 1080 2600 Gallograeci
1097 2551 1118 2588 s.
1134 2535 1241 2589 Galatae
1253 2541 1371 2590 Deiotari

280 2613 339 2664 loco
357 2613 408 2664 tale
426 2607 592 2664 ἀσύνδετον.
623 2615 773 2665 Proximam
791 2628 807 2664 a
845 2614 962 2664 minoris.
974 2612 1039 2662 Plut.
1050 2615 1109 2662 dut.
1120 2611 1161 2662 63.
1172 2615 1371 2678 antepugnant:

281 2688 365 2740 Codd.
383 2687 466 2738 habet
483 2689 670 2738 auctoritatem
686 2686 765 2739 lectio
776 2689 808 2739 At
845 2688 977 2754 ἐγένοντο
989 2683 1020 2737 dt
1032 2687 1081 2736 ml
1092 2685 1239 2746 βασιλέων
1246 2683 1374 2740 ἀποστά-

279 2765 340 2824 truc,
368 2763 555 2814 commendata
577 2764 805 2821 oecumenem:
846 2777 906 2826 σεις
914 2758 1052 2827 Ἀμύντου
1062 2763 1112 2812 καὶ
1122 2759 1289 2832 Δηϊοτάρου
1301 2759 1373 2836 πρὸς

282 2837 557 2900 «Ateattt1›‚tnquit,
587 2843 734 2886 «verterant
750 2839 805 2898 ltuc,
845 2837 988 2908 Καίσαρα.
1007 2836 1116 2897 velta,
1134 2837 1179 2888 84:
1198 2839 1264 2888 Hittc
1281 2841 1374 2890 uddu-

279 2911 307 2962 id
333 2913 385 2973 cet,
413 2910 447 2961 ad
472 2923 521 2961 nos
552 2909 743 2962 transtulerunt
767 2911 809 2963 bis
846 2913 941 2962 tontum
967 2925 1052 2973 oeno,
1081 2912 1150 2961 illinc
1177 2913 1213 2962 ed
1240 2913 1374 2964 &mamm

280 2985 351 3038 mille
369 2999 454 3052 equos
471 2984 643 3036 trementes.»
667 2986 743 3046 Quod
760 2987 809 3037 etsi
845 2987 934 3036 cotidie
951 2986 1031 3047 aliqui
1055 2985 1264 3050 tramsugiotoot.
1298 2987 1374 3039 «Gal-
1433 2981 1441 2990 ”

281 3061 382 3111 dictum
397 3059 453 3109 iere
471 3061 522 3118 est,
541 3061 570 3108 ut
587 3057 678 3110 velleii
696 3059 759 3109 illud
778 3061 807 3121 2,
845 3059 886 3111 los
907 3061 967 3110 ideo
985 3062 1191 3121 commemorat,
1217 3064 1248 3111 ut
1269 3064 1372 3127 pudore

282 3135 334 3196 at..
354 3133 427 3198 quod
444 3147 507 3183 mox
524 3133 722 3194 exscribamus,
746 3135 809 3186 Hinc
845 3133 934 3198 pulset
961 3136 1065 3185 animos
1099 3137 1292 3199 Romanorum,
1328 3139 1373 3200 qui

281 3211 315 3258 act
331 3209 466 3261 Antonium
478 3210 541 3269 cet,
561 3208 644 3259 habet
661 3211 750 3259 tamen
763 3223 809 3260 ne·
845 3209 917 3273 passi
935 3212 998 3259 sunt
1013 3210 1141 3260 servitute
1159 3223 1188 3260 se
1201 3209 1298 3261 subiici
1315 3225 1374 3276 spe-

281 3284 336 3334 scio
360 3282 425 3347 quid
448 3277 559 3353 ἀκύρου
583 3285 609 3333 et
632 3283 740 3334 obscuri
758 3297 808 3334 uec
845 3282 974 3344 donibus,
1000 3283 1026 3334 id
1044 3283 1116 3348 quod
1134 3282 1198 3334 Galli
1216 3287 1279 3335 suut
1297 3286 1374 3336 dedi-

282 3359 346 3410 satis
358 3358 487 3409 cohaeret
502 3370 565 3408 cum
576 3370 653 3422 seqq.
666 3358 809 3408 Hostilium·
845 3359 942 3422 gnati.»
972 3359 1056 3409 Coun.
1083 3359 1162 3416 Caco.
1194 3385 1221 3394 -
1248 3361 1373 3426 comtes]

281 3447 336 3496 que.
350 3434 436 3483 Tertia
449 3431 536 3495 lectio,
547 3445 629 3496 quam
637 3430 758 3496 plerique
768 3447 810 3484 se-
847 3432 930 3482 alaeta
943 3445 1006 3482 oum
1016 3432 1207 3484 acclamatione
1225 3433 1374 3487 identidem

281 3509 412 3571 quuntnr,
430 3508 468 3558 Ad
482 3508 563 3569 tuuc,
583 3508 674 3558 nititur
691 3509 809 3558 auctori·
846 3509 991 3558 Gaesarem
1002 3507 1160 3566 salutantes,
1179 3509 1254 3559 Satira
1265 3511 1373 3560 eaeor!

281 3583 334 3632 tate
356 3581 441 3631 Codd.
460 3581 532 3634 haud
553 3595 716 3647 paucorum,
743 3585 808 3633 Por·
846 3580 1005 3644 clamantes,
1025 3584 1054 3632 ut
1071 3583 1116 3646 qui
1128 3583 1223 3634 ineius
1235 3583 1374 3634 verbaiu-

281 3656 420 3719 phyrionis
433 3658 460 3706 et
477 3659 602 3720 aaronis,
615 3659 660 3722 qui
677 3661 807 3722 sequente
845 3657 928 3707 raturi
951 3659 1049 3708 essent.
1082 3658 1152 3720 virg.
1171 3660 1237 3708 Aen.
1258 3661 1287 3720 7,
1306 3659 1371 3710 698:

283 3731 408 3793 exparte
426 3731 516 3781 lahuio
534 3732 690 3796 (radversus
712 3735 809 3784 liema-
845 3733 917 3782 [tutu
933 3733 1037 3793 aequati
1055 3744 1159 3783 cimmo
1179 3745 1313 3797 repetitque
1327 3747 1375 3785 eo-

281 3817 347 3855 num
365 3804 404 3854 sic
426 3803 625 3870 degenerem»)
659 3807 806 3874 explicant:
845 3807 944 3858 nebant.

284 3881 389 3942 «Equos
418 3879 547 3930 adversus
576 3883 717 3932 Antonium
746 3897 808 3934 curn
879 3884 919 3933 te.
937 3884 979 3933 20.
1007 3883 1194 3948 Hostilitanpue]
1220 3885 1289 3936 Cum
1306 3885 1372 3936 haec

283 3955 588 4006 sistroconverterunt.»
602 3957 808 4020 (Ceterumvide
846 3955 974 4024 particula
1000 3971 1048 4021 pue
1075 3960 1207 4010 artissime
1233 3961 1374 4023 iungantur

284 4044 317 4080 ne
334 4029 436 4079 sistrum
461 4026 524 4078 illud
550 4042 603 4080 non
625 4043 657 4078 ex
683 4031 807 4094 historia,
847 4045 908 4084 cum
927 4031 1061 4084 Gallorum
1079 4034 1228 4084 delectione
1245 4047 1297 4085 neo
1310 4048 1373 4084 rer·

282 4104 314 4152 ut
330 4102 383 4152 volt
400 4105 546 4163 Gesnerus,
565 4102 614 4153 sed
631 4105 752 4167 precario
764 4119 810 4157 as·
846 4105 882 4157 bo
894 4105 1004 4171 quidem
1020 4109 1133 4171 panicus
1147 4107 1189 4158 ille
1203 4110 1309 4174 reginae
1321 4111 1374 4159 ter·

285 4179 422 4241 sumptum
438 4179 472 4229 sit
484 4178 593 4228 exten.
607 4175 638 4237 8,
658 4177 719 4227 696:
739 4179 810 4244 liegi-
846 4193 892 4231 ror
913 4181 1090 4245 significetur,
1116 4181 1179 4232 illud
1201 4185 1264 4232 anto
1285 4185 1372 4232 omnia

286 4264 371 4300 eon
384 4253 471 4313 patrio
489 4257 563 4304 occat
588 4253 692 4316 optatae
716 4255 807 4322 tiemo,
848 4255 994 4308 tenendum
1016 4259 1073 4317 est,
1100 4270 1152 4306 non
1175 4255 1209 4306 de
1233 4257 1371 4322 praecipiti
