3002 4974
313 389 375 453 :iit
697 391 825 442 nonani
844 391 1012 443 cenninus

483 547 570 612 Deos
594 545 720 614 lacesso
742 566 803 612 neo
825 555 988 632 potentem
1011 547 1149 614 amicum

440 669 593 792 Lareiora
617 703 743 791 flagito,

483 827 566 892 Satis
589 826 705 893 beatus
726 825 831 892 unicis
853 825 990 894 Sabinis.

442 949 593 1016 Truditur
615 950 685 1017 dies
708 951 779 1026 die,

482 1074 657 1160 Novasque
680 1081 819 1160 pergunt
840 1071 971 1138 interire
993 1069 1098 1137 lunae.

439 1232 484 1295 Tu
508 1229 649 1297 secanda
670 1249 831 1296 marmora

484 1354 587 1419 Looas
610 1351 671 1418 sub
694 1351 800 1439 ipsum
822 1351 917 1416 iunns
939 1359 972 1417 et
993 1347 1134 1436 sepulcri

440 1476 613 1541 Immemor
635 1474 732 1540 struis
756 1473 871 1539 domos

313 1729 359 1781 ubi
376 1729 539 1778 incidentibus
556 1729 707 1792 opponitur.
732 1729 838 1778 Minime
874 1727 1030 1789 mensisque
1053 1737 1184 1775 mensem.
1220 1725 1306 1774 Lunae
1330 1737 1384 1774 con-

313 1818 377 1854 vero
400 1804 541 1866 significat,
568 1806 598 1852 ut
621 1802 663 1853 alii
680 1801 836 1853 volucrunt:
875 1803 947 1856 tinua
964 1799 1145 1851 vicissitudine
1163 1802 1288 1850 creseunt
1303 1801 1329 1849 et
1345 1798 1385 1848 de·

314 1877 416 1938 «Multi,
447 1879 493 1940 qui
517 1876 595 1928 honis
621 1877 676 1928 suis
701 1889 839 1940 nunquam
875 1877 1025 1926 crescunt.»
1058 1873 1215 1924 Ammianus
1240 1874 1266 1924 in
1294 1872 1384 1924 lethot

313 1953 432 2002 contenti
450 1955 526 2013 sunt,
548 1951 582 2002 ad
600 1964 643 2001 me
661 1951 747 2003 solent
763 1953 839 2002 veui·
875 1949 928 2001 Pal.
948 1951 978 2000 il.
998 1961 1058 2014 pag.
1077 1947 1138 2000 322:
1174 1942 1247 2010 Ἠώς
1272 1945 1302 2012 ἐξ
1326 1941 1385 2012 ἠοῦς

313 2041 361 2086 ro,
380 2029 410 2076 ut
425 2039 518 2077 veram
535 2027 642 2077 vivendi
658 2029 744 2077 artem
761 2041 776 2077 a
794 2040 838 2077 me
875 2024 1110 2096 παραπέμπεται,
1134 2017 1197 2084 ale',
1215 2017 1385 2088 ἀμελούντων

313 2100 494 2152 condiscant.»
870 2094 986 2164 Ἦμῶν,
1021 2095 1163 2164 ἐξαίφνης
1192 2091 1256 2164 ἥξει
1286 2093 1303 2149 ὁ
1326 2111 1387 2166 πορ-

346 2177 386 2226 42.
413 2177 479 2227 Deos
499 2177 600 2241 incesso]
625 2179 656 2228 Ut
676 2177 788 2240 fatuare
812 2177 840 2225 et
875 2175 994 2246 φύρεος.

313 2251 572 2313 οὺιππαενορνωίὺω
583 2252 683 2312 dieunt,
702 2252 741 2302 sio
759 2252 839 2300 etiam
908 2252 948 2300 ⁴7.
970 2250 1012 2314 Tu]
1031 2251 1128 2299 Senem
1145 2247 1262 2312 aliquem
1279 2248 1386 2304 dinen,

313 2327 432 2375 lacessere
448 2327 590 2388 significat,
616 2327 709 2375 «enixa
734 2326 839 2390 precari
875 2337 956 2388 quem
982 2323 1033 2374 sibi
1059 2322 1166 2374 obviam
1189 2323 1289 2374 laetum
1311 2323 1386 2386 fingit.

314 2399 395 2458 deos,
422 2399 508 2449 donee
526 2413 575 2451 nos
593 2400 760 2449 exaudiant.»
789 2401 840 2450 No·
875 2412 938 2452 curn
955 2398 1133 2462 indignatione
1146 2396 1297 2461 alloquitur,
1316 2399 1387 2461 figura
1483 2373 1484 2434 l

313 2471 359 2523 lim
375 2473 520 2523 enimcum
536 2473 681 2523 Forcellino
693 2471 836 2537 explicaro:
875 2475 956 2524 etiem
973 2473 1124 2524 oratoribus
1141 2474 1245 2524 usitata.
1269 2475 1324 2525 Cic.
1338 2473 1389 2524 Phi·

315 2547 397 2596 «deos
415 2547 448 2597 ad
467 2548 535 2598 iram
552 2553 840 2611 provocor--poten-
874 2548 938 2613 lipp.
970 2547 1017 2608 li,
1048 2548 1079 2597 l:
1116 2547 1164 2608 Tc,
1193 2547 1215 2596 ai
1243 2561 1289 2611 eqo
1316 2549 1345 2597 (le
1368 2559 1390 2594 re

313 2627 362 2672 tem
379 2621 501 2686 omicron]
522 2619 667 2684 «aliquem,
691 2624 721 2671 ut
741 2621 839 2672 iaciunt
871 2624 974 2686 publica
990 2623 1081 2685 optime
1097 2623 1217 2684 sentiam,
1243 2628 1272 2672 ut
1288 2635 1327 2672 me
1341 2625 1390 2672 oie·

314 2694 415 2746 multia
433 2694 569 2747 Generalis
587 2697 652 2747 mihi
663 2696 769 2746 videtur
779 2710 840 2748 sen·
874 2713 934 2760 eae,
960 2699 1013 2760 ipae
1033 2697 1140 2760 nescim
1163 2695 1276 2746 mettas?
1294 2723 1320 2734 -
1346 2697 1390 2746 «Tu

315 2771 411 2830 tentia,
429 2783 482 2821 nou
500 2771 534 2821 de
551 2769 608 2821 solo
625 2772 780 2822 Maecenate
792 2785 839 2822 ae·
875 2774 955 2824 morti
981 2773 1034 2823 iam
1059 2772 1162 2822 vicinus
1186 2771 1267 2832 locas,
1297 2771 1324 2821 id
1340 2775 1389 2828 est,

313 2845 447 2910 cipianda3
467 2846 715 2909 neutiquamanim.
734 2847 838 2910 opinor,
875 2859 937 2898 cunr
967 2847 1137 2910 redemptore
1171 2843 1259 2909 aliquo
1292 2847 1390 2910 pactum

313 2921 384 2970 hunc
396 2921 484 2984 ipsum
496 2925 622 2982 peterten
639 2923 776 2981 vocasset,
793 2922 840 2985 qui
875 2924 939 2984 inis,
967 2923 1011 2986 qui
1035 2921 1152 2973 secanda
1173 2933 1308 2971 marmora
1325 2923 1391 2970 curet

312 2997 460 3060 potentiam
474 3008 551 3045 suam
566 3009 648 3060 quam
659 2997 774 3046 maxime
792 3009 840 3046 oc·
875 3009 925 3047 suo
950 2995 1094 3061 periculos
1137 2995 1277 3046 swanum
1310 2997 1390 3045 auton
1482 2993 1483 3030 ³

312 3069 413 3121 euitare
431 3070 564 3122 studebat.
875 3083 996 3122 marmor
1015 3071 1041 3121 in
1058 3069 1164 3121 tabulas
1182 3069 1217 3120 ad
1232 3071 1392 3134 pavimento·

345 3145 387 3197 ti.
405 3145 513 3211 Sabinis]
532 3159 601 3210 quae
619 3146 840 3210 praediaaliaa·
875 3159 936 3197 nrm
961 3159 1042 3196 usum
1067 3149 1095 3196 et
1119 3144 1153 3194 ad
1178 3146 1294 3209 parietes
1311 3145 1391 3195 ousta

313 3223 407 3272 conata
420 3221 491 3272 dono
502 3223 645 3286 acceperat
656 3236 680 3272 a.
695 3235 720 3272 u.
734 3236 758 3272 o.
769 3222 837 3282 tes„
875 3221 1017 3272 marmoris
1035 3219 1205 3284 operiendos.
1242 3219 1305 3272 Plio.
1323 3221 1353 3272 li.
1365 3220 1390 3268 ii.

312 3295 354 3346 vei
381 3296 434 3346 iarn
460 3296 533 3357 teo,
571 3299 602 3346 ut
626 3297 838 3348 demonstratum
875 3295 924 3357 ³6,
944 3297 976 3344 6:
996 3295 1280 3346 primurn-imm
1292 3295 1393 3357 peine

312 3373 358 3421 ivit
381 3369 526 3422 Groteiend
549 3371 593 3420 nn.
611 3372 677 3421 Koa.
696 3373 727 3420 N.
747 3373 774 3421 F.
794 3371 836 3422 lii.
875 3369 960 3420 tnbtot
977 3383 1052 3419 eeenc
1067 3370 1103 3419 li.
1122 3369 1215 3419 Seueri
1231 3369 1334 3430 maie,
1349 3381 1392 3418 eos

311 3457 338 3508 p.
365 3443 422 3495 ire.
457 3446 577 3495 Primum
600 3447 766 3496 memoratur
782 3447 836 3496 Sat.
872 3445 948 3509 facile
964 3445 1074 3494 dieeim
1090 3448 1179 3506 amare,
1197 3457 1232 3493 as
1248 3444 1333 3494 mitis
1347 3443 1393 3507 aie

312 3518 384 3578 Μ,
399 3519 439 3568 iil.
469 3520 527 3569 Non
539 3517 750 3570 obliviscendum
760 3519 837 3583 ionga
874 3519 1025 3582 coenses.
1047 3543 1062 3555 -
1078 3545 1094 3556 -
1110 3519 1229 3570 Noodaen
1253 3520 1320 3570 m
1342 3517 1393 3568 secti

312 3593 422 3643 minoris
435 3594 589 3644 aestimatos
602 3607 663 3644 esse
682 3595 838 3646 iundossa-
872 3593 1124 3658 munnorieoestiqia
1134 3593 1251 3644 initalia.
1270 3595 1392 3656 Semis-
1481 3651 1482 3656 ἵ

310 3666 390 3718 binos
415 3681 497 3731 quam
514 3667 650 3730 Tiburtes,
675 3669 837 3721 Tusculanos
874 3671 929 3732 quis
951 3669 1064 3732 primm
1090 3669 1185 3718 comit
1210 3681 1297 3719 secere
1322 3670 1393 3719 lucai-

312 3743 363 3793 cet.
383 3740 476 3792 Catuli.
497 3741 543 3804 ii,
566 3745 595 3793 l:
627 3745 647 3793 0
662 3745 740 3808 mode
755 3750 839 3795 noster
872 3746 990 3806 moroque
1005 3744 1129 3804 divitem,
1155 3745 1293 3806 inspwtuni
1308 3742 1394 3808 iem

311 3831 355 3867 seu
374 3817 466 3867 Sabine
484 3831 527 3867 sere
548 3817 647 3868 Tiburs·
673 3819 741 3868 Nam
755 3825 839 3870 teeaee
872 3821 929 3884 (tiit.
957 3817 1087 3868 Nimirum
1106 3829 1189 3868 unam
1205 3819 1345 3870 dumtaxat
1358 3821 1393 3868 to-

313 3893 436 3942 Titortem
457 3897 605 3954 summere,
628 3893 717 3955 worse
734 3909 784 3943 noe
804 3900 838 3944 eet
873 3895 925 3945 tius
934 3892 1126 3943 aedificationis
1135 3895 1239 3956 partem
1249 3893 1333 3944 verbo
1342 3903 1394 3957 pro·

312 3968 387 4019 Cordi
412 3967 538 4017 Οαιυὶὶωπ
562 3968 673 4025 laedere,¹
701 3973 729 4017 at
751 3969 839 4031 ambio
873 3970 931 4034 prio
960 3967 1112 4028 denotavit,
1145 3971 1288 4032 postauam
1310 3979 1392 4022 more.

311 4043 382 4094 cordi
407 4047 454 4103 eet,
479 4042 571 4104 Quove
595 4041 718 4093 Sablentm
732 4044 838 4108 piynore
873 4057 961 4107 neque
990 4041 1073 4093 debet
1100 4041 1225 4106 explicari
1262 4043 1392 4094 «excidere

312 4131 362 4168 esea
377 4119 535 4168 contendunt.
873 4117 1011 4170 columnas
1047 4116 1090 4168 vel
1128 4115 1227 4168 solides
1260 4117 1393 4169 marmore

346 4191 836 4257 teterrudituroatlinproseora·
873 4193 995 4258 glebas.»
1480 4247 1481 4262 2

312 4269 400 4318 tione:
420 4266 494 4316 «dies
511 4265 584 4318 diam
601 4265 724 4318 celeriter
741 4267 838 4332 excipit
907 4267 1008 4319 to-ti.
1035 4267 1118 4331 Baiis]
1142 4267 1274 4332 oppidum
1291 4269 1395 4330 Campe·
