3002 4974
520 450 579 500 Lm.
598 451 629 500 11.
666 452 694 501 C.
714 453 767 502 llll.

295 604 344 671 lde
368 603 482 672 dulces
504 603 654 673 dominae
676 607 767 673 Musa
788 609 974 698 Licymniae

191 802 231 852 43.
252 801 335 852 dulces
351 802 424 854 bSd:
451 804 530 852 datad
545 805 665 863 aucam.
687 807 759 868 (ilem
776 806 859 857 Bentl.
880 809 905 858 in
923 811 1059 871 contextu,
1086 812 1177 865 sedin

156 877 356 928 Commentario
379 877 481 941 dabas.)
501 905 528 914 —
547 879 683 928 Liaimniaa
699 881 731 940 S,
754 881 898 942 bpaomtce
914 883 947 944 Τ,
969 885 1113 947 bieimnpaa
1129 887 1177 948 bc,

155 952 308 1014 bpoymnioa
324 965 387 1002 cum
402 951 494 1002 Blaud.
514 957 566 1002 ant.
588 953 621 1014 C,
640 953 750 1004 Liciniae
766 955 791 1004 d.
814 956 902 1018 (Recte
919 959 1064 1019 ttmmntoa
1080 961 1108 1011 B.
1123 963 1175 1012 Cir.

154 1027 274 1090 Wagner
290 1027 325 1077 ad
341 1027 411 1090 Virg.
431 1029 496 1077 Aen.
515 1027 547 1088 9,
566 1027 634 1088 alc.)

153 1193 194 1244 t3.
223 1195 281 1245 «lle
306 1207 371 1244 varo
394 1195 427 1258 (id
446 1194 519 1259 quod
536 1195 648 1246 tortasse
686 1211 746 1260 pag.
775 1197 842 1262 lca.)
868 1213 984 1264 sequor,
1012 1205 1057 1266 qui
1085 1217 1144 1256 rem
1169 1211 1207 1258 sic

119 1267 169 1318 tibi
182 1281 238 1319 nou
251 1269 339 1319 miuus
359 1273 463 1332 gratum
487 1271 543 1332 erit)
573 1271 648 1320 iubat
685 1272 845 1336 expediunt:
890 1277 971 1325 Sicuti
1003 1279 1070 1328 teste
1098 1280 1208 1344 Apuleio

118 1344 195 1394 llusa
231 1341 369 1394 celebrare
398 1343 521 1394 laudibus
556 1343 645 1404 illam,
684 1344 793 1410 apolog.
825 1349 881 1399 406.
916 1349 1008 1400 Catulli
1026 1352 1119 1403 Lesbia
1140 1369 1206 1406 vero

117 1429 204 1480 quam
222 1421 251 1467 tu
269 1419 413 1468 tenerrimo
430 1431 524 1469 amore
543 1417 647 1484 ample-
685 1421 792 1470 nomine
814 1425 871 1471 erat
891 1423 998 1484 Clodia,
1018 1425 1110 1476 Tibulli
1122 1428 1205 1492 Delia,

115 1493 219 1542 naris.»
240 1519 268 1528 -
288 1493 382 1557 dulces]
401 1494 525 1544 «Etiamsi
544 1494 646 1545 scribas
685 1493 785 1556 Plania,
804 1498 933 1560 Propertii
952 1499 1078 1561 Cynthia,
1098 1502 1206 1560 Hostia,

115 1566 217 1626 dadeia,
252 1566 423 1618 nibilominus
452 1569 503 1618 erit
527 1570 644 1618 accusat.
683 1569 788 1618 Ticidae
802 1568 903 1630 Perille,
918 1571 1030 1634 llletella,
1049 1575 1206 1638 itascilicet,

113 1641 189 1706 plur.
201 1642 351 1704 iungendos
365 1657 427 1692 cum
440 1657 467 1692 v.
482 1649 579 1706 coatia,
592 1655 646 1694 non
683 1643 757 1692 ulad
770 1645 982 1696 conservandam
993 1649 1073 1699 etiam
1084 1651 1110 1700 in
1131 1665 1208 1702 amo-

112 1717 198 1766 uuae
223 1718 346 1767 domm
383 1719 463 1769 Unica
489 1720 560 1769 enim
581 1732 646 1769 vera
683 1717 758 1768 ribus
775 1717 930 1782 dignitatem
958 1723 1134 1775 matronalem
1156 1739 1207 1776 no-

112 1793 284 1842 ooustruotio
309 1794 366 1843 ast:
404 1794 480 1844 Maso
502 1795 581 1844 uoluit
607 1809 647 1844 aaa
683 1793 747 1842 mini
771 1794 890 1845 Romano
915 1793 986 1846 atiud
1015 1798 1209 1851 substituerent

111 1867 199 1917 diem
225 1867 308 1916 duleas
332 1873 421 1918 coatus
445 1869 560 1920 dominae
576 1870 648 1931 bloy-
683 1870 813 1918 Graecum
832 1870 929 1920 eadem
945 1871 1109 1934 syllabarum
1121 1889 1208 1939 quan·

110 1943 210 1992 motae.
231 1943 279 2002 Qui
292 1943 647 1994 iunxeruntdalciadomtaoe
683 1943 774 1992 titate:
805 1945 845 1994 sic
870 1947 1042 1996 statuendum
1068 1951 1109 1999 est
1134 1950 1159 1999 b.
1188 1950 1205 2000 l.

112 2016 159 2066 vel
179 2015 260 2066 dulcis
275 2018 366 2078 uma,
389 2031 443 2068 uon
460 2020 524 2069 satis
545 2019 646 2082 cogita-
682 2017 840 2077 Ltepomiom
872 2020 1022 2082 significare
1055 2022 1205 2076 Terentiam

111 2095 193 2152 runt,
214 2105 241 2140 v.
252 2097 341 2141 canals
353 2093 471 2155 epitheto
481 2107 573 2143 carere
586 2107 646 2144 om·
682 2092 844 2142 llaeceuatis
856 2105 976 2154 uxorem,
991 2097 1071 2146 etiam
1084 2096 1118 2147 ab
1131 2100 1207 2149 Octa·

112 2168 182 2217 nino
198 2177 354 2230 nonposse,
369 2180 431 2217 cum
443 2169 644 2232 cattosquoque
682 2167 761 2215 viano
781 2165 922 2229 aliquando
946 2170 1080 2230 emaum,
1115 2173 1150 2222 ita
1176 2176 1206 2224 ut

113 2245 144 2291 et
157 2244 252 2302 pactus
268 2254 321 2290 non
333 2242 372 2290 sic
384 2241 455 2292 nude
466 2244 553 2307 posita
565 2244 643 2294 sint.»
681 2241 786 2303 utrique
806 2241 850 2290 bic
878 2239 952 2292 locus
972 2245 1068 2293 eximio
1097 2245 1204 2309 placere

111 2317 214 2366 unsar.
245 2341 273 2350 -·
300 2316 453 2380 immoratae]
479 2317 577 2367 Horatii
604 2321 645 2368 est
681 2314 810 2374 deberet,
844 2315 905 2364 ideo
925 2319 1016 2368 autem
1035 2321 1204 2382 potissimum

108 2391 204 2440 amica
250 2403 283 2438 ex
317 2391 441 2453 opinione
485 2391 644 2444 Mitscberli-
680 2391 812 2440 Graecum
820 2390 872 2440 boo
881 2392 1123 2448 nomendelectum
1132 2409 1201 2458 esse,

109 2465 179 2524 chii,
199 2461 332 2524 Teutielii,
352 2465 506 2516 Frondsenii
523 2469 603 2516 llaec.
614 2481 640 2530 p.
680 2465 753 2527 quod
772 2463 857 2515 simile
875 2469 948 2518 assat
959 2468 1096 2523 Terentiae
1116 2471 1204 2523 fratris

106 2539 169 2590 tac.
190 2539 268 2588 Estne
281 2538 343 2587 lior.
358 2541 400 2589 Pr.
413 2553 440 2603 p.
454 2540 511 2591 396.
530 2542 639 2602 Verum,
680 2539 706 2588 L.
718 2541 808 2590 Licinii
817 2541 944 2592 Varronis
954 2543 1080 2594 Murenae
1092 2548 1201 2598 nomini.

106 2617 137 2664 ut
170 2626 207 2662 ex
244 2613 298 2661 tota
327 2613 481 2664 camnioum
514 2612 640 2686 συλλογῇ
679 2614 755 2674 Quod
779 2618 870 2665 aulem
898 2617 1054 2669 Sanadonus
1080 2622 1203 2683 opinatus

103 2687 261 2748 colligitur,
288 2700 421 2750 nusquam
446 2702 553 2738 amores
578 2703 641 2740 cum
678 2692 733 2749 est,
752 2691 862 2740 minime
875 2690 998 2742 decuisse
1010 2694 1147 2745 Horatium
1165 2699 1203 2747 uti

104 2760 208 2828 puellis
227 2761 348 2823 ingenuis
367 2763 399 2824 (v.
419 2762 468 2824 ts.)
491 2763 541 2813 sibi
559 2763 639 2814 tuisse
679 2765 733 2812 tam
754 2765 852 2814 teneris
877 2765 1018 2826 versibus,
1052 2769 1078 2818 iu
1104 2769 1202 2833 quibus

105 2837 267 2892 memorat;
291 2837 389 2884 etenim
407 2834 503 2888 talibus
520 2839 639 2901 prolecto
677 2836 843 2888 laudatorem
861 2838 895 2888 ab
913 2842 1033 2890 amatore
1045 2843 1088 2890 vix
1100 2842 1203 2894 discer-

103 2925 160 2962 non
182 2909 337 2972 indigebat,
356 2923 419 2960 cum
431 2910 638 2963 lormosissimao
677 2925 733 2972 nas,
747 2911 775 2960 id
787 2911 897 2976 quidem
908 2913 1010 2963 dictum
1023 2919 1063 2965 ast
1075 2929 1106 2966 ax
1119 2929 1201 2968 sensu

104 2989 133 3036 et
150 2989 257 3035 mum
274 2985 370 3034 artium
386 2985 525 3036 libertinae
538 2987 637 3050 ubique
675 2985 906 3048 Fraucogallorum
934 2988 1067 3038 Sanadoni
1101 3003 1202 3054 aequa-

102 3065 129 3113 ei
141 3061 259 3126 praesto
272 3063 370 3120 essent,
390 3074 440 3111 nec
452 3061 559 3112 decoris
575 3077 639 3114 seu·
675 3059 755 3120 lium,
774 3073 827 3110 non
840 3075 872 3110 ex
884 3062 999 3110 amicitia
1012 3076 1052 3122 ea,
1066 3067 1201 3127 quainter

102 3151 152 3188 sus
167 3137 229 3198 ipse
242 3134 418 3196 concedebat,
437 3139 467 3186 ut
477 3137 512 3186 de
523 3138 637 3199 ingenua
675 3147 704 3185 se
717 3136 851 3184 coniuncti
864 3138 940 3184 arant
951 3137 1073 3186 lior-atius
1090 3140 1117 3187 et
1128 3141 1201 3189 blaa-

101 3225 117 3262 a
145 3223 181 3260 se
211 3211 301 3258 amata
325 3222 445 3273 unquam
471 3209 635 3275 loqueretur.
675 3223 765 3260 cenas.
808 3210 847 3259 Da
872 3223 971 3273 sponsa
988 3213 1110 3262 Terentia
1128 3215 1200 3278 quod

101 3288 217 3337 tiorum
241 3295 305 3346 ergo
329 3282 400 3334 illius
425 3287 520 3336 aetatis
539 3287 638 3336 itoma-
674 3286 839 3348 acceperunt
855 3283 988 3344 nonnulli,
1008 3286 1128 3338 moribus
1147 3289 1200 3339 Ito·

101 3371 210 3410 norum
238 3371 348 3421 prorsus
374 3358 448 3410 obliti
478 3363 556 3421 sunt,
592 3363 638 3424 qui
675 3359 760 3408 manis
777 3358 882 3408 videtur
899 3359 1035 3409 adversari
1047 3360 1199 3425 desponsae

100 3432 172 3484 illud
208 3433 368 3482 statuerunt.
421 3433 637 3498 vanderburgius
674 3445 796 3483 amorem
814 3433 989 3496 ttadeptngi,
1008 3437 1123 3486 maxime
1135 3450 1200 3500 pro-

101 3508 192 3558 babat
203 3519 255 3569 pro
266 3504 361 3556 liberta
370 3521 385 3556 a
395 3509 549 3559 Maecenate
562 3523 638 3560 ama·
674 3510 734 3572 pter
743 3507 814 3557 illam
823 3506 976 3559 osculorum
984 3512 1157 3562 mentionem.
1170 3539 1197 3548 -

101 3587 147 3639 ως
177 3593 231 3644 pro
256 3581 318 3631 flcto
343 3584 451 3633 nomine
467 3584 577 3634 Bolbius
594 3585 637 3636 vel
674 3583 729 3632 Nec
741 3594 819 3640 vero,
833 3583 854 3632 si
867 3582 901 3631 de
913 3585 1074 3634 Maecenatis
1087 3588 1199 3650 coniuge

102 3656 191 3722 [quod
219 3657 308 3706 umen
333 3657 384 3721 ipsi
416 3659 505 3708 minus
541 3658 635 3723 placet]
674 3657 895 3719 interpretamur,
914 3658 1199 3711 dominaenomenob-

99 3747 154 3798 pro
174 3743 244 3780 vero
261 3733 362 3782 sororis
378 3735 424 3781 aut
441 3737 568 3796 cognatae
586 3735 638 3796 bp-
674 3733 741 3791 stat,
768 3743 829 3780 uam
850 3732 902 3782 hoc
921 3746 974 3782 nou
993 3735 1082 3784 minus
1101 3748 1199 3787 uxores

99 3807 207 3866 dimoti,
229 3805 351 3856 Caesaris
368 3806 465 3867 liberti,
484 3809 529 3871 qui
542 3807 636 3860 Gallias
674 3818 756 3869 quam
782 3807 882 3856 amicas
907 3807 1034 3868 stabiles,
1066 3813 1094 3859 ut
1122 3814 1199 3860 erant

100 3879 235 3945 spoliavit
260 3879 413 3943 praelectus
439 3881 635 3945 subrogasse,
674 3879 776 3941 Tibulli,
796 3881 936 3944 Propertii,
955 3882 1054 3945 Ovidii,
1073 3897 1127 3934 nou
1144 3886 1198 3936 llo-

100 3958 132 4006 ut
150 3955 271 4004 testatur
285 3953 389 4016 Dioltl,
402 3956 443 4006 at.
464 3959 637 4020 (quapropter
672 3957 749 4016 ratii,
768 3956 817 4006 nisi
843 3955 954 4006 tortasse
980 3958 1096 4021 excipias
1119 3959 1199 4009 Cina-

100 4029 192 4081 edidit
209 4029 359 4089 Lucinam·
385 4030 433 4080 sed
457 4043 551 4082 verum
568 4030 636 4082 illius
674 4043 745 4091 ram,
764 4029 899 4094 appellare
918 4033 980 4081 tunc
997 4031 1127 4082 solebant.
1155 4034 1198 4082 Sic

99 4103 225 4154 bominis
243 4115 343 4153 nomeu
360 4103 408 4154 luit
425 4105 526 4156 Licinus
551 4104 635 4156 tribus
674 4104 708 4154 de
726 4105 838 4168 coniuge
860 4106 934 4156 ovid.
954 4107 1030 4157 trist.
1050 4107 1080 4167 3,
1094 4108 1124 4168 3,
1145 4107 1194 4158 23:

99 4177 166 4240 syll.
181 4175 321 4238 brevibus,
335 4179 366 4228 ut
375 4181 480 4229 constat
489 4193 520 4230 ex
530 4181 635 4244 potitis.)
673 4180 776 4230 Nuntiat
792 4181 839 4230 tua
851 4181 942 4242 aliquis
953 4183 1081 4231 dominam
1094 4183 1196 4242 omissa,

100 4253 159 4315 Ego
179 4249 341 4302 scholiastes
357 4250 477 4315 aliosque
503 4256 636 4317 iuterpre-
674 4267 814 4318 rammam.
835 4256 971 4318 Licymnia
985 4257 1062 4318 igitur
1075 4258 1116 4306 est
1127 4269 1195 4306 nova

101 4331 145 4376 tes
167 4325 309 4390 {imprimis
325 4327 464 4378 Weieharl
484 4331 557 4378 Poet.
577 4329 632 4378 Lat.
676 4332 774 4394 nupta,
802 4329 947 4380 admodum
981 4329 1137 4380 adolescens
1165 4343 1196 4378 ac
