3078 4978
564 425 664 476 irena.
701 425 799 476 canu.
819 424 882 475 rvi.
1212 423 1267 490 73l

221 584 307 660 Vos,
333 580 452 669 quibus
475 590 525 647 est
547 581 663 657 virtus,
687 580 879 648 muliebrem
901 581 1000 648 tollite
1023 581 1142 648 luctum

269 704 406 770 Etrusca
428 712 559 790 praeter
580 711 612 768 et
633 701 738 769 volate
762 702 863 770 litora.
1231 704 1272 768 40

219 827 291 890 Nos
314 833 421 891 manet
443 825 595 890 Oceanus
618 825 860 912 circumvagus:
885 846 975 901 arva,
1000 825 1094 892 beata

266 949 419 1012 Petamus
442 967 519 1012 arva
540 945 657 1012 divites
680 955 713 1011 et
734 945 872 1022 insulas,

220 1067 344 1136 Reddit
365 1066 421 1134 uhi
444 1069 598 1134 Cererem
620 1067 715 1134 tellus
738 1067 861 1135 inarata
883 1069 1054 1157 quotannis

267 1191 307 1255 Et
329 1191 483 1277 imputata
505 1187 600 1255 lloret
620 1210 726 1277 usque
748 1191 857 1267 vinea,

220 1311 390 1378 Germinat
411 1321 443 1377 et
465 1331 631 1398 nunquam
653 1310 789 1378 fallentis
812 1321 932 1379 termes
955 1311 1074 1388 olivae,
1231 1314 1272 1378 45

268 1433 434 1521 Suamque
457 1431 544 1520 pulla
566 1431 647 1500 licus
669 1445 763 1500 ornat
784 1431 953 1512 arborem,

246 1613 288 1664 39.
308 1617 344 1662 est
359 1613 460 1662 4444444
477 1613 622 1677 «Excerpta
639 1611 783 1663 Bodleiana
802 1613 1060 1663 CCCC.‘ennoruml
1079 1612 1150 1678 apud
1162 1615 1241 1665 Bent

209 1687 304 1738 laium.
325 1711 353 1722 -
373 1686 414 1739 44.
433 1687 609 1751 &conceptu
625 1701 691 1738 oreo
708 1688 798 1746 decim
814 1689 930 1739 pommus
945 1703 1013 1739 aruo
1029 1687 1172 1740 Bentleius.

173 1852 250 1903 ματι
263 1830 462 1886 --lltaeowori¹
484 1835 576 1887 Catuli.
591 1835 637 1897 64,
657 1837 706 1888 ³0:
746 1853 806 1904 γος.
831 1839 993 1902 Pomponius
1009 1837 1077 1889 liele
1094 1839 1123 1900 3,
1143 1838 1188 1888 ld:
1207 1839 1272 1888 For-

175 1915 343 1974 Ocsoncspue
363 1916 452 1974 poter,
480 1916 559 1961 totum
584 1913 628 1973 qui
652 1925 709 1962 arn-
746 1918 850 1962 tuactoc
866 1913 963 1962 4444444
979 1913 1109 1964 admotum
1124 1925 1172 1963 sua
1187 1918 1273 1974 sponte

172 1989 298 2051 plectitur
314 1987 410 2047 orbem
439 1989 466 2037 et
482 2000 569 2051 aeque
586 1986 708 2038 absolute
745 1989 834 2052 peritis
859 1993 882 2038 44
907 1987 1009 2038 mitade
1034 1989 1092 2038 otiis
1114 2001 1190 2050 super
1215 1988 1273 2038 attia

174 2061 259 2113 Rutil.
274 2064 301 2123 4,
320 2062 369 2112 56:
398 2064 455 2125 Quo
471 2063 637 2126 circumsessus
658 2065 709 2126 ttu-
745 2062 927 2114 lacescentibus
950 2064 1013 2112 citit
1038 2064 1155 2114 sollicitos
1185 2063 1270 2124 olunt,

174 2142 250 2187 cruat
270 2136 407 2201 Oceania.)
432 2134 486 2197 illa,
515 2151 584 2200 quae
606 2137 706 2197 nostis,
745 2138 841 2188 tectius
861 2151 938 2201 quom
962 2139 1030 2188 etiae
1048 2139 1122 2188 urbes
1146 2138 1269 2188 murtiae.

175 2212 255 2262 44444
271 2225 350 2273 mua,
368 2207 420 2273 τὰς
436 2207 577 2281 μακάρων
587 2206 707 2274 νήσους,
746 2215 873 2264 Ceterum
898 2214 938 2264 sic
962 2215 1015 2264 iam
1040 2215 1121 2278 prisci
1149 2213 1271 2278 Aegyptii

172 2293 319 2350 potamau.»
336 2286 360 2348 2)
374 2286 428 2336 alii:
442 2287 618 2350 circumvagos
628 2298 708 2335 aruo:
745 2287 845 2338 interos
854 2300 917 2338 suos
928 2289 955 2338 in
966 2287 1089 2338 ultimum
1098 2288 1271 2340 Occidentem

176 2361 255 2412 beato
265 2363 380 2410 Petamus
390 2375 464 2410 arua.
483 2358 705 2424 autumnique:
746 2363 926 2411 removerant.

177 2437 357 2499 eircamoapas
384 2449 450 2486 eruo
478 2435 566 2485 444444·
593 2437 709 2486 Potamia
777 2433 866 2486 43-48.
888 2437 976 2487 Reddit
993 2437 1036 2487 cdi
1053 2438 1116 2503 cet]
1135 2437 1197 2488 «ubi
1213 2439 1271 2492 sine

178 2524 257 2560 arec.
276 2510 329 2560 Sed
345 2523 395 2575 per
406 2523 436 2561 se
453 2509 618 2574 intelligitur,
637 2510 708 2560 insu·
744 2509 904 2572 agricultura
929 2513 1000 2562 terra
1023 2525 1056 2563 ex
1078 2525 1108 2563 se
1129 2515 1271 2578 quotannis

178 2584 222 2634 ias
235 2585 383 2635 circumflui
394 2587 512 2637 Oceano:
532 2590 559 2637 et
569 2579 707 2656 ἀναφορὰ
744 2584 820 2635 elteri
832 2584 947 2650 trugesn
959 2587 1045 2637 Reddit
1056 2589 1148 2638 tamen
1158 2589 1194 2638 ita
1206 2603 1272 2652 quo·

177 2661 270 2710 nostro
290 2675 386 2723 sarua,
412 2663 486 2713 beato
507 2667 625 2725 potamau
641 2675 707 2711 areo
744 2672 796 2723 que
817 2671 894 2710 suam
914 2662 1133 2724 significationem
1159 2665 1269 2714 retinet:

177 2733 255 2798 (4444»)
278 2749 342 2787 vero
365 2736 447 2800 lyrica
472 2741 520 2790 est.
550 2739 616 2789 Vide
633 2737 704 2800 Virg.
745 2733 862 2797 «profert
880 2735 1043 2786 trumentum
1061 2738 1137 2798 quasi
1150 2736 1271 2788 debitum

175 2813 244 2860 Aen.
263 2810 294 2871 Ἰ,
313 2813 370 2862 4486.
392 2814 449 2863 4487.
474 2841 501 2850 -
520 2812 706 2872 beato-arua]
743 2809 860 2858 humano
878 2809 1000 2870 generi.»
1021 2833 1049 2844 -
1080 2813 1132 2859 Pro
1158 2810 1272 2860 Cererem

177 2886 251 2948 virg.
267 2886 332 2935 Aen.
354 2887 383 2945 6,
406 2886 470 2936 638:
493 2888 620 2936 Devenere
640 2885 707 2933 locos
743 2882 863 2931 Meineke
881 2883 988 2946 scripsit
1004 2896 1127 2942 cererem,
1151 2896 1205 2945 quo
1221 2897 1272 2947 per

176 2961 257 3010 laetos
277 2963 300 3008 et
320 2971 428 3009 crucem
446 2961 529 3009 otreio
553 2960 707 3009 Fortunate-
743 2957 928 3018 μετωνυμιαν
944 2957 1109 3007 trumentum
1125 2956 1272 3021 intelligen-

176 3047 239 3084 rom
262 3047 393 3084 normam
417 3035 532 3096 sedesque
556 3033 649 3082 444444.
677 3056 704 3067 -
744 3029 810 3080 dum
827 3043 887 3080 esse
906 3028 1002 3081 clarius
1015 3031 1184 3094 significaret.
1216 3032 1268 3083 Cir,

175 3109 269 3158 dieder
285 3115 308 3158 44
325 3109 428 3174 incitos]
447 3108 553 3160 additur
563 3103 708 3172 pendrag-
745 3103 850 3164 Quintil.
870 3106 900 3164 8,
924 3106 951 3166 6,
976 3105 1017 3157 al.
1047 3107 1140 3157 Rarius
1166 3109 1192 3156 in
1218 3108 1270 3158 hoc

176 3180 294 3249 ήγησιν.
328 3184 367 3235 De
391 3183 540 3234 orcadibus
557 3181 648 3233 insulis
666 3183 707 3231 in·
745 3191 843 3242 genere
861 3179 946 3230 Pallas
969 3181 1076 3243 ponitur
1094 3183 1120 3231 et
1144 3195 1193 3245 pro
1211 3181 1271 3232 olea

176 3260 341 3322 terpretatur
358 3261 462 3309 Comm.
483 3261 582 3322 crum,
608 3258 706 3308 rectius
745 3256 772 3304 et
793 3267 842 3318 pro
860 3254 929 3305 oleo.
959 3254 1033 3305 ovid.
1052 3257 1110 3305 Am.
1130 3257 1159 3316 4,
1179 3257 1224 3318 46,
1243 3257 1269 3307 s.

175 3325 352 3399 plerique'de
370 3335 497 3385 canariis.
528 3332 634 3384 Fundus
650 3329 707 3398 μύ-
745 3329 908 3391 Heroidti,
928 3327 969 3380 44.
995 3329 1114 3390 Tristi,
1133 3333 1163 3389 44,
1182 3329 1212 3381 4;
1242 3331 1272 3380 Ut

175 3408 234 3458 θου
261 3409 302 3458 est
326 3408 434 3460 Hesiodi
461 3407 535 3460 loeus
558 3409 591 3458 ad
615 3422 641 3458 v.
663 3408 704 3458 63,
742 3404 805 3468 cipit
820 3406 905 3468 insius
920 3405 1022 3454 Pallade
1038 3405 1224 3468 peonnamlet.
1240 3433 1268 3442 -

177 3483 337 3547 exscriptus.
382 3485 557 3548 Antiquorum
583 3481 616 3534 de
639 3482 706 3533 bea·
744 3478 863 3543 inorata]
898 3481 936 3529 De
971 3478 1089 3543 Γαβίοις
1122 3478 1271 3543 Aeschylus

177 3560 267 3609 torum
298 3556 389 3610 insulis
418 3559 557 3623 opiniones
591 3559 704 3624 optime,
746 3555 847 3616 Fragm.
871 3555 928 3607 484.
948 3556 1041 3606 Dind:
1070 3553 1105 3604 ἵν’
1124 3549 1183 3605 οὔτ’
1198 3547 1272 3626 dipo-

177 3645 242 3682 mox
258 3633 285 3683 in
303 3635 412 3684 easdem
425 3635 602 3698 migraturus,
622 3646 707 3697 expo·
745 3642 814 3697 rpor
831 3623 899 3681 οὔτε
912 3627 1041 3699 γατόμος
1056 3631 1157 3696 Tiausa
1168 3627 1270 3682 dtaeil'

178 3707 232 3758 suit
259 3709 288 3758 C.
308 3708 337 3758 0.
365 3707 457 3760 Mdller
474 3709 500 3758 in
524 3708 707 3759 Parentalibus
744 3699 887 3777 ἄρουραν,
917 3701 978 3756 ἀλλ’
1000 3701 1183 3778 αὑτόσποροι
1199 3703 1271 3758 Γύω

178 3780 309 3846 Guilielmi
325 3783 368 3831 iv.
393 3784 530 3846 Gottingae
552 3783 624 3833 4837.
654 3785 707 3833 Lo·
744 3781 869 3851 φέρουσι
902 3781 1003 3843 litorea
1036 3775 1171 3844 ἄφθονον
1198 3781 1272 3854 βρο-

179 3869 226 3907 cus
256 3857 387 3920 imprimis
412 3857 604 3908 memorandus
622 3859 706 3908 estin
743 3861 815 3920 τοῖς.
836 3883 863 3893 -
881 3857 1015 3920 inperata]
1034 3869 1186 3922 ununquam
1203 3859 1271 3908 vini·

179 3930 313 3981 Socratico
337 3929 380 3980 illo
403 3932 520 3982 Aniocho
543 3932 600 3982 344.
626 3933 655 3982 Ε.
677 3959 704 3968 -
744 3934 809 3983 toris
844 3932 909 3983 laice
943 3934 1011 3982 tacta
1044 3933 1124 3982 lieret
1151 3945 1271 3992 uvasque

179 4003 265 4054 Schol.
285 4003 348 4055 Plot.
366 4019 425 4069 pag.
443 4005 499 4057 934.
520 4007 567 4056 Ed.
582 4007 704 4057 nostrae:
745 4008 821 4058 lert.»
831 4007 884 4058 Cir.
895 4006 1026 4071 Virglicl.
1041 4007 1064 4067 4,
1075 4009 1116 4059 49.
1130 4035 1157 4042 -
1173 4005 1270 4070 terres]

177 4077 469 4144 Πτολεμαῖος--ἐνὸ
478 4080 706 4151 Γεωγραφουμέ-
746 4095 852 4133 uramus
870 4081 944 4133 oleae
963 4095 1024 4132 cum
1042 4081 1117 4132 bacis
1132 4081 1269 4130 dominum

178 4169 235 4204 νων
257 4156 332 4221 φησὶ
355 4151 408 4218 τὰς
431 4151 571 4226 μακάρων
596 4151 706 4220 νήσους
745 4169 882 4220 nunquam
900 4155 964 4207 iallit
980 4155 1022 4206 vel
1045 4156 1140 4219 trigore
1157 4153 1199 4204 vel
1216 4156 1270 4204 sic-

179 4223 211 4294 ’4ξ
227 4225 279 4280 τὸν
295 4223 423 4302 ἀριθμὸν
439 4226 513 4281 εἶναι
530 4227 561 4280 ἐν
577 4227 613 4301 τῇ
625 4225 707 4293 ἐντὸς
744 4232 823 4281 citate
841 4234 943 4283 ustus.»
958 4259 986 4268 -
1004 4231 1084 4280 84444
1094 4257 1109 4267 -
1119 4257 1135 4266 -
1145 4229 1270 4294 ardano]

178 4301 273 4377 Λιβύῃ
290 4301 364 4356 κατὰ
376 4305 409 4356 τὸ
424 4299 603 4357 Ἀτλαντικὸν
620 4302 707 4356 πέλα·
745 4307 800 4357 deo
816 4306 846 4357 44
850 4311 1054 4357 utterstomm.
1078 4305 1153 4357 Voss.
1169 4305 1268 4366 «Ficus,
