3078 4978
735 444 864 494 llOlltl'l'll
882 443 1010 494 Eronos

534 599 626 668 Dulai
650 621 768 688 sopore
791 599 984 688 languidae,

492 725 626 800 Senem,
651 722 740 810 quod
764 717 877 788 ornnes
900 721 1041 798 rideant,
1067 721 1248 788 adulterum

533 846 663 911 Latrent
685 843 875 911 Suburanae
898 864 997 910 canes

492 963 599 1032 Nardo
622 975 830 1052 perunctum,
854 964 952 1052 quale
975 985 1039 1030 non
1062 965 1236 1052 perfectius

532 1088 624 1153 Meae
647 1085 823 1153 laborarint
844 1107 969 1153 manus.
996 1124 1039 1134 -
1371 1089 1416 1152 oo

491 1207 577 1288 Quid
600 1206 742 1274 accidit?
772 1206 837 1273 Cur
858 1205 929 1272 dira
950 1206 1109 1274 barbarae
1133 1208 1238 1273 minus

535 1331 665 1397 Venena
686 1327 821 1394 Medeae
843 1326 978 1394 valent?

387 1532 449 1580 Post
469 1542 494 1578 v.
515 1529 555 1578 at.
575 1527 666 1577 delicit
689 1527 780 1577 Codex
797 1525 815 1575 d
833 1538 918 1589 usque
942 1525 977 1575 ad
997 1527 1080 1590 Epod.
1099 1527 1127 1587 8,
1146 1527 1171 1576 t.
1201 1556 1229 1564 —
1257 1529 1298 1578 59.
1318 1531 1378 1594 aaa]

354 1617 399 1656 nec
415 1605 443 1652 L.
465 1630 492 1638 -
511 1602 552 1652 60.
571 1601 713 1652 laborarint
728 1599 793 1660 bSc,
816 1599 906 1651 Bland
926 1602 1084 1667 antiquiss,
1108 1601 1210 1664 Bentl,
1233 1604 1279 1654 FJ:
1305 1605 1379 1654 tabo-

355 1683 448 1728 rarant
464 1677 583 1738 unctu.

322 1856 406 1906 bonas
424 1853 506 1904 habet
523 1853 695 1904 auctoritates
717 1855 744 1903 et
765 1866 846 1918 prae·
883 1854 948 1919 Epp.
969 1855 997 1913 t,
1016 1854 1044 1914 t,
1064 1855 1110 1904 65:
1133 1855 1415 1919 uenaticia--peitem

320 1933 405 1983 fertur
422 1945 437 1980 a
453 1929 637 1990 Bemhardyo.
882 1928 1008 1977 latravit-
1018 1929 1145 1978 -catuirm
1161 1927 1244 1979 Plaut.
1258 1929 1368 1981 Poenul.
1382 1933 1413 1989 5,

353 2007 394 2056 57.
413 2004 454 2054 58.
480 2004 560 2054 Totus
580 2001 655 2052 locus
673 2015 735 2053 cum
752 2003 845 2054 Bothio
882 2001 910 2063 i,
925 2001 969 2052 ot:
988 2003 1073 2052 Etiam
1083 2016 1203 2052 manaae
1217 2003 1316 2054 latram
1327 2019 1412 2055 omes.

285 2097 288 2102 ·
320 2081 359 2131 sic
371 2077 555 2142 explicandus:
571 2077 715 2141 «Principio
725 2077 844 2127 venefica
885 2104 910 2114 -
931 2075 1089 2140 Suburanae]
1113 2076 1217 2126 Subura
1238 2079 1315 2130 ricus
1337 2079 1414 2130 urbis

321 2156 407 2220 optat,
419 2156 553 2203 utsencm
565 2153 644 2202 noctu
655 2153 845 2216 properantem
882 2152 995 2212 Rornae,
1014 2149 1060 2200 ubi
1079 2149 1236 2200 habitabant
1252 2152 1411 2215 prostibula.

319 2230 355 2280 ad
366 2229 481 2278 amicam
498 2226 614 2291 aliquam
626 2225 793 2277 Suburanam
805 2225 845 2276 al-
883 2226 955 2275 Pers.
975 2227 1028 2274 Sat.
1047 2227 1076 2285 5,
1104 2225 1145 2274 32.
1176 2226 1288 2278 Martini.
1307 2228 1336 2288 6,
1363 2229 1411 2278 66:

318 2304 415 2355 latrent
430 2301 650 2365 absterreantque
663 2315 679 2352 a
691 2301 791 2352 loribus
803 2314 846 2350 ca·
882 2300 976 2349 Factae
991 2313 1042 2348 aaa
1058 2300 1164 2348 nimium
1181 2300 1260 2350 bocca
1276 2303 1410 2365 mattam,

320 2391 368 2428 nes
397 2377 454 2426 eius
482 2377 548 2435 viai,
578 2388 632 2438 quo
661 2377 730 2426 iacto
755 2374 787 2424 nd
814 2389 843 2425 se
883 2374 973 2436 (iactas
989 2375 1015 2424 ia
1032 2375 1115 2423 aredio
1132 2375 1215 2424 sedeat
1235 2375 1340 2426 Sabura
1356 2383 1410 2428 cet.

319 2453 406 2515 ipsam
431 2449 580 2499 rediturum
603 2461 666 2498 eum
686 2451 777 2513 sperat
796 2462 845 2498 cu·
885 2475 911 2483 —
924 2449 1023 2497 Veram
1040 2449 1202 2512 scripturam
1219 2451 1323 2501 Sabura
1333 2465 1413 2516 prae-

319 2523 409 2589 pidine
426 2522 578 2586 abreptum.
614 2523 666 2572 Sed
689 2526 779 2574 tacent
798 2537 845 2574 ca·
881 2521 946 2572 beat
965 2523 1111 2585 inscriptt.;
1129 2521 1207 2586 volgo
1232 2525 1364 2582 Samarra,
1383 2529 1414 2576 ut

319 2609 377 2650 aes.
411 2596 451 2647 lbi
469 2595 564 2646 mulier
581 2611 606 2645 v.
626 2598 670 2646 ot:
698 2597 781 2658 uQuid
797 2613 845 2648 ac·
881 2610 910 2646 re
928 2609 992 2646 vera
1010 2599 1051 2646 est
1068 2598 1094 2646 in
1111 2598 1183 2648 Sexti
1199 2600 1257 2648 nun
1274 2602 1409 2666 Descript.

319 2672 400 2724 cidit‘i
426 2684 474 2722 cur
490 2684 544 2722 non
561 2672 634 2720 venit
650 2672 750 2731 Varus;
776 2685 844 2736 quo·
881 2670 955 2722 urbis
981 2672 1079 2720 Romae
1105 2672 1178 2735 apud
1203 2675 1305 2724 Canina
1332 2677 1412 2726 torno

318 2747 399 2798 modo
434 2746 486 2795 mei
520 2757 573 2794 non
604 2747 738 2807 meminit,
774 2759 843 2810 quae
881 2747 967 2796 antica
987 2760 1012 2809 p.
1031 2745 1070 2796 at.
1102 2747 1166 2796 Erat
1190 2751 1281 2799 autem
1308 2751 1359 2800 sita
1385 2753 1411 2802 in

318 2819 406 2872 cubile
428 2821 485 2870 eius
507 2832 540 2869 eo
566 2820 762 2872 medicamento
785 2835 844 2871 ma·
882 2819 957 2872 Urbis
974 2820 1115 2882 regionum
1136 2822 1231 2872 tertiae
1249 2825 1278 2872 et
1299 2827 1411 2887 queue

317 2897 377 2962 gico
401 2894 538 2956 unxerim,
569 2895 642 2958 quod
671 2895 843 2945 meretricum
882 2893 1005 2944 confinio.
1036 2893 1103 2944 ibid.
1122 2909 1149 2959 p.
1167 2897 1208 2946 Ἡ.

318 2971 452 3029 omnium,
480 2970 610 3032 quotquot
629 2971 704 3030 sunt,
732 2967 845 3019 oblivio·
915 2969 955 3017 59.
975 2968 1015 3018 6⁰.
1034 2968 1131 3029 Nerato]
1151 2974 1305 3034 «unguento
1318 2973 1411 3024 nardi-

318 3057 382 3095 nem
408 3043 535 3094 inducere
561 3041 714 3092 rideretur?
742 3043 845 3093 Dormit
883 3055 949 3103 ηομ)
978 3041 1012 3091 de
1034 3044 1108 3092 cuius
1129 3044 1240 3094 mistura
1263 3047 1319 3096 vid.
1346 3047 1408 3098 run.

317 3123 421 3178 tamen¹
450 3118 617 3180 consurgit,
644 3131 732 3180 neque
757 3117 845 3167 Subu-
883 3117 913 3166 il.
928 3118 958 3165 N.
974 3116 1012 3176 ta,
1029 3118 1052 3165 i.
1076 3141 1103 3151 -
1127 3119 1287 3182 perunctam]
1306 3125 1337 3169 ut
1356 3123 1412 3170 Sta-

316 3207 376 3244 ram
401 3206 451 3243 nec
476 3205 520 3241 me
547 3192 642 3254 petit.»
682 3191 754 3241 Haeo
779 3191 844 3242 dum
882 3188 935 3240 lino
947 3191 1066 3240 comicus
1078 3203 1161 3241 senex
1179 3193 1205 3242 in
1221 3191 1305 3244 Plauti
1318 3196 1408 3246 casin.

318 3268 394 3330 dicit,
422 3267 570 3332 propinqua
592 3264 679 3329 aliqua
696 3267 789 3328 domo,
815 3268 845 3316 ut
881 3266 913 3326 t,
940 3262 969 3324 3,
996 3265 1022 3312 9:
1048 3270 1183 3327 postquam
1207 3281 1266 3317 arno
1291 3269 1410 3318 Ceam

319 3344 452 3394 coniicere
472 3341 548 3402 lieet,
576 3344 719 3391 exeuntem
737 3341 845 3406 conspi-
881 3339 963 3403 acopis
978 3340 1049 3389 initio
1061 3340 1190 3390 munditiis
1200 3343 1410 3394 blanditiarum·

318 3419 354 3468 eit
379 3429 473 3469 senem
494 3418 521 3465 et
542 3416 576 3465 ad
599 3417 687 3465 scorta
705 3427 734 3465 se
753 3415 846 3465 conse·
881 3413 959 3472 tidem·
971 3415 1118 3476 marmora
1128 3417 1409 3478 mmersoliicitomti-

317 3494 423 3542 rentem
441 3503 506 3541 cane
524 3489 636 3540 latrante
651 3487 731 3540 nulio.
768 3490 843 3548 Quod
881 3501 978 3550 cneque
992 3493 1146 3552 aapaeatwn
1163 3495 1199 3539 cst
1214 3491 1338 3553 apiciana,
1360 3505 1409 3540 aa·

318 3567 436 3616 sentiens
452 3563 842 3625 exclamatv.7t.Ait,aioet.
881 3577 942 3625 por,
969 3563 999 3611 Ut
1014 3563 1052 3612 titt
1071 3564 1198 3626 placeam.
1221 3593 1248 3601 -
1267 3567 1343 3628 quob
1360 3581 1406 3615 aaa

320 3640 461 3700 «Video»,
486 3640 571 3703 inquit
596 3651 688 3702 maga,
721 3639 766 3688 «vi
784 3651 844 3688 mea
877 3636 1020 3701 perfectae]
1034 3638 1133 3689 Eadem
1142 3641 1342 3690 constructione
1354 3641 1406 3690 Sat.

318 3712 420 3765 solutus
432 3713 501 3774 abit,
520 3727 602 3778 quem
614 3715 716 3764 irritam
727 3726 846 3764 euocar-
883 3713 913 3772 t,
939 3713 969 3772 ὅ,
996 3711 1043 3762 tt:
1076 3715 1191 3774 animoa,
1221 3715 1308 3774 audes
1332 3727 1410 3778 aeque

319 3789 391 3838 miae
411 3786 527 3838 reddidit
543 3787 593 3846 ntia
612 3787 745 3852 quaedam
760 3790 847 3840 soien—
882 3787 1038 3838 candidiores
1057 3787 1134 3838 tarra
1150 3789 1207 3838 tuiit
1223 3793 1275 3839 eet.
1297 3817 1324 3826 -
1338 3789 1409 3838 tabo-

320 3863 370 3915 tior
387 3875 431 3912 me
447 3863 575 3913 venetica.
595 3862 711 3912 Festinat
727 3861 846 3914 adamo-
882 3861 978 3926 cariat]
1004 3875 1090 3926 aquo,
1109 3864 1131 3914 si
1148 3861 1190 3914 rel
1208 3863 1325 3914 manime
1352 3861 1409 3914 vel-

318 3952 372 3990 res.
408 3937 461 3987 Sed
479 3935 513 3986 ad
531 3949 574 3986 me
596 3949 734 3998 recurres,
758 3938 843 4005 Varffi
882 3936 948 3997 iem,
976 3935 1111 3988 odorau'us
1129 3938 1156 3988 et
1181 3936 1317 3988 efficacius
1338 3937 1408 3988 aliud

319 4012 437 4066 insolitas
456 4023 543 4075 neque
560 4009 707 4061 vincendas
722 4013 844 4075 potiones
882 4023 1043 4076 praeparare
1077 4023 1129 4061 non
1157 4024 1294 4075 possem.»
1338 4013 1409 4062 ilaec

319 4087 432 4153 parabo,
453 4085 550 4151 quibus
568 4087 639 4135 totus
651 4097 743 4135 amore
755 4087 845 4138 incen·
882 4085 960 4136 lectio
983 4084 1157 4150 praeferenda
1176 4085 1318 4136 videbatur
1335 4084 1408 4136 alteri

319 4164 391 4214 deris
409 4165 553 4225 menteque
575 4157 754 4210 alienabere.»
783 4161 845 4225 (lte-
882 4160 1044 4211 laborarent:
1074 4159 1238 4225 «perfectius
1263 4159 1406 4220 omnibus,

318 4237 377 4301 gelii
399 4237 646 4302 interpretationem
663 4235 724 4285 ride
743 4236 769 4286 in
792 4237 844 4286 Ex·
883 4249 951 4299 qaae
970 4247 1087 4298 unquam
1105 4236 1290 4299 praeparari·
1312 4259 1341 4270 -
1360 4235 1407 4286 Ca·

320 4325 400 4363 cursu
421 4312 450 4372 i.)
478 4339 504 4347 -
530 4309 791 4374 senaa-totam]
815 4313 845 4360 ut
882 4309 953 4360 nidia
975 4309 1078 4360 deridet
1100 4321 1194 4362 senem
1211 4311 1407 4373 redamatque
