2998 4980
499 453 556 502 ΗΒ.
576 454 595 502 i.
632 455 660 502 C.
680 453 764 504 xxii?

427 907 824 969 cmm

274 1095 399 1180 integer
419 1095 502 1160 vitae
524 1095 722 1185 scelerisque
743 1119 843 1185 purus

274 1216 342 1280 Non
365 1225 439 1303 eget
460 1217 577 1282 Mauris
601 1218 713 1284 iaculis
734 1239 841 1307 neque
863 1239 938 1284 arou

274 1338 339 1402 Nec
361 1338 525 1404 venenatis
546 1338 678 1425 gravida
699 1340 835 1426 sagittis,

400 1461 517 1536 Fusco,
541 1459 705 1546 pharetra,

273 1627 348 1694 Sive
369 1648 429 1714 per
450 1628 562 1717 Syrtes
584 1627 645 1693 iter
666 1639 833 1695 aestuosas

276 1749 351 1814 Sive
371 1748 512 1816 secturus
534 1771 594 1836 per
615 1749 839 1837 inhospitalem

148 1965 223 2016 iiiiil.
260 1966 343 2015 inser.
362 1963 431 2028 voig.
464 1965 767 2016 Ariminensem.
795 1994 820 2002 -
847 1967 1007 2021 Anrmmm
1034 1969 1079 2018 ST.
1102 1998 1127 2005 -

120 2040 244 2091 itineri
263 2041 290 2102 d,
309 2053 379 2091 corr.
397 2057 424 2101 κ,
443 2053 512 2091 unus
529 2040 675 2102 Puimenni,
693 2040 784 2092 Aldus.
809 2043 850 2105 (Ut
866 2054 923 2102 nos,
942 2043 1025 2093 ceteri
1037 2044 1127 2104 nostri,

120 2111 201 2250 ppos,
211 2129 263 2240 pp.
276 2131 303 2165 κ.
323 2118 447 2179 quattuor
462 2115 565 2178 Biand.,
582 2118 649 2166 Pott.
664 2118 743 2181 octo.)
763 2146 790 2154 -
809 2117 894 2180 neque]
912 2131 956 2167 uec
972 2118 1037 2168 bST.
1059 2147 1086 2156 -
1105 2121 1128 2170 5.

165 2191 196 2240 tis
256 2229 262 2238 .

122 2385 190 2435 iiiiii.
226 2386 405 2436 Securitatem
429 2388 524 2450 poetae
547 2385 609 2436 nui—
644 2399 735 2437 rorum
755 2388 837 2437 ornus
857 2387 909 2438 vid.
933 2388 1007 2438 Hirtii
1028 2389 1092 2440 Boii.
1110 2391 1163 2442 Air.

94 2454 136 2506 iius
152 2459 244 2524 cuipue
263 2458 314 2510 sibi
331 2461 433 2511 conscii
448 2465 475 2510 et
486 2475 500 2511 4
513 2461 554 2512 dis
564 2460 607 2511 vei
644 2474 668 2511 o.
681 2462 705 2510 7.
719 2459 804 2510 strab.
819 2462 858 2522 ti,
872 2461 896 2512 3.
909 2474 936 2526 ρ.
950 2461 1007 2513 tet.
1021 2464 1162 2515 Herodian.

96 2530 154 2581 inter
169 2533 541 2598 maximoperieuiebenigne
559 2548 609 2586 cu·
645 2536 672 2595 4,
692 2535 749 2584 tt.»
771 2537 917 2586 Scunosren
936 2537 1044 2598 Quaestt.
1064 2539 1163 2589 Horati.

97 2606 174 2657 stoditi
189 2608 338 2672 praedicet.
367 2609 469 2660 Eadem
487 2611 529 2659 est
545 2622 608 2659 sen·
644 2607 749 2658 Seerbr.
770 2609 842 2660 4847.
861 2623 888 2674 p.
908 2611 932 2660 6.

97 2681 166 2731 tentis
181 2687 262 2746 atque
280 2683 328 2734 od.
347 2684 372 2744 4,
392 2684 432 2744 tr,
452 2685 496 2734 ⁴3:
518 2685 553 2734 Di
569 2697 608 2732 me
676 2681 700 2732 4.
730 2683 814 2747 nece]
833 2685 943 2735 intimos
965 2687 1046 2736 enimi
1067 2700 1164 2740 sensus

97 2757 197 2818 tuentur,
227 2760 266 2808 sits
286 2759 369 2820 pietas
392 2771 449 2808 ntea
473 2758 507 2808 Ei
532 2760 608 2808 44444
643 2758 694 2807 heo
719 2757 831 2822 simplici
855 2758 1013 2810 eiiocutione
1035 2774 1098 2813 eum
1119 2777 1166 2814 ce-

97 2831 155 2878 corti
175 2839 217 2882 est.
260 2834 391 2897 Tempus,
418 2846 471 2896 quo
497 2847 606 2884 carmen
643 2832 750 2882 sissimo
762 2835 847 2884 ennon
860 2835 1048 2897 communicet,
1067 2836 1101 2886 ds
1113 2849 1166 2900 quo

99 2907 267 2968 compositum
295 2908 341 2968 sit,
370 2907 474 2956 definiri
501 2909 605 2971 nequit;
642 2906 704 2956 vide
721 2907 773 2956 Sat.
795 2910 818 2968 4,
837 2908 861 2966 9,
881 2909 920 2957 64.
940 2910 1005 2974 Ερρ.
1027 2911 1049 2971 4,
1070 2912 1108 2960 iti.

97 2975 262 3031 Weieimneer
278 2981 362 3031 reiert
378 2981 413 3030 ed
423 2996 446 3032 a.
459 2995 486 3032 u.
500 2997 523 3033 e.
538 2981 605 3044 tut,
675 2982 700 3031 5.
729 2982 839 3042 844444-
850 2985 983 3047 aestuosas]
1007 2983 1114 3048 Expiieo
1131 2985 1165 3036 de

97 3051 605 3108 Gmteiendetie.'i3ti.Vid.Excursum.
644 3067 690 3104 ora
707 3053 800 3106 iiioraii
823 3069 936 3106 arenosa
958 3058 1079 3120 Syrtibus
1100 3061 1166 3110 vici-

125 3126 145 3175 4.
172 3129 270 3193 4444944
284 3130 360 3194 suae]
386 3131 550 3194 Frequenter
567 3131 607 3181 sie
643 3141 692 3188 ne,
714 3142 764 3193 per
785 3143 869 3192 quam
892 3131 978 3181 editus
1000 3134 1058 3182 eret
1074 3134 1100 3183 in
1117 3130 1166 3183 ne-

99 3203 245 3253 construunt
261 3206 367 3268 poetae.
386 3205 438 3254 Set.
457 3207 482 3264 2,
501 3205 525 3264 3,
543 3206 605 3254 220:
643 3217 704 3254 mus
726 3217 758 3253 eo
781 3204 910 3268 tempium
931 3207 1000 3256 Iovis
1017 3209 1163 3268 Ammonis,

97 3271 323 3338 inteperestanimt.
345 3279 415 3341 virg.
429 3281 493 3329 Aen.
507 3278 535 3340 9,
547 3279 604 3328 453.
643 3282 673 3328 ut
688 3280 758 3342 virg.
779 3281 843 3330 Aen.
862 3282 890 3342 o,
913 3282 957 3330 st:
984 3283 1055 3332 Hune
1076 3283 1164 3346 (diem)

98 3349 120 3394 et
133 3349 201 3400 ovid.
220 3354 281 3403 4444,
301 3353 325 3414 9,
346 3351 389 3403 tit
400 3367 406 3400 ε
431 3353 526 3416 intepet·
541 3353 604 3402 4444.
643 3344 689 3416 epo
697 3355 808 3404 Gaetulis
818 3368 918 3418 sperem
928 3356 949 3404 si
958 3355 1072 3417 Syrtibus
1082 3351 1161 3407 mest.

101 3425 279 3501 Tsceietsque
298 3427 388 3491 pum]
414 3428 457 3477 Sic
477 3423 607 3496 καθαρὸς
643 3428 743 3477 Eadem
769 3429 959 3491 significatione
986 3445 1036 3494 pro
1063 3431 1164 3482 iervide

98 3490 206 3561 ᾱδικίας.
220 3503 317 3552 Contra
327 3515 359 3551 ex
369 3514 420 3550 usu
431 3514 528 3564 prosae
538 3505 605 3553 oret.
643 3508 782 3553 aestutosem
793 3505 936 3554 Calabriam
948 3504 1012 3555 dicit
1022 3506 1070 3556 od.
1085 3509 1108 3566 4,
1121 3505 1162 3568 34,

100 3567 142 3618 Set.
159 3574 183 3634 4,
201 3576 224 3634 3,
243 3576 305 3626 ste:
320 3589 417 3638 pumen
432 3579 493 3626 vitio
509 3591 561 3627 eor.
642 3579 681 3637 5.,
702 3583 841 3628 oestumam
856 3580 925 3628 viam
942 3579 996 3629 Cic.
1016 3579 1050 3629 ud
1067 3582 1118 3629 ntt.
1137 3581 1162 3640 5,

124 3646 145 3694 i.
156 3648 177 3697 3.
190 3651 296 3714 Mauris]
308 3653 502 3714 Mauretaniois‚
516 3655 546 3702 ut
556 3653 604 3703 Od.
643 3651 689 3711 44,
703 3653 726 3701 4.
740 3651 832 3702 Catuli.
846 3655 875 3714 7,
889 3653 916 3704 i:
931 3654 1033 3714 (insertis
1044 3655 1162 3703 Orestem

99 3715 118 3773 3,
128 3721 163 3782 40,
173 3724 215 3774 ⁴8:
227 3727 366 3776 Meuris·-
374 3727 505 3790 atquibus,
519 3731 546 3777 et
557 3728 604 3778 Od.
640 3727 705 3776 Iouis
714 3727 779 3775 inter
789 3728 895 3776 aestuosi
906 3727 1015 3777 is’tBattt'
1024 3729 1114 3778 veteris
1123 3741 1164 3778 sa-

99 3791 151 3853 tt,
167 3799 205 3848 28.
231 3803 333 3851 4444444
349 3815 411 3862 aper
421 3815 471 3865 pro
482 3803 603 3852 Marsico.
641 3801 873 3862 sementem.
893 3803 930 3852 id.
943 3800 1025 3861 tos:
1044 3803 1164 3852 Nicaeae·

99 3863 238 3924 Pedestrem
255 3877 323 3924 oret.
336 3874 451 3925 referret
462 3877 558 3938 444444,
576 3878 607 3926 ut
642 3889 689 3937 que
704 3875 982 3939 opeubmoestuosee.
1012 3874 1162 3940 444444444-

99 3937 161 3990 0iid.
179 3946 242 4000 Fosi.
255 3951 281 4008 5,
293 3949 354 3999 580:
372 3951 530 4014 Persequitur
545 3953 608 4000 Per*-
641 3949 725 4000 lentes
743 3950 790 3999 0d.
804 3952 828 4011 2,
841 3951 866 4012 5,
879 3951 907 4000 3:
925 3949 1056 4000 Barbarus
1066 3951 1160 4012 Syrtes,

98 4011 134 4061 ‘M
147 4017 215 4081 44444
228 4028 326 4073 retente
346 4037 441 4086 mesu,
468 4024 511 4075 elii
535 4024 604 4075 maie
640 4024 682 4074 444
697 4025 793 4075 Maura
808 4024 1101 4086 memmatensis,
1121 4025 1162 4074 in-

98 4085 179 4142 Pssiiii.
193 4123 218 4132 -
229 4099 348 4162 praeite]
364 4098 451 4163 piene.
471 4101 539 4150 Cum
550 4099 602 4151 ahi.
641 4101 821 4162 terpretentur
842 4098 876 4148 de
896 4098 1022 4150 fluctibus
1039 4099 1161 4162 recipro-

100 4158 153 4214 444
172 4169 214 4222 ov.
239 4174 309 4224 Fosi,
333 4173 365 4236 4,
394 4174 458 4225 633:
484 4175 606 4238 provides
641 4175 692 4234 eis,
719 4174 901 4235 aestuantibus,
930 4173 1159 4224 tumultuantibus.

100 4240 602 4312 tutissimae·nungentesimo:
673 4249 696 4298 6.
715 4251 739 4298 4.
775 4249 914 4300 Carmonem
930 4247 1053 4312 Aeschyi.
1070 4251 1158 4298 Prom.

101 4307 169 4364 Μὴ
183 4333 238 4381 ones
253 4325 382 4387 providae
404 4353 431 4362 -
451 4327 510 4375 4444
530 4326 604 4376 iisn-
639 4324 680 4374 24.
699 4315 895 4392 ἀπάνθρωπον
912 4319 1004 4388 πάγον
1021 4325 1106 4373 vocet.

174 4407 259 4460 Hom.
277 4427 331 4462 vos.
349 4417 365 4460 i.
397 4427 427 4460 en
442 4427 519 4462 ernon
535 4415 568 4460 iii.
978 4414 991 4456 9
