3002 4974
505 462 563 511 ΗΒ.
584 461 613 511 ll.
650 462 678 512 C.
699 461 762 512 xvi

281 617 381 682 Ocior
403 614 508 682 cervis
532 625 564 681 et
586 626 699 703 agente
724 615 850 682 nimbos

365 739 465 807 Ocior
487 739 582 804 Euro.

278 859 396 964 Laetus
413 898 445 962 in
460 917 617 985 praesens
634 897 759 963 animus
774 896 863 983 quod
878 895 961 963 ultra
976 905 1026 962 est
1154 897 1194 960 ati

280 1019 394 1086 Oderit
415 1039 530 1085 curare
553 1028 585 1084 et
606 1017 824 1084 amarulente
997 1014 1007 1049 ⁸

278 1142 449 1228 Temperet
471 1141 560 1219 risu3
584 1140 661 1206 nihil
683 1149 735 1207 est
756 1139 796 1205 ab
819 1139 905 1204 omni
941 1070 1102 1274 ὓ

992 1276 1072 1306 ’Ἰ

1042 1042 1054 1071 d

177 1369 216 1418 λδ.
235 1369 301 1420 laeto
319 1370 351 1418 Ct
375 1369 475 1430 (corba
493 1365 577 1418 Codd.
597 1368 701 1418 nostros
719 1367 746 1416 et
762 1368 828 1416 Pott.
848 1367 967 1428 omues),
986 1367 1036 1416 leni
1051 1366 1160 1418 Bentleii

145 1455 269 1580 sruopppppps
303 1445 445 1493 Praeterea
462 1441 535 1493 idem
552 1441 705 1492 dubitanter
720 1441 861 1506 proponit:
880 1441 961 1490 animi
972 1468 987 1478 -
997 1469 1011 1480 -
1024 1441 1134 1492 Oderis-
1146 1468 1161 1478 -

116 1713 201 1764 moedi.
220 1714 248 1776 9,
267 1713 329 1765 409:
352 1713 424 1764 oasa
439 1713 575 1776 numaque
586 1715 632 1763 cto-
668 1713 717 1776 ipsi
735 1723 856 1762 amarum
870 1711 1017 1775 (ingratum)
1030 1713 1116 1775 primo
1127 1726 1194 1762 oon-

116 1800 216 1848 atcsqus.
251 1790 350 1838 Lucan.
370 1788 399 1848 8,
418 1786 479 1838 33l:
498 1789 633 1852 transsitoo
669 1790 764 1852 spectu
786 1787 920 1849 videatur,
947 1787 974 1837 id
997 1789 1086 1838 tamen
1112 1787 1193 1838 veluti

116 1863 405 1914 moadi.l’etmu.l'r.5:
418 1863 633 1913 Ciconiuneatsul
668 1861 811 1914 subridens
834 1862 965 1926 despiciat
985 1875 1101 1926 moxque
1124 1862 1193 1913 obli-

116 1935 414 1998 liemia,Graecomodo;
427 1936 629 2004 Euripflippol,
668 1938 834 1989 necaturi?
847 1966 875 1973 —
898 1939 965 2000 qood
984 1938 1054 1986 uitro
1076 1939 1119 2002 est]
1142 1933 1193 1987 «τὰ

117 2009 170 2059 tat:
187 2005 444 2078 ἔκδημος-χθονός.
462 2012 573 2062 Theocr.
587 2012 628 2074 Bi,
668 2005 781 2082 πόῤῥω,
802 2013 917 2075 sudoro.»
938 2039 965 2047 -
988 2013 1081 2076 Oderit]
1104 2013 1191 2074 odisse

118 2084 168 2133 tat:
186 2082 416 2158 φογὰςἌργεος.
665 2087 753 2150 mere
769 2086 840 2151 apud
857 2089 950 2152 poetas
968 2100 1017 2150 pro
1031 2085 1141 2136 «nolle».
1163 2115 1191 2124 -

144 2160 180 2208 il.
197 2162 424 2226 Scaeam-ocra]
439 2162 486 2212 Od.
500 2162 525 2222 3,
539 2161 550 2210 l
562 2201 568 2222 ‚
581 2159 628 2212 to:
666 2160 739 2225 lento]
753 2163 870 2224 «quieto,
885 2162 1039 2212 moderato»
1049 2161 1190 2226 (paiusseoh

116 2231 274 2296 imitantem
285 2239 422 2287 sedetotrc
433 2237 510 2286 ίιινο.
524 2237 628 2285 Lucret.
667 2249 730 2285 uam
753 2237 822 2286 risus
844 2237 886 2286 est
906 2237 986 2286 etiarn
1004 2235 1189 2298 contumeliae,

116 2306 141 2364 i,
153 2307 194 2358 lli:
206 2313 443 2372 decacuminatio
453 2311 580 2360 mutinum
588 2324 631 2360 ον-
667 2311 709 2360 est
719 2309 853 2359 interdum
865 2309 1071 2373 desperationis,
1089 2309 1192 2360 violen-

117 2393 200 2442 roacae
214 2399 332 2448 sequaces
348 2387 399 2436 Νοο
414 2390 527 2435 metuont
536 2385 632 2434 ιονιιιιιο
667 2387 718 2434 tus.
737 2384 779 2434 Sic
790 2384 862 2447 apud
873 2385 928 2434 Cic.
942 2385 976 2434 de
988 2385 1031 2434 Or.
1045 2387 1071 2446 B,
1090 2384 1114 2448 ἕ.
1132 2384 1189 2434 490,

118 2467 236 2509 amanen
251 2475 297 2511 neo
319 2461 376 2524 saro
393 2461 443 2510 teto
457 2459 630 2521 audacterque
665 2460 721 2508 irae
742 2459 886 2522 opponitur
909 2459 1006 2521 aliquid
1028 2459 1091 2510 lente
1112 2461 1188 2523 serre

116 2529 172 2579 inter
190 2547 258 2597 repes
277 2547 414 2595 renumque
430 2538 542 2596 potetates
567 2529 631 2582 Vor-
666 2533 736 2595 virg.
755 2531 809 2583 Bel.
829 2534 857 2594 i,
876 2533 905 2584 l:
930 2535 977 2594 lu,
998 2534 1092 2596 Tityre,
1111 2535 1191 2584 tantm

116 2610 193 2655 umor
208 2621 286 2670 nsque
301 2609 426 2672 hilqorcm
440 2612 587 2658 reverenter
597 2607 629 2656 ab
664 2607 692 2656 in
702 2607 793 2656 sembra
807 2609 869 2668 cet,
889 2607 934 2658 ubi
945 2609 1077 2671 Wagner:
1097 2610 1192 2660 «tenna

116 2689 172 2728 oreo
190 2683 240 2732 Nec
260 2685 361 2733 ciorum
380 2683 454 2732 vestis
474 2683 629 2744 ephndorem
666 2685 707 2732 est
734 2681 903 2745 tranquillus,
933 2696 987 2733 non
1012 2685 1189 2735 commotus.»

113 2760 250 2815 commeat.
280 2783 309 2794 —
335 2757 439 2820 vitioso]
466 2755 626 2816 «morbosa,
666 2755 717 2818 (lbi
746 2769 853 2819 quoqrre
885 2757 969 2807 Codd.
1000 2756 1061 2820 aliq.
1090 2759 1190 2822 basta)

117 2839 142 2874 er
166 2832 257 2882 mentis
281 2831 345 2881 vitio
371 2833 460 2881 orta.»
489 2857 516 2866 -
542 2829 627 2893 οοοοι]
666 2829 771 2881 Cousol.
794 2829 829 2879 ad
851 2832 905 2880 Liv.
926 2832 991 2894 hug.
1011 2833 1072 2881 tis:
1103 2833 1191 2882 Cono-

116 2899 294 2967 Ercerpiorum
320 2904 395 2956 Bodl.
418 2918 515 2968 puppes
539 2907 627 2954 ortum
665 2909 730 2954 stum
740 2905 945 2966 laetisqusoeulis
954 2905 1191 2969 lemmquamlaich·

116 2978 151 3024 eet
165 2977 204 3028 rel
221 2993 253 3029 ex
270 2980 383 3032 fortuitis
398 2979 447 3030 illis
458 2978 627 3029 librariorum
663 2979 757 3042 pallia,
774 2978 925 3042 indifferent)
941 2979 1027 3029 uidebo
1043 2981 1132 3030 Strato
1141 2993 1191 3042 per

116 3047 329 3114 donationibus,
349 3054 447 3118 quibus
462 3055 627 3116 homonyma
664 3053 796 3102 obscoenus
819 3067 929 3115 corpora
952 3055 1022 3103 nuda
1045 3054 1109 3103 vias.
1147 3056 1189 3106 Sic

116 3121 158 3173 alia
174 3125 227 3178 aliis
243 3129 420 3190 substituunt,
442 3127 485 3180 vel
508 3141 542 3178 ex
558 3141 627 3178 veno
665 3128 745 3177 etiam
768 3125 892 3178 Martialis
914 3128 945 3187 B,
962 3126 1007 3188 46,
1027 3128 1054 3178 i:
1082 3128 1117 3177 Τιι
1132 3142 1189 3190 spa-

117 3195 248 3262 degautiae
266 3202 365 3254 studio.
663 3207 717 3252 etos
738 3202 841 3250 hiemem
862 3202 979 3250 ινοοιοοιι·
1001 3202 1081 3252 terrm
1102 3203 1186 3254 emim.

144 3274 629 3342 itiitunmuqaitmnjproprieao-
665 3276 714 3335 Qui
731 3289 784 3325 nou
802 3273 996 3337 intelligebant,
1023 3277 1189 3341 scripserunt

116 3345 254 3409 cipiendum
276 3352 311 3402 de
332 3352 466 3416 equitibus
483 3353 509 3401 iu
526 3351 627 3402 bellum
663 3351 737 3412 lueto¹
756 3349 829 3414 quod
846 3349 1011 3400 intolerabile
1029 3353 1071 3402 est
1088 3354 1186 3415 postu.

116 3423 344 3485 pmilciscentibus3
363 3427 414 3478 hos
431 3425 554 3489 angitvel
567 3439 628 3477 suo-
663 3427 760 3475 ιοοοιιι.
779 3424 888 3476 Bentleii
905 3425 954 3474 leni
970 3427 1032 3489 epta
1049 3429 1091 3476 est
1105 3427 1189 3476 iuter-

117 3507 168 3546 rum
178 3499 338 3552 desiderium
347 3500 390 3551 vel
401 3501 519 3564 praedae
529 3501 626 3566 cupido
662 3500 789 3563 protetio,
816 3513 870 3550 nou
888 3499 1048 3550 emendatio.
1083 3499 1186 3551 hntbol.

116 3567 152 3618 vel
166 3575 254 3624 mortis
271 3577 359 3626 timor.
379 3601 407 3612 -
426 3575 521 3640 οοοιιιο]
546 3589 625 3640 eprae
663 3572 716 3623 Pal.
740 3574 759 3622 l.
778 3587 806 3637 p.
826 3573 890 3623 349:
915 3567 943 3624 Ὁ
969 3569 1022 3623 τὸν
1047 3572 1188 3625 πολυστέ-

117 3651 141 3689 se
157 3645 291 3705 pellente»
662 3660 769 3697 νακνον
802 3641 962 3718 ἀνθρώπων
989 3646 1056 3709 βίον
1083 3648 1189 3702 Γέλωτι

143 3717 230 3771 itas.
248 3725 338 3774 Laetos
355 3724 382 3772 in
395 3725 522 3788 praesare]
537 3723 626 3774 Mirari
662 3717 789 3792 κεράσας
811 3717 935 3785 Νικαεὺς
952 3721 1103 3773 Φιλιστίων
1126 3723 1185 3774 κτλ.

117 3790 223 3847 proiecto
244 3797 328 3858 subit,
356 3797 491 3860 quomodo
517 3799 577 3861 quis
599 3798 625 3847 in
695 3796 736 3848 ai.
754 3795 817 3846 cdiii
832 3796 875 3861 est]
897 3797 924 3848 in
945 3797 1027 3849 rebus
1047 3799 1185 3857 humanis;

117 3859 201 3917 hilii.
212 3869 323 3922 haerere
334 3873 458 3936 potuerit.
474 3873 542 3932 Quid
554 3873 625 3922 enim
662 3871 735 3920 idem
757 3870 791 3921 de
808 3870 918 3935 singulis
940 3872 1097 3924 mortalibus
1114 3872 1188 3924 aiilr-

118 3934 178 3989 aiiud
198 3943 258 3994 dicit
278 3948 327 3997 nisi
349 3947 416 3996 boe:
445 3947 575 4010 «Sapiens
592 3961 625 3997 eo
663 3948 719 3994 mat
750 3945 925 4009 Bacchylides
959 3949 999 3997 Fr.
1027 3949 1050 3996 i.
1075 3948 1184 4011 Bergin:

118 4018 237 4078 pervent,
261 4023 290 4070 ut
306 4021 333 4071 iu
349 4021 484 4085 praesenti
505 4023 624 4086 tempore
656 4013 782 4082 Ὄλβιος,
812 4011 892 4086 ᾧτινι
921 4016 991 4084 θεὸς
1018 4017 1126 4091 μοῖράν
1155 4034 1187 4070 τι

118 4084 141 4130 θῑ
151 4091 293 4148 quotidiana
303 4096 372 4144 vitae
386 4095 541 4146 condicione
554 4109 626 4146 com·
663 4089 759 4143 καλῶν
794 4089 897 4164 ἔπορον
931 4091 988 4145 xiv
1016 4093 1038 4144 τ’
1065 4092 1186 4160 asmata

119 4165 198 4238 parata
220 4167 372 4231 tranquillus
390 4170 425 4220 sit
441 4171 520 4231 atque
544 4171 625 4219 etiam
661 4164 736 4235 τύχᾳ
752 4162 874 4230 ἀφνειὸν
889 4167 993 4230 βιοτὰν
1009 4165 1125 4236 διάγειν·
1144 4161 1185 4220 Οὐ

119 4227 196 4284 hilaris
207 4237 319 4292 luiurum
332 4243 440 4292 minime
455 4246 544 4303 curet,
563 4244 624 4306 quia
661 4239 716 4313 γάρ
729 4255 776 4310 ,τις
792 4243 966 4302 ἐπιχθονίων
983 4239 1077 4294 πάντα
1093 4246 1118 4310 γ’
1137 4238 1185 4293 οὐ·

120 4313 216 4361 croraus
231 4314 359 4366 incertum
383 4319 436 4378 est,
465 4320 492 4366 et
514 4317 536 4366 si
560 4317 624 4379 quid
660 4314 772 4382 δαίμων
789 4312 855 4379 ἔφυ.
