3014 4978
295 427 358 492 435
555 398 560 420 '
685 425 814 499 nonlru
831 424 999 478 cnumnuu

421 582 527 648 Mirari
552 580 639 647 libet.
684 580 893 648 ONa'r'adum
914 588 1028 666 potens
1070 611 1075 620 ·

379 703 645 790 Baccharumque
667 701 841 768 valentium

422 828 578 892 Procerus
601 823 749 890 manibus
775 834 903 890 vertere
922 822 1078 897 fraxinos,

380 983 429 1050 Nil
451 1005 587 1072 parvum
610 991 664 1048 aut
686 980 798 1047 humili
818 980 931 1056 modo,

420 1103 471 1170 Nil
491 1103 625 1170 mortale
649 1103 774 1191 loquar.
818 1102 920 1171 Dulce
942 1101 1123 1190 periculum
1145 1113 1209 1180 est,

380 1227 408 1294 Ο
431 1227 574 1300 Lenaee,
598 1225 692 1312 sequi
715 1224 813 1292 dcurn

422 1347 610 1435 cingentem
632 1345 726 1412 viridi
748 1356 894 1433 tempora
915 1347 1078 1434 pampino.
1340 1351 1380 1416 eo

361 1529 401 1578 44.
420 1529 541 1578 onoidum
556 1530 584 1578 T.
607 1557 634 1564 —-
654 1529 693 1578 44.
712 1527 803 1578 humile
818 1528 847 1577 Τ.
869 1553 896 1562 -
916 1525 955 1576 48.
976 1527 1020 1588 Te,
1043 1529 1151 1588 lencm,
1175 1529 1244 1589 episi
1266 1530 1356 1604 amen.

329 1601 445 1654 malebat
461 1601 603 1654 Bentleius.

296 1779 366 1815 minu
382 1765 593 1828 menese·
564 1763 670 1827 -libet]
687 1762 821 1814 efficacius
859 1756 952 1812 Τοῦτο
968 1755 1024 1832 γὰρ
1040 1753 1188 1812 ἀθάνατον
1205 1757 1324 1824 φωνᾶεν
1338 1755 1382 1832 ip-

299 1842 447 1903 estquom«
435 1841 537 1890 «iuvat»
545 1839 682 1902 wgaudeo
859 1850 914 1897 πει,
933 1833 973 1887 El‘
992 1851 1035 1898 τις
1052 1851 1083 1887 ev
1072 1826 1166 1908 εἴπῃ
1183 1849 1219 1887 n·
1239 1838 1340 1888 seda
1329 1839 1384 1888 «ui-

330 1912 388 1963 44-
399 1915 439 1964 48.
457 1914 588 1964 Naiadum
600 1911 699 1975 polens]
719 1911 822 1974 «domi-
858 1909 912 1973 hit,
944 1909 1022 1974 quale
1045 1910 1198 1963 mortalium
1216 1911 1312 1976 volgus
1327 1926 1384 1978 pro-

297 2000 347 2038 nus
360 1989 496 2049 acdux‚»
514 1986 644 2046 uicti
663 1986 692 2047 3,
711 1988 739 2035 l:
763 1987 823 2034 dioc
859 1986 929 2036 terre
945 1985 1040 2037 solet.»

293 2063 478 2126 polenstpn'.
491 2063 631 2126 Nymphae
643 2065 742 2122 autem
754 2061 822 2110 inter
893 2061 933 2112 l8.
964 2062 1004 2110 48.
1032 2062 1113 2111 Dulce
1134 2063 1290 2128 pelicatus]
1329 2064 1383 2113 tlon

297 2149 364 2201 quas
377 2138 560 2187 memoratur
553 2137 684 2201 imprimis
692 2127 822 2206 Ἀριάγνη
859 2137 916 2187 sine
934 2133 1053 2220 periculo
1071 2136 1123 2186 deo
1134 2139 1277 2200 praesente
1288 2139 1385 2186 monu-

300 2212 354 2274 (sic)
368 2213 431 2262 Ana.
445 2213 499 2262 dell'
509 2213 568 2262 last.
583 2213 652 2262 urolt
667 2212 719 2260 Vll.
730 2224 757 2275 p.
768 2211 820 2273 83.‚
859 2208 913 2260 lem
933 2210 1148 2274 appropinquare
1165 2208 1295 2274 illumque
1314 2211 1384 2262 cerni

297 2287 415 2350 primum
440 2287 538 2337 Bacchi
562 2288 694 2347 nutrices,
724 2285 822 2337 deinde
859 2296 940 2348 posse
966 2283 1121 2334 credebant.
1157 2286 1304 2335 Praeterea
1330 2283 1385 2334 talis

298 2361 409 2410 comites
422 2361 536 2411 luerunt.
556 2362 678 2426 Orpheus
691 2361 777 2422 1883,
792 2361 820 2410 6:
860 2351 1076 2422 ἐνθουσιασμὸς
1101 2360 1218 2422 graviter
1243 2359 1386 2424 torquebat

299 2431 388 2484 Natos
401 2435 451 2484 καὶ
468 2431 597 2497 Βάκχαις
613 2429 824 2502 ἡγούμενικιτ-
859 2434 1027 2497 vexabatque
1039 2432 1151 2484 mortale
1164 2447 1271 2499 corpus.
1288 2459 1315 2470 -
1341 2435 1386 2484 le-

300 2504 481 2578 τοφόροισιν.
507 2509 559 2559 Cir.
573 2510 621 2561 Od.
642 2513 671 2570 8,
690 2511 734 2572 48,
753 2511 820 2560 3.—
860 2508 934 2572 noce]
961 2520 1000 2571 pr.
1028 2507 1171 2571 Kellerpott.
1207 2509 1286 2571 Apud
1305 2508 1384 2598 Orph.

299 2583 614 2648 composuerimus]
625 2586 714 2650 Eurrp
724 2549 821 2634 itecch.
861 2583 958 2646 Hymn.
974 2581 1015 2632 88.
1037 2585 1148 2632 vocatur
1168 2579 1270 2647 levate
1286 2585 1317 2632 et
1331 2581 1386 2634 ἐπι

299 2655 379 2706 4489;
406 2657 439 2707 αἱ
453 2655 485 2707 oi
500 2659 607 2744 μυρίαν
624 2659 696 2730 χέρα
711 2658 824 2729 Προσέ-
860 2653 940 2722 λήνιι
964 2669 981 2706 a
1006 2652 1110 2722 ληνός,
1138 2657 1211 2721 quod
1235 2658 1261 2706 ei
1277 2670 1386 2708 sacrum

296 2730 389 2780 θεσαν
405 2727 492 2802 ἐλάτῃ
509 2727 734 2798 κάξανέσπασαν
750 2733 823 2793 xiio-
861 2734 903 2782 est
919 2729 1043 2782 torcular.
1062 2732 1212 2795 illchirg.
1222 2733 1270 2782 Ge.
1284 2733 1310 2794 3,
1323 2733 1383 2783 388:

297 2801 400 2868 νός.-
418 2807 507 2857 4844444
521 2808 604 2873 modo]
621 2811 660 2859 De
676 2809 822 2860 modtssne
860 2808 976 2857 ἰαίνον-
987 2807 1187 2857 &Lenaeos-
1215 2809 1287 2868 sequi
1306 2807 1384 2871 ᾱιιιιιι]

297 2883 417 2932 numeris
444 2884 553 2946 proprie
583 2883 661 2934 dictis
691 2881 1386 2970 interpre-Ovid.lilet.ttt‚litzlitae1uontomrleus

298 2957 347 3005 tori
359 2968 413 3005 non
429 2969 586 3022 possumus,
605 2971 668 3009 cum
682 2958 733 3009 heo
745 2959 824 3021 signi·
859 2971 907 3006 oro
918 2962 999 3007 movet
1010 2993 1015 3016 ‚
1028 2970 1121 3018 sequor
1132 2963 1328 3007 oramouentom
1335 2959 1386 3008 4484

299 3029 421 3081 [lectione
454 3031 563 3097 pluralis
590 3045 699 3097 semper
727 3046 824 3083 nume·
861 3032 941 3081 ααιιι.
960 3029 1070 3081 Bentleii
1087 3031 1175 3080 duces
1189 3031 1269 3082 nimis
1284 3031 1385 3082 redolet

298 3117 345 3154 rus
361 3109 513 3170 usurpetur.
541 3105 697 3158 «pollicetur
713 3121 743 3159 se
760 3105 823 3158 nihil
860 3105 1017 3170 pedestrem
1034 3105 1191 3155 orationem.

299 3179 348 3229 nisi
374 3193 454 3242 greve
481 3183 508 3231 et
532 3181 647 3233 sublime
671 3183 821 3245 dicturum,
893 3181 934 3230 30.
954 3179 1103 3244 ciopeotan]
1122 3179 1220 3244 supple
1239 3179 1316 3242 asini,
1336 3181 1386 3230 om

299 3255 326 3303 et
351 3255 400 3305 has
424 3255 496 3319 ipsas
521 3255 650 3307 sublimes
677 3257 824 3308 sententias
860 3253 1384 3320 ctum»,retorquendllecchumipsum,

298 3339 350 3377 non
376 3327 484 3390 humili,
519 3329 569 3380 sed
602 3330 708 3382 sublimi
742 3330 823 3382 modo
861 3341 895 3378 ne
912 3326 1033 3394 ἐπιθέτῳ
1046 3327 1212 3378 destituatur.
1231 3329 1330 3380 Sicest
1339 3329 1384 3380 od.

299 3401 449 3464 dicturum
477 3405 557 3468 atque
574 3407 634 3455 'hoc
655 3405 717 3455 eddi
742 3418 824 3470 opor·
861 3402 892 3465 4,
910 3404 940 3462 8,
960 3401 1008 3452 33:
1036 3403 1146 3453 8ηια4ιιι
1173 3404 1251 3453 uiridi
1275 3409 1386 3468 ιιιιιροιιι

300 3477 361 3537 tuit,
388 3479 450 3541 quia
476 3493 529 3529 non
554 3479 687 3531 insolitum
713 3483 754 3531 est
779 3494 824 3531 res
857 3478 979 3542 pampino
998 3476 1078 3528 Liber.
1112 3477 1160 3527 Alii
1178 3478 1268 3530 minus
1288 3479 1385 3544 proba·

300 3563 394 3612 graves
410 3553 536 3604 orationis
554 3555 680 3605 tenuitate
702 3555 824 3605 dehone-
861 3552 949 3603 hiliter
966 3553 1000 3603 de
1022 3565 1055 3602 eo
1072 3552 1216 3616 explicant,
1246 3555 1309 3618 «qui
1327 3565 1385 3604 cum

301 3625 566 3679 morimonianus.
596 3655 622 3664 -
649 3631 693 3679 Nil
707 3628 823 3693 mortale]
862 3641 960 3678 corona
976 3627 1117 3692 pampineo
1135 3631 1177 3679 est
1193 3629 1220 3679 in
1235 3629 1385 3680 Bacchico·

300 3700 358 3748 Non
369 3701 422 3748 est:
437 3701 614 3764 «immortale,
628 3705 653 3753 in
664 3707 824 3768 perpetuum
862 3704 985 3761 miletum
1011 3700 1054 3752 vel
1080 3703 1230 3764 «Bacchus,
1259 3704 1305 3769 qui
1331 3705 1383 3768 ipse

301 3772 486 3836 duraturum»,
506 3777 535 3825 ut
546 3777 619 3826 Pind.
633 3779 724 3828 lsthrn.
738 3779 762 3839 3,
776 3779 822 3828 58;
862 3789 925 3828 suos
943 3777 1055 3829 comites
1070 3780 1205 3828 coronat.»
