3080 4980
686 399 812 448 donarit
832 399 999 449 flauminum

649 745 1028 810 cmm

532 888 652 976 Lydia,
676 887 743 964 dic,
767 909 827 974 per
848 907 961 952 omnes

385 1014 427 1078 Te
451 1010 531 1076 deos
553 1029 626 1084 oro,
651 1007 791 1095 Sybarin
814 1029 872 1074 our
893 1027 1052 1094 properes
1075 1008 1212 1074 amando

535 1129 693 1206 Perdere3
717 1149 775 1194 our
797 1128 941 1214 apricum

384 1253 498 1321 Oderit
519 1271 684 1338 campum,
709 1248 833 1336 patiens
856 1247 998 1336 pulveris
1021 1260 1118 1337 atque
1142 1249 1243 1316 solis?

532 1411 596 1478 Cur
618 1430 725 1497 neque
752 1406 897 1474 militaris
1365 1411 1384 1472 5

365 1609 430 1660 Vlii.
465 1610 546 1659 inser.
567 1606 634 1670 volg.
668 1606 880 1668 senadern-
899 1607 1058 1666 Adbpdiom
1074 1607 1228 1658 meretricem
1245 1607 1270 1656 S.
1291 1607 1350 1656 Om.

332 1685 359 1733 T.
377 1711 402 1720 *
416 1684 440 1732 ἲ.
457 1683 494 1747 Te]
506 1685 544 1733 iio
555 1696 596 1746 pr.
610 1683 639 1742 Τ,
651 1683 703 1731 Hoc
714 1694 784 1731 corr.
798 1681 826 1740 T,
839 1676 902 1742 βλξ,
915 1680 1030 1730 Pottierii
1042 1682 1175 1744 quattuor.
1191 1707 1218 1715 —
1230 1694 1354 1743 properos

333 1758 447 1808 Pottierii
471 1759 537 1816 tros,
564 1754 686 1807 Diomed.
709 1769 735 1820 p.
760 1756 817 1804 509.
856 1755 980 1804 Victoria.
1003 1769 1029 1819 p.
1053 1755 1126 1804 2533.
1167 1755 1301 1806 Fortunat.
1324 1771 1350 1819 p.

332 1833 405 1882 2683.
426 1833 453 1880 et
465 1831 536 1880 2703.
556 1829 629 1880 haud
644 1829 757 1893 improb.
777 1828 860 1878 Benil.
883 1857 909 1864 -
929 1829 1046 1889 Sybarim
1059 1829 1171 1892 Bs,LCi.
1191 1831 1302 1892 (siburim
1313 1831 1352 1890 Τ.)

333 2008 397 2056 i'ill.
428 2006 535 2056 Graecis
557 2004 708 2057 nominibus
730 2006 824 2068 imagi-
861 2007 976 2056 maxime
995 2007 1153 2070 expositum.
1175 2033 1201 2042 -
1220 2008 1284 2057 Mira
1303 2008 1387 2058 inier-

300 2095 363 2130 nem
389 2081 490 2130 iuvenis
512 2081 621 2130 Romani
643 2093 734 2130 umore
760 2093 823 2145 per·
861 2080 932 2129 cedit
952 2079 1095 2132 similitudo
1118 2081 1224 2132 Horatio
1246 2083 1273 2130 et
1298 2082 1386 2133 Philo·

300 2155 347 2205 diii
365 2157 481 2205 suaviter
493 2158 520 2204 et
531 2156 619 2205 iocose
632 2153 756 2218 depingit.
784 2155 823 2204 De
861 2157 944 2204 strato
956 2157 1037 2219 Epist.
1058 2156 1098 2205 δῖ.
1119 2155 1162 2204 ed.
1182 2156 1261 2218 Kays.
1280 2170 1306 2226 p.
1327 2158 1384 2208 353.

300 2231 370 2279 reris
387 2231 509 2293 personis
526 2231 568 2278 vix
582 2230 759 2292 cogitandum.
783 2229 825 2277 In·
860 2230 1013 2302 Μειρακὶῳ.
1027 2259 1042 2269 -
1053 2256 1068 2265 -
1080 2223 1140 2290 Οὐχ
1159 2227 1246 2294 δαιιον
1262 2227 1387 2293 ἀναβαί-

300 2307 440 2354 nocentem
463 2309 554 2354 autem
580 2317 611 2353 ao
637 2305 760 2354 festivum
783 2304 824 2352 io·
860 2320 927 2367 νεις,
955 2299 1009 2355 οὐκ
1031 2305 1071 2366 εἰς
1093 2303 1271 2378 παλαίστραν
1293 2301 1387 2358 ἅπαν-

300 2391 361 2427 oum
379 2379 404 2427 in
422 2381 478 2428 toto
496 2379 547 2427 hoo
565 2379 682 2427 carmine
700 2381 729 2427 ut
745 2389 825 2439 agno-
860 2377 925 2446 τᾷς,
961 2373 1016 2439 οὐχ
1048 2375 1119 2445 ἡλίῳ
1151 2377 1235 2443 δίδως
1261 2379 1388 2433 σεαυτόν

300 2465 372 2511 scos,
396 2454 489 2501 auctor
507 2452 554 2501 tibi
576 2465 649 2512 sum,
673 2465 741 2501 nere
761 2465 824 2502 eum
862 2455 980 2518 (propter
996 2467 1129 2514 amorem,
1154 2457 1183 2504 ut
1204 2455 1331 2520 Sybaris).
1357 2485 1385 2494 —

300 2539 402 2590 nupero
428 2528 572 2592 interprete
599 2527 755 2578 Germanico
775 2527 825 2578 ad·
858 2528 964 2591 potieris]
1001 2529 1074 2587 «Qui
1107 2527 1169 2578 olim
1205 2531 1238 2590 (v.
1269 2532 1385 2594 ii-ii.)

300 2615 394 2651 versus
421 2601 547 2664 Sybarin,
578 2602 824 2652 innocentissimum
862 2604 955 2666 Campi
972 2602 1110 2666 pulverem
1129 2605 1182 2652 iam
1201 2603 1275 2656 iocile
1288 2605 1388 2656 tolera-

300 2674 530 2725 adolescentuium
556 2674 696 2726 horribiles
725 2677 824 2726 excites
860 2677 919 2736 bnt,
943 2679 1022 2740 atque
1041 2679 1192 2728 etiamnunc
1214 2679 1262 2728 hos
1280 2677 1388 2732 iabores

302 2749 460 2812 tragoedias.
492 2751 625 2812 (Tempus,
644 2763 697 2814 quo
716 2763 823 2801 carmen
862 2751 988 2813 defugere
1015 2751 1086 2800 haud
1112 2751 1255 2801 deberet.»
1293 2751 1387 2804 Plures

300 2825 476 2887 compositum
495 2826 540 2886 sit,
560 2826 761 2880 incertumst:
780 2839 825 2874 re·
862 2827 950 2876 minus
967 2828 1027 2888 apte
1040 2826 1385 2889 proposueruntimpotieas,

299 2899 388 2947 ierunt
405 2899 513 2961 quidam
531 2897 563 2948 ad
584 2913 607 2948 a.
627 2913 653 2948 u.
674 2913 697 2949 c.
716 2901 773 2948 itt.
795 2925 822 2933 -
862 2901 937 2964 quasi
959 2913 1023 2948 rero
1041 2899 1108 2950 baec
1130 2902 1202 2949 esset
1223 2913 1316 2960 causa,
1338 2915 1388 2952 cur

300 2973 338 3020 De
356 2974 442 3022 metro
469 2973 496 3022 et
517 2974 634 3024 metricis
652 2973 749 3023 Latinis
771 2969 822 3033 (ed.
862 2985 988 3036 eampum
1007 2971 1145 3022 devitaret.

300 3047 423 3110 Gaisi.p.
444 3047 739 3108 reniterentur.)
773 3047 825 3095 Hoc
894 3051 917 3097 5.
944 3047 1069 3109 militaris]
1098 3049 1149 3098 «ut
1165 3045 1244 3096 decet
1260 3049 1386 3100 iuvenem

299 3122 357 3169 deos
374 3135 418 3170 oro
440 3119 589 3183 legentibus
612 3121 721 3173 consule
738 3122 823 3184 Bergk
861 3122 1001 3172 robustum
1018 3135 1050 3171 ae
1068 3119 1175 3170 militine
1193 3123 1311 3184 opium.»

300 3196 395 3245 Anacr.
415 3193 469 3244 iiel.
489 3209 516 3258 p.
536 3197 602 3258 tao.)
893 3199 917 3246 δ.
937 3197 1040 3261 equitat]
1059 3195 1234 3258 cogitandum
1251 3195 1285 3246 de
1298 3198 1386 3260 quoti-

333 3271 357 3318 δ.
387 3269 505 3332 δνδανία]
532 3273 583 3319 Per
602 3269 653 3319 hoe
670 3271 757 3333 ipsum
775 3283 824 3320 no·
861 3272 945 3322 dionis
963 3272 1131 3334 equitationis
1143 3271 1383 3334 exercitationibus,

300 3356 362 3392 men
389 3340 497 3390 moilem
519 3345 546 3391 et
567 3342 710 3392 delicatum
731 3343 824 3394 adole·
860 3346 959 3396 nonde
972 3345 1064 3395 Troiae
1077 3344 1139 3394 iudo
1152 3346 1278 3408 equestri,
1293 3359 1386 3408 quam-

299 3413 449 3466 sceniuium
478 3416 615 3477 signifieat.
645 3443 672 3451 -
697 3421 822 3483 properos]
861 3433 942 3483 quam
960 3419 1173 3482 frequentissime
1192 3431 1254 3467 eum
1267 3419 1387 3469 exhibuit

301 3489 503 3540 Coniunctixum
529 3488 563 3538 ab
590 3489 697 3541 Horatio
718 3490 823 3553 praela·
860 3496 1002 3556 Augustus.
1022 3493 1093 3541 Suet.
1113 3493 1167 3541 Oet.
1187 3491 1227 3541 t3.
1243 3517 1270 3528 -
1292 3493 1385 3544 Dehis

300 3567 357 3613 turn
381 3565 445 3626 puto
468 3566 578 3627 propter
603 3577 628 3612 v.
656 3565 748 3624 oderit;
775 3567 822 3616 etsi
860 3565 1092 3618 exercitationibus
1115 3565 1162 3615 cir.
1186 3566 1258 3615 Statii
1279 3565 1340 3616 Silv.
1359 3568 1384 3628 δ,

300 3637 448 3688 Priscianus
464 3651 491 3701 p.
512 3638 584 3688 tito.
603 3642 646 3689 P.:
677 3641 756 3690 oderit
774 3657 823 3705 μι-
860 3644 885 3700 2,
905 3640 965 3689 tt3:
992 3641 1046 3700 Ipse
1066 3651 1111 3702 epo
1132 3644 1156 3688 te
1175 3653 1256 3701 nuper
1274 3640 1387 3690 Tiberino

299 3707 389 3776 σήσοι
406 3704 476 3780 ἄρα,
495 3715 609 3772 quamvis
624 3714 689 3764 idem
708 3717 739 3764 sit
756 3717 823 3765 iodi-
860 3717 887 3764 δα
907 3714 979 3763 δίτονα
998 3714 1051 3762 eidi
1066 3740 1082 3749 -
1098 3740 1113 3750 -
1135 3714 1278 3764 Tenderrtem
1299 3727 1387 3764 weita

299 3787 396 3834 rntieus
419 3786 508 3848 sutori.
543 3787 572 3835 in
598 3801 674 3852 seqq.
701 3789 822 3839 indicati·
859 3791 1039 3848 canonemque
1059 3787 1105 3837 itta
1121 3789 1190 3837 nudo
1210 3789 1281 3838 Caice
1296 3789 1387 3850 ferocis

301 3875 347 3909 ros
364 3862 514 3924 usurpavit,
543 3875 576 3910 ne
598 3863 676 3913 nimis
699 3862 774 3925 ionga
798 3865 824 3912 et
861 3863 925 3923 equi.
942 3889 968 3896 -
983 3860 1107 3912 Gallicani
1120 3863 1181 3926 equi
1194 3863 1347 3922 ierooioreS,
1359 3867 1386 3912 et

301 3935 448 3994 languidior
468 3934 545 3985 fieret
562 3934 678 3986 clausula
700 3939 824 3999 quattuor
861 3934 941 3986 Gallia
975 3934 1037 3986 olim
1071 3937 1196 3987 Romanis
1225 3937 1385 3987 exercitibus

299 4007 389 4057 serbis
415 4021 446 4057 ex
472 4023 497 4058 v.
522 4011 561 4058 dir
583 4010 770 4074 pendentibus.
795 4037 821 4045 —
862 4023 946 4072 equos
964 4010 1140 4070 ministrabat,
1160 4011 1220 4060 Tac.
1240 4011 1383 4071 inumb.

300 4083 416 4146 natando]
441 4083 525 4134 «dum
547 4098 608 4134 eum
626 4097 718 4134 amore
736 4085 824 4132 irreti-
864 4112 890 4118 -
911 4085 1011 4148 lupatis]
1035 4083 1131 4148 lupinis
1149 4084 1273 4134 dentibus
1291 4083 1383 4135 similia

301 4161 476 4207 terniones.»
862 4158 935 4208 irena
962 4159 1056 4208 ier-rea.
1092 4155 1189 4220 Λύκος
1208 4153 1243 4207 τὸ
1268 4157 1299 4210 ἐν
1324 4163 1385 4221 τοῖς

334 4230 357 4280 i.
377 4233 502 4294 campum]
527 4233 658 4285 Martium.
678 4229 725 4280 soii
744 4243 823 4293 quam
862 4231 992 4294 χαλινοῖς
1009 4228 1148 4304 σιδήριον·
1171 4233 1287 4295 Hesyeh.
1307 4233 1382 4282 ovid.
