2992 4978
512 457 570 508 tiu.
590 458 631 506 lll.
668 459 697 507 C.
716 458 782 508 vili.

283 615 367 682 Mitte
389 613 500 681 civiles
523 633 622 702 super
644 613 725 679 urbe
747 633 858 680 curas:

283 736 410 804 Occidit
431 735 509 802 Daci
533 735 694 802 Cotisonis
716 755 852 822 agmen,

283 858 395 925 ldedus
418 857 552 924 infestus
574 855 635 922 sibi
659 854 818 922 luctuosis

455 976 599 1044 Dissidet
620 977 737 1054 armis,

180 1139 217 1188 lT.
234 1141 313 1190 0404440
329 1141 357 1190 Β.
379 1167 406 1176 -
426 1139 466 1190 ts.
487 1138 656 1189 «Torrentius
673 1141 806 1189 memorat
822 1135 905 1188 multa
924 1137 1014 1203 plures
1032 1141 1059 1189 et
1076 1139 1167 1191 melio

150 1225 189 1262 ras
206 1227 238 1262 ex
253 1215 307 1266 suis
325 1213 426 1264 habere
444 1213 591 1272 0044000440,
619 1211 690 1274 quod
708 1213 751 1260 vix
769 1210 898 1262 credibile
925 1216 991 1263 est.»
1021 1216 1112 1264 Basse.
1134 1243 1161 1251 -

150 1285 186 1336 lli.
214 1288 306 1352 infestis
329 1289 375 1338 sibi
400 1288 517 1337 lactuosis
543 1289 598 1352 (sic)
617 1289 653 1349 T,
683 1287 778 1349 infestis
802 1287 848 1336 siti
872 1289 998 1336 tsoehwsas
1015 1302 1077 1338 curn
1096 1289 1161 1338 Cod.

149 1360 257 1414 Galeano
276 1362 361 1428 (nohis
378 1359 406 1428 ξ)
423 1364 453 1414 N.
474 1363 572 1413 ileinsii
591 1363 659 1412 0004.
679 1360 801 1412 firmante
819 1360 960 1412 Bentlcius.

120 1487 157 1548 49,
176 1489 235 1541 itit:
265 1494 318 1542 4000
343 1491 635 1556 40400440ηωὶ0000.)
673 1501 718 1540 res
729 1489 1000 1550 intestinns‚«domi»
1013 1491 1198 1544 administran-

118 1563 155 1612 Sic
179 1566 249 1615 enirn
270 1565 341 1616 malo
367 1566 536 1630 interpretari
553 1577 635 1628 quain
674 1563 739 1623 das;
757 1562 915 1615 militaribus
932 1566 1090 1629 providebat
1112 1569 1198 1632 dugu-

118 1649 173 1687 cum
197 1639 357 1692 Torcellino:
385 1642 441 1690 «ad
459 1653 526 1705 quas
543 1639 635 1704 vigila·
673 1640 729 1690 stus
747 1651 809 1689 cum
827 1641 949 1704 Agrippa.

116 1707 182 1770 itti»
210 1717 261 1766 etsi
287 1717 339 1766 hoc
365 1717 453 1780 ipsum
479 1729 512 1766 ex
541 1727 635 1765 earum
705 1713 745 1763 48.
773 1714 954 1778 occidisset]
977 1717 1062 1765 «liam
1088 1719 1195 1780 omnia,

115 1792 279 1848 pernoctem
297 1791 449 1841 0004400040
462 1790 557 1841 ardore
570 1803 636 1840 con-
672 1799 741 1849 quae
759 1785 870 1838 adrem
892 1787 1028 1852 publicam
1053 1792 1194 1854 pertinent,

116 1863 238 1924 sequitur.
671 1861 724 1910 iani
735 1859 803 1910 laeta
821 1863 883 1912 sunt
900 1865 927 1912 et
943 1863 1026 1914 lausta
1045 1866 1196 1918 Romanis.»

139 1936 632 2004 luctamaretiraJdnternosutpote
673 1961 700 1970 -
725 1935 805 2001 Daci]
831 1938 910 1998 Daci,
940 1940 985 2001 qui
1010 1941 1077 1990 lines
1100 1943 1197 1993 itoma-

113 2007 151 2058 die
168 2011 248 2074 lesto,
268 2026 351 2076 quem
370 2015 396 2063 in
408 2012 539 2064 honorem
551 2013 633 2063 deum
671 2023 720 2059 nos
741 2012 872 2062 continuis
892 2013 1086 2065 incursionibus
1109 2029 1197 2080 popu-

111 2081 270 2138 celebratum
285 2086 345 2137 talia
362 2088 516 2152 prolanant,
536 2099 633 2151 quem-
671 2082 794 2134 labantur
814 2085 883 2136 duce
905 2101 967 2150 rege
991 2089 1110 2152 ipsorum
1128 2092 1196 2141 Coti-

111 2170 157 2220 que
168 2162 293 2223 potantes
305 2175 355 2225 per
365 2175 500 2212 summam
513 2162 632 2224 quietem
669 2171 743 2220 sana,
774 2163 886 2211 Antonio
909 2165 1000 2212 000400
1023 2165 1195 2215 Octavianum

110 2235 308 2297 transigemus.»
332 2235 633 2297 ilorutiusamicoquasi
670 2245 781 2296 operam
798 2247 876 2285 suam
894 2235 1013 2298 polliciti,
1036 2251 1132 2300 parum
1156 2241 1195 2287 ta-

109 2309 215 2370 spondet
230 2309 353 2360 aioreub
369 2310 630 2372 haccompotatione
670 2319 733 2357 men
758 2305 853 2357 auxilio
879 2309 998 2368 luerunt,
1033 2315 1094 2376 post
1118 2327 1133 2361 a
1160 2315 1193 2363 hl.

109 2379 293 2435 altercationes
311 2387 339 2434 et
356 2385 452 2448 iurgia,
476 2397 546 2447 quae
563 2384 633 2432 inter
670 2382 766 2432 Crasso
783 2395 807 2432 a.
827 2396 854 2433 0.
872 2382 930 2434 iai.
961 2385 1017 2448 (Dio
1029 2387 1056 2436 44
1069 2425 1075 2446 ,
1088 2387 1129 2446 43,
1143 2389 1194 2448 4444

108 2455 174 2508 bene
189 2462 269 2524 potos
286 2458 463 2510 nascisolent.
483 2457 559 2520 Quod
571 2470 633 2522 pro-
669 2457 820 2520 iterumque
854 2471 870 2506 0
903 2458 1027 2522 Lentulo,
1064 2461 1194 2512 incertum

107 2532 214 2584 missum
237 2547 303 2584 oum
331 2533 512 2584 abhorrente
535 2534 631 2583 nostris
669 2545 821 2595 quoauno,
839 2535 965 2597 repressi.
992 2533 1193 2586 ilocloeosane

106 2607 234 2668 moribus,
249 2607 294 2658 alii
306 2607 382 2658 aliter
394 2609 558 2672 interpretati
569 2609 632 2658 0004
668 2607 838 2670 cogitandum
874 2608 908 2658 de
946 2610 1035 2660 Crassi
1072 2612 1191 2660 victorin.

105 2683 332 2734 accommodatius
353 2683 388 2734 ad
409 2683 476 2734 haec
498 2685 629 2747 tempora,
669 2681 769 2738 Eranke
787 2682 813 2732 F.
834 2683 864 2732 ll.
884 2695 910 2746 p.
931 2683 987 2732 44444.
1006 2685 1033 2733 04
1051 2685 1106 2734 iss.
1132 2687 1194 2735 We-

105 2755 149 2804 sad
164 2770 263 2820 parum
282 2759 472 2808 convenienter
489 2758 630 2822 adpetitae
667 2755 718 2804 ber
734 2757 821 2806 Horas
836 2769 863 2820 p.
877 2755 946 2816 ato,
965 2759 1010 2820 qui
1029 2759 1077 2808 Cn.
1092 2759 1193 2809 Lentuli

104 2829 196 2881 verba:
216 2833 239 2896 4)
256 2831 629 2884 «Nosnoncurabimusbella
667 2831 864 2894 expeditionem
898 2830 980 2881 reiert
1012 2831 1046 2881 ad
1080 2846 1104 2882 a.
1135 2834 1191 2882 736.

103 2907 128 2952 et
143 2917 247 2969 pugnas
265 2919 317 2956 nec
327 2907 572 2958 sermocinabimur
588 2909 630 2957 in·
667 2905 743 2954 Estre
761 2905 823 2954 4400.
843 2906 884 2954 Pr.
903 2917 930 2968 p.
949 2905 1006 2954 448.
1042 2907 1113 2956 Suet.
1136 2907 1191 2956 Oct.

103 2979 141 3028 ter
156 2981 218 3032 vina
236 2982 274 3032 de
292 2983 404 3046 strepitu
421 2983 449 3032 et
470 2982 559 3033 lurore
577 2995 631 3046 pu·
665 2979 707 3028 44.
721 2976 789 3027 Flor.
803 2977 831 3040 4,
846 2979 890 3039 44,
905 2979 944 3028 is.
964 2981 1090 3029 Getarum
1101 2993 1193 3042 regern

101 3057 265 3115 nanuum.»
308 3056 334 3118 4)
360 3057 413 3106 «Ne
440 3055 550 3107 clientes
576 3057 628 3116 tui,
667 3054 820 3103 Cotisouem
841 3055 920 3102 vocat
936 3054 1044 3103 sueton.
1072 3055 1128 3103 004,
1148 3055 1188 3104 63.

102 3139 214 3190 quorum
241 3144 321 3182 mens
347 3133 388 3181 est
410 3131 436 3182 in
457 3129 574 3195 querelis
597 3143 629 3180 ao
666 3128 786 3178 Etenim:
806 3128 871 3177 alias
883 3127 975 3189 Getae,
995 3129 1059 3176 Daci
1074 3129 1192 3180 44000040

100 3198 187 3254 litibus
205 3205 279 3264 suls,
298 3205 350 3254 hoc
367 3204 462 3268 geniali
480 3205 523 3254 die
542 3207 568 3254 te
586 3217 630 3254 oo-
666 3204 733 3254 dicti.
746 3202 811 3253 Plin.
825 3203 855 3252 ll.
866 3204 896 3252 N.
909 3200 940 3263 4,
953 3203 994 3253 st.
1010 3230 1037 3239 -
1058 3203 1190 3268 Cotisonis]

100 3281 225 3340 cupatum
260 3281 368 3328 4000004
398 3279 516 3342 mihique
543 3278 629 3328 dene·
667 3280 722 3328 4400
739 3277 838 3337 forma,
857 3291 910 3326 non
931 3277 1061 3328 Catisantis
1077 3277 1192 3341 (count

98 3355 185 3414 gent.»
212 3353 266 3416 (Sic
285 3353 451 3404 Medenhach
468 3353 584 3404 Wakker
603 3355 630 3402 et
666 3353 815 3416 Torrentii]‚
831 3353 914 3403 utitur
925 3353 1004 3402 etiam
1017 3352 1089 3401 Suet.
1104 3353 1160 3402 Oct.
1173 3352 1190 3404 l.

98 3425 222 3490 Lilbker.)
665 3425 696 3477 l.:
718 3428 831 3476 40440000
851 3439 908 3476 0000
930 3425 1119 3488 (Octavianum)
1139 3427 1193 3476 40-

129 3502 169 3552 44.
188 3515 268 3564 super
279 3499 348 3565 arbe]
366 3503 492 3564 quoniam
511 3513 629 3566 praepo·
665 3503 733 3553 40040
747 3503 800 3567 titio
813 3515 858 3551 000
870 3502 899 3565 (s.
913 3499 1026 3564 Antulla)
1039 3501 1193 3564 despondisse

95 3575 161 3628 situs
173 3577 239 3626 urbi
251 3577 320 3636 erat,
335 3575 446 3627 absente
459 3577 486 3625 et
498 3578 628 3640 occupato
665 3577 768 3638 latiam,
787 3577 843 3626 dein
855 3575 976 3636 00440004,
995 3575 1117 3626 Getam
1128 3579 1189 3641 rapi.

96 3649 246 3701 inoriente
264 3651 391 3712 Augusto.
414 3651 495 3699 Tacit.
514 3653 582 3700 4400.
602 3650 627 3712 6,
666 3651 758 3701 Florus
777 3649 794 3700 l.
815 3649 848 3700 i.:
876 3651 940 3700 Daci
964 3650 1088 3700 0400444040
1104 3651 1192 3702 40400-

97 3723 138 3772 tt:
170 3727 303 3789 depastas
320 3723 388 3773 404440
403 3724 515 3774 civilibus
538 3725 629 3788 (etiam
664 3731 735 3787 reat,
753 3723 874 3775 Cotisonis
884 3723 951 3787 repis
961 3724 1074 3786 imperio.
1096 3726 1189 3776 Benrr..

94 3801 205 3860 postea,
221 3798 274 3848 ubi
286 3796 379 3862 procul
391 3798 486 3848 aberat
500 3797 535 3848 ab
551 3797 627 3861 urbe)
700 3800 739 3851 49.
765 3798 864 3863 Medus]
888 3799 1006 3860 «Parthi,
1036 3801 1191 3865 sempiterni

95 3869 205 3922 Cilnium
232 3873 417 3934 Maecenatem,
444 3873 564 3934 equestris
584 3885 630 3921 or-
665 3875 768 3938 imperii
780 3874 890 3922 Romani
901 3873 1002 3932 hostes,
1016 3875 1085 3924 40400
1097 3875 1192 3924 Phraa-

93 3944 169 4008 dinis,
201 3947 301 3996 0000440
325 3948 395 4010 apud
421 3949 525 3997 44000004
553 3950 629 4008 atque
665 3949 698 3998 tis
714 3947 785 4010 regis
803 3949 831 3998 04
847 3947 968 3998 Tiridatis
986 3947 1084 3998 exsulis
1101 3951 1191 4012 partes

93 4019 197 4070 ltaliam
212 4022 412 4084 praeposuit.
430 4047 456 4057 —
475 4023 569 4085 Praep.
584 4033 628 4069 su-
665 4022 795 4072 intestinis
813 4035 883 4072 0000
895 4021 1036 4073 discordiis
1048 4023 1189 4084 agitantur,

90 4095 189 4154 persio
202 4096 259 4144 iam
271 4095 342 4159 apud
354 4094 436 4144 Plaut.
450 4095 547 4145 Bacch.
563 4095 625 4144 aaa:
664 4095 733 4145 adeo
758 4097 788 4144 ut
812 4097 907 4158 armis,
942 4109 1011 4160 quae
1041 4096 1189 4145 contrariae

93 4169 160 4228 Ouid
170 4169 297 4233 factitasti
314 4170 440 4219 mandatis
455 4169 553 4232 saper?
569 4170 624 4219 Cic.
664 4169 793 4220 lectiones
810 4173 999 4234 sumpserunt.
1018 4168 1125 4220 sibimet
1141 4169 1189 4232 ipsi

92 4242 127 4292 ad
145 4245 201 4295 444.
222 4242 270 4306 44,
288 4245 334 4294 44ῑ
353 4257 428 4306 siper
444 4245 574 4308 tcpatiaae.
596 4267 622 4278 —
664 4243 755 4295 clades
773 4242 868 4294 illaturi
890 4245 967 4294 sint.»
1002 4241 1106 4293 Scilicet
1123 4243 1190 4291 Tiri·

30 4389 37 4396 ,
90 4317 179 4368 0404400
203 4319 295 4368 autern
317 4332 394 4369 00000
414 4320 566 4370 retenentur
591 4316 625 4366 ad
664 4318 754 4380 dates,
774 4321 819 4383 qui
836 4320 927 4368 contra
945 4319 1085 4367 Phraatem
1102 4317 1190 4366 insur-
