2998 4980
533 447 589 497 nra.
610 447 628 496 r.
665 447 694 496 c.
713 447 765 498 xu.
1180 450 1220 512 77

270 600 447 668 Concidnnt
468 602 555 668 venti
576 601 765 691 firgiuntque
790 601 901 680 nubes,
1144 629 1151 642 ·
1179 606 1220 670 30

268 723 305 788 Et
325 722 432 789 minax
452 760 495 772 —
516 722 604 810 quod
628 724 675 791 sic
696 722 829 790 voluere
850 763 893 775 —
914 736 1012 812 ponto

391 843 482 912 Unda
504 843 672 912 recumbit.

266 1019 434 1087 Romulum
456 1031 529 1108 post
550 1020 609 1088 hos
632 1022 736 1109 priua,
761 1043 801 1088 an
825 1034 970 1110 quietum

267 1140 401 1230 Pompili
425 1163 560 1230 regnum
581 1163 766 1221 memorem,
791 1164 831 1210 an
853 1144 1014 1233 superbos

201 1357 243 1408 3ἰ.
261 1357 344 1408 naam
354 1357 382 1408 T.
397 1385 425 1393 -
438 1359 504 1420 qaod
517 1359 552 1408 εἰσ
564 1360 593 1420 Τ,
606 1372 675 1409 corr.
689 1357 753 1408 Cod.
767 1360 835 1419 Diu..
854 1358 945 1422 Aldus,
959 1362 1023 1412 LCt:
1042 1364 1093 1425 qui.
1107 1365 1143 1414 εἰσ
1153 1367 1183 1428 Β,

168 1433 231 1494 paria
240 1433 275 1481 εἰσ
286 1431 331 1493 bs,
345 1445 438 1483 omnes
456 1433 579 1494 Pottierii,
598 1434 660 1495 qaia
676 1434 783 1498 (omisso
795 1435 837 1498 εἰσ)
848 1451 881 1500 μ,
901 1450 952 1498 quo
961 1437 996 1486 εἰσ
1009 1437 1073 1488 Cod.
1087 1441 1185 1490 Gutha-

168 1519 220 1556 nus
232 1509 259 1556 et
271 1507 376 1567 Pottier,
395 1508 426 1557 Η.
445 1506 601 1571 Peerlkamp
619 1509 702 1569 coni,
721 1523 786 1570 quae
802 1511 837 1560 εἰσ
854 1523 922 1560 corr.
942 1527 969 1572 κ,
987 1513 1059 1564 idem
1077 1515 1102 1564 ἰί
1119 1516 1188 1565 inter

166 1593 277 1642 versus,
301 1595 361 1631 acm
377 1583 413 1631 εἰσ
435 1581 517 1632 caud.
543 1581 678 1632 Gemblac.
697 1583 768 1647 apud
785 1575 960 1645 Puim.,'cum
978 1587 1014 1636 εἰσ
1030 1587 1072 1637 alii
1090 1589 1185 1650 codd„

169 1657 196 1706 di
212 1655 248 1705 εἰσ
265 1655 289 1720 (e
308 1656 430 1706 Chisiano
447 1657 474 1720 Β)
493 1657 564 1719 FMJ,
588 1657 623 1706 εἰσ
636 1659 662 1707 di
679 1671 741 1708 cum
758 1659 859 1710 Murato
876 1659 974 1722 Beati,
996 1663 1050 1722 qais
1065 1663 1100 1713 εἰσ
1116 1665 1187 1715 Doe-

166 1729 279 1782 derlein.

168 1926 208 1976 28.
227 1925 269 1976 29.
293 1926 427 1986 «Quorum
439 1925 583 1992 splendens
595 1925 660 1978 dum
698 1928 742 1990 qui
765 1941 798 1977 ex
820 1929 882 1978 Iove
906 1931 985 1993 geniti
1003 1934 1080 1993 sunt,
1105 1945 1158 1984 non
1176 1935 1221 1984 iu-

139 2001 218 2050 oritur
235 2000 318 2061 sidus,
332 2002 505 2064 tempestates
517 2001 618 2051 sedat.»
631 2029 658 2037 -
699 2015 796 2051 nonem
825 2015 912 2066 neque
941 2005 1107 2069 Neptunum;
1135 2012 1163 2059 et
1187 2023 1220 2060 ex

138 2075 236 2140 Deficit]
256 2072 428 2124 «relabitura
442 2075 511 2125 saxis
523 2074 590 2125 litori
601 2087 662 2139 pro·
698 2075 746 2125 iliis
758 2077 866 2126 numina
883 2079 985 2128 tantum
1001 2079 1136 2142 benefica,
1156 2097 1222 2147 qua·

140 2151 215 2200 rimis
232 2160 328 2213 spuma
346 2150 427 2199 maris
445 2149 568 2198 turbati.»
697 2151 807 2214 propter
824 2151 892 2202 Mars
909 2151 1013 2202 silentio
1032 2158 1221 2217 praetermitti-

169 2225 210 2274 30.
230 2223 369 2273 Considunt
384 2223 459 2286 contr]
481 2222 659 2288 «placantur»,
698 2225 747 2273 tur.
784 2225 829 2274 His
846 2227 982 2275 consociat
998 2239 1076 2290 reges
1087 2241 1120 2278 ac
1137 2231 1220 2283 duces

140 2301 168 2348 ut
183 2299 247 2348 Aen.
268 2299 292 2358 t,
312 2296 372 2348 tii:
402 2301 505 2346 σεεισιειε
517 2297 604 2362 percpi
619 2310 661 2348 ca-
697 2299 846 2359 Romanos,
874 2301 1089 2363 quasidabitaas,
1109 2309 1220 2367 quasin

139 2373 196 2421 cidit
209 2373 308 2435 mor.
697 2373 769 2422 tanta
801 2373 919 2424 virorum
951 2387 1119 2429 summorum
1144 2381 1221 2444 copia

170 2446 208 2496 at.
228 2448 296 2509 quod
311 2447 346 2496 εἰσ
361 2445 470 2511 coiaco]
492 2451 617 2510 «propter
634 2446 660 2496 id
697 2447 851 2507 nominare,
879 2460 946 2510 quos
967 2451 1089 2500 omittere
1107 2451 1220 2515 debean

139 2533 236 2582 mum,
263 2520 337 2584 quod
363 2519 516 2570 custoribus
543 2521 577 2570 ita
602 2519 661 2584 pia·
697 2533 760 2570 oum
777 2519 817 2571 dis
835 2523 924 2572 autem
943 2525 971 2572 et
986 2525 1166 2578 Romanorum
1177 2543 1220 2580 re-

138 2596 219 2654 cuit;·
238 2607 292 2658 quo
304 2592 429 2658 loquendi
440 2593 521 2644 modo
536 2607 660 2658 magnam
696 2594 773 2657 gibus
784 2597 949 2660 summisque
962 2598 1075 2652 ducibus
1086 2603 1152 2652 mira
1163 2605 1221 2654 arta

139 2681 230 2719 eorum
242 2669 389 2732 potentiam
401 2669 516 2732 gravitm
526 2670 659 2734 exprimit.
698 2670 840 2719 Caesarem
858 2671 1000 2735 coniungit.

138 2745 243 2794 Sincera
261 2743 329 2794 haec
347 2742 425 2794 lectio
445 2745 542 2808 partim
558 2743 661 2806 glosse-
729 2743 770 2793 33.
789 2745 844 2794 Liv.
865 2747 888 2804 t,
907 2746 953 2795 Pi:
975 2747 1109 2808 (Romulus
1126 2753 1153 2801 et
1169 2753 1222 2802 Nu-

138 2820 227 2878 matis,
255 2819 353 2882 partim
379 2819 442 2882 quia
465 2831 492 2867 v.
518 2820 585 2880 qaod
610 2831 660 2883 pro
696 2817 748 2879 ma)
775 2819 825 2867 duo
841 2819 954 2882 deinceps
969 2834 1056 2884 rapsa,
1082 2825 1148 2874 σίἰσε
1167 2826 1221 2876 arta

138 2895 293 2958 pronomine
311 2893 419 2944 relativo
431 2891 575 2954 habebant,
587 2893 660 2942 uarie
695 2893 752 2953 εἰσ,
781 2893 823 2941 iila
839 2892 912 2954 ὸσίἰσ,
939 2895 1069 2959 hippace,
1096 2899 1222 2952 acratas

139 2970 261 3032 corrupta
288 2969 345 3028 est,
375 2969 519 3018 novissime
544 2969 571 3019 ia
599 2981 659 3029 qua,
697 2972 833 3017 amcam.
869 2969 908 3018 De
933 2983 975 3019 vv.
1001 2969 1074 3020 33-
1087 2971 1129 3034 48,
1153 2987 1221 3038 quos

138 3041 312 3106 marcusque
340 3043 531 3106 tempestatem
564 3042 659 3094 sedare
697 3041 753 3092 sine
771 3040 823 3091 ulla
841 3055 921 3094 causa
942 3045 972 3093 Η.
992 3044 1148 3110 Peerlkamp
1173 3063 1222 3098 ex-

137 3116 312 3167 soluerunt.»
354 3117 426 3166 inter
452 3119 556 3168 ceteras
582 3116 660 3167 falsas
697 3116 810 3181 punctos
827 3115 924 3178 voluit,
943 3119 1156 3181 antiquissimum
1173 3137 1221 3173 ex-

137 3193 252 3255 optimae
279 3193 341 3240 sunt
366 3204 410 3252 aa,
435 3203 516 3255 quam
536 3190 661 3256 praetulit
697 3190 944 3241 stattestimonium
957 3191 1218 3257 Quintiliani9,3,48.

136 3267 270 3316 Meineire:
291 3265 316 3314 (ἰί
335 3266 370 3314 εἰσ
384 3266 484 3317 coium
501 3266 559 3330 (sed
576 3267 662 3330 ingra-
730 3263 770 3314 34.
789 3263 914 3328 arpcrbm]
933 3268 1103 3330 «magnificos
1123 3272 1150 3319 et
1166 3273 1221 3322 ter-

136 3341 192 3389 tum
204 3338 319 3404 praebet
329 3340 433 3402 sonum)
452 3341 480 3391 et
490 3353 558 3390 nova
568 3341 661 3402 Perryi
697 3350 788 3388 rorem
805 3339 988 3402 incutientes»,
1007 3343 1098 3406 utpote
1115 3345 1160 3407 qui
1171 3357 1222 3409 po-

137 3417 177 3465 cui
192 3417 237 3476 εἰσ,
257 3415 364 3478 antiqua
382 3427 434 3466 ser,
453 3417 512 3478 quoi
527 3417 576 3476 εἰσ,
600 3429 662 3466 acm
697 3415 799 3466 testatis
816 3415 842 3464 in
859 3415 939 3465 vitam
963 3427 1113 3480 necemque
1133 3419 1222 3470 homi-

137 3491 170 3540 εἰσ
186 3491 269 3540 etiam
287 3489 353 3540 Cod.
373 3491 484 3554 Franeq.
503 3491 581 3542 Bosii.
600 3492 661 3541 For-
697 3503 762 3539 num
787 3489 898 3552 insignia
921 3492 1020 3540 essent.
1056 3491 1128 3554 (Stat.
1158 3493 1219 3544 Silv.

137 3563 222 3614 mulae
240 3564 333 3615 huius:
351 3565 387 3614 εἰσ
402 3565 428 3613 di
443 3565 556 3624 volucre,
574 3578 606 3615 ac
623 3566 661 3616 si·
697 3565 721 3624 5,
732 3565 757 3624 i,
769 3563 830 3613 ⁴66:
848 3563 964 3626 cingique
973 3563 1222 3632 saperbirforcibar.)

137 3637 251 3699 mitium,
271 3637 382 3702 quibus,
401 3641 431 3688 ut
447 3639 483 3688 ait
500 3640 606 3690 Servius
626 3639 660 3690 ad
697 3638 786 3686 Parcas
802 3639 892 3687 autem
910 3639 951 3688 isti
967 3638 1080 3700 amarti,
1105 3641 1220 3692 maxime

137 3715 199 3762 Aen.
219 3713 243 3774 3,
264 3714 302 3774 4.,
329 3715 440 3762 utuntur
455 3715 567 3777 poetae,
596 3726 661 3776 quo-
698 3711 872 3775 conspicuunr
889 3711 1076 3762 dontinationis
1093 3727 1124 3764 ac
1137 3717 1221 3766 maie—

137 3787 293 3850 tiescunque
311 3787 377 3837 ratio
399 3786 441 3837 vel
463 3787 590 3838 iudicium
607 3801 659 3837 non
697 3786 772 3836 statis
796 3786 884 3848 regiae
910 3787 1063 3850 specimen,
1090 3800 1221 3853 perquam

137 3861 267 3925 apparet,
294 3860 377 3911 muita
406 3861 528 3926 exempla
556 3861 660 3925 collegit
698 3861 759 3924 apte
782 3859 826 3908 hic
850 3863 1110 3923 commemorantur,
1137 3863 1222 3926 siqui-

138 3936 267 3999 Cuningh.
285 3935 441 3986 animadvv.
459 3949 486 4000 p.
500 3937 540 3986 st.
556 3951 660 3999 -poa-
698 3934 760 3984 dam
788 3933 944 3998 Tarquinius
972 3936 1077 3986 Priscus
1108 3947 1154 3986 eos
1189 3950 1222 3987 ex

138 4009 169 4073 to]
187 4009 344 4073 inpedestri
361 4021 442 4060 sarm.
463 4009 504 4060 «in
521 4013 658 4075 pontum.»
697 4008 844 4071 Tarquiniis
869 4009 979 4058 Romam
1008 4007 1126 4060 intulisse
1155 4009 1223 4062 iere·

139 4083 178 4132 Sic
196 4087 260 4132 aaa.
280 4086 305 4144 5,
324 4083 386 4134 itt:
414 4084 433 4133 ἰι
458 4084 554 4133 clamor
577 4083 660 4142 σσσίο,·
698 4081 784 4132 batur.
815 4081 918 4145 (Strabo
935 4083 959 4143 t,
976 4083 1000 4132 ἰ.
1013 4096 1040 4146 p.
1054 4081 1111 4134 346.
1130 4084 1219 4134 liram.

140 4159 229 4206 contm
251 4159 317 4208 Aen.
336 4156 360 4218 i,
380 4157 442 4206 665:
471 4159 491 4206 it
515 4157 611 4208 elamor
627 4159 662 4207 ad
698 4154 788 4206 Florus
806 4156 830 4217 4,
849 4158 873 4217 5,
892 4156 927 4219 6.)
948 4157 1024 4206 Hunc
1041 4158 1111 4207 eninr
1128 4169 1220 4220 regem

141 4229 192 4278 aim
207 4233 284 4280 σσνίσ.
694 4235 790 4292 peceat
799 4229 860 4280 balio
867 4231 1081 4293 prmrptimirnmn
1091 4229 1189 4293 (Florus
1201 4230 1217 4280 1.

173 4304 222 4354 Eos
251 4305 388 4356 dumtaxat
421 4304 486 4354 deos
520 4307 661 4370 memorat,
698 4303 725 4366 i.)
745 4305 839 4354 merito
855 4304 993 4367 praedicat
1009 4303 1051 4352 vai
1067 4306 1219 4367 propterea,
