3002 4974
523 421 582 472 LlB.
602 421 644 472 iii.
681 423 709 472 C.
729 424 759 474 11.

373 577 476 642 Vexct
497 596 601 664 eques
623 579 817 647 metuendus
839 579 930 648 hasta

294 734 461 822 Vitamquc
484 733 545 800 sub
567 733 643 801 divo
665 747 697 804 et
718 739 853 827 trepidis
875 752 949 829 agat

290 857 325 922 ln
347 855 456 923 rebus.
501 854 593 922 ilium
615 877 656 923 ax
677 859 847 928 moenibus
870 861 1001 931 hosticis

333 978 476 1044 Matrona
497 975 646 1044 bellantis
669 982 795 1068 tyranni

372 1099 578 1187 Prospiciens
600 1109 633 1166 et
654 1099 763 1167 adulta
783 1103 874 1191 virgo

288 1257 448 1344 Suspirat,
474 1257 574 1336 cheu,
599 1279 640 1324 ne
664 1257 754 1326 rudis
776 1261 939 1348 agminum

289 1379 436 1466 Sponsus
459 1377 600 1448 lacessat
620 1381 730 1468 regius
753 1403 906 1470 asperum

329 1501 427 1568 Taotu
449 1499 592 1578 leonem,
617 1523 715 1590 quem
738 1514 873 1570 cruenta

370 1623 434 1688 Por
455 1620 580 1689 medias
602 1624 685 1711 rapit
707 1625 755 1690 ira
777 1625 905 1692 cacdcs

180 1813 204 1862 t.
222 1813 263 1862 dio
277 1813 319 1864 ct.
340 1838 367 1850 -
386 1813 443 1862 diuo
459 1813 562 1875 trepidis
577 1813 701 1876 licerius.
720 1812 851 1864 iiamtavit
867 1814 955 1878 liegai.
971 1843 998 1852 -
1019 1817 1074 1880 (vv.
1088 1819 1169 1868 t—ta

152 1885 247 1938 desunt
263 1887 290 1938 in
308 1886 346 1950 Β.)
367 1914 394 1925 -
414 1886 438 1936 9.
455 1886 503 1938 tau
517 1887 565 1938 tat
580 1886 606 1938 d.
626 1887 715 1938 Ceteri
732 1889 785 1939 mei
802 1889 869 1939 oica.

149 2044 171 2094 3.
188 2043 212 2096 i.
237 2045 356 2110 mos]
374 2046 424 2096 iiic
439 2041 556 2113 γνώμας
572 2059 637 2110 pro-
675 2059 719 2097 res
735 2059 839 2111 pugnas
856 2047 972 2100 heroum
984 2063 999 2100 e
1010 2050 1129 2103 turribus
1140 2065 1203 2116 pro·

121 2131 215 2182 ponens
225 2121 335 2185 proprio
346 2121 429 2172 utitur
439 2123 561 2182 nomine,
574 2121 637 2173 aiibi
673 2123 807 2185 spartana
835 2123 899 2172 item
921 2124 1050 2186 Antigono
1072 2125 1201 2178 inmunis

120 2205 193 2258 saepe
214 2194 371 2260 praeterens
392 2197 497 2260 pottica
516 2196 558 2248 vel
581 2199 637 2249 ite-
673 2193 814 2246 Thebanis.
834 2196 931 2261 (Eurip.
946 2197 1044 2248 Phoen.
1059 2199 1110 2262 88.)
1128 2201 1198 2265 virg.

118 2267 201 2320 dorna
222 2269 266 2322 vei
290 2271 425 2322 Ραιωιιιη
446 2270 586 2322 vocabula.
606 2299 634 2310 -
673 2269 738 2320 Aen.
766 2270 807 2320 ti.
826 2267 891 2320 itt:
930 2270 991 2320 Tam
1014 2285 1101 2322 muros
1124 2275 1201 2324 auria

121 2342 200 2409 th]
228 2346 339 2408 «urgeat
363 2349 391 2396 et
407 2345 550 2396 conturbet
565 2347 636 2397 acri-
671 2344 774 2394 duam
798 2357 894 2394 corruo
916 2346 1197 2412 ausoniamque.

118 2417 205 2482 tanqua
221 2421 427 2484 perseqmtm.·
672 2417 748 2470 Silius
768 2420 796 2479 T,
814 2419 877 2470 itt:
905 2419 1067 2472 oonctmmt
1085 2428 1197 2487 matres,

145 2493 168 2542 a.
193 2493 236 2543 nrt
252 2495 312 2544 diuo
329 2499 353 2544 ot
369 2494 483 2558 aspidis]
513 2498 556 2546 net
572 2509 635 2546 cum
671 2493 783 2556 retroque
810 2507 823 2543 a
847 2493 954 2544 numine
977 2497 1047 2546 muri
1071 2498 1200 2549 lammae

117 2565 230 2618 molestia
255 2571 285 2619 et
309 2569 336 2620 in
359 2568 511 2633 periculis.»
551 2571 636 2622 Parti-
670 2581 723 2618 ooo
733 2569 817 2618 minio
831 2573 912 2618 εοηαι.
931 2569 995 2620 Stat.
1006 2569 1089 2621 Theb.
1103 2573 1128 2634 7,
1139 2572 1197 2626 iio:

116 2640 169 2692 mia
184 2648 207 2694 et
222 2656 318 2694 carere
335 2657 553 2708 nonpossumus,
572 2657 635 2696 cum
670 2643 788 2693 Nondum
802 2643 878 2694 torttr
893 2644 976 2704 carc,
1000 2646 1097 2707 trepido
1114 2651 1198 2698 umen

116 2715 197 2781 inepta
213 2719 249 2769 sit
265 2719 412 2770 sententia:
442 2720 538 2770 «vitam
555 2719 635 2784 degat
671 2719 771 2782 omnine
794 2723 889 2768 matres
909 2718 1079 2770 conmmanit
1102 2734 1198 2784 moror,

115 2791 276 2856 inperterrita
299 2793 350 2844 suh
372 2793 460 2844 divo.»
483 2795 594 2856 Trepidis
608 2795 635 2844 in
670 2793 728 2843 iride
744 2805 819 2842 anuo
839 2793 945 2842 nitentia
966 2793 1033 2842 natta
1048 2793 1082 2843 Et
1104 2795 1198 2857 fornu-

114 2866 181 2918 reiiur
197 2867 262 2918 siluit
279 2868 362 2918 etiam
375 2869 463 2919 Livius
478 2868 508 2928 l,
528 2870 567 2919 i'i.
587 2869 632 2932 at,
671 2868 767 2917 dandos
780 2871 922 2916 ommtrmrt
937 2867 982 2916 aab
992 2870 1088 2919 caram
1101 2875 1196 2931 patrer.

115 2941 150 2990 it.
168 2942 194 2992 in
207 2955 238 2993 ro
253 2943 356 3004 trepida
371 2943 401 3002 ti,
419 2943 460 2992 titi.
487 2941 580 2994 Tibuil.
602 2945 632 3004 T,
704 2941 728 2991 9.
747 2939 872 3004 Stupiret]
886 2943 978 2992 «motta
990 2954 1116 3004 secum»
1134 2957 1197 2997 nam

114 3013 140 3075 3,
154 3017 201 3066 at:
219 3017 633 3080 trepidirpcttereorocuiarcbur.
671 3017 729 3066 eius
753 3014 943 3067 sollicitudines
969 3015 1113 3079 significat,
1142 3031 1198 3072 non

113 3087 174 3140 tlibi
192 3085 310 3152 «dubiis,
332 3090 515 3156 periculosius
670 3091 754 3154 ipsius
783 3087 908 3152 querelas
932 3088 1016 3139 verba
1043 3091 1135 3142 roicrt.
1168 3119 1195 3130 -

141 3165 164 3214 6.
192 3167 279 3230 itum]
314 3167 408 3216 Totam
432 3165 503 3216 hanc
527 3180 633 3231 pugnae
670 3161 774 3228 occet]
788 3161 923 3224 molliora,
934 3176 984 3213 ne»
995 3167 1046 3214 cet.
1064 3165 1199 3218 Metuendi

112 3251 216 3290 monam
250 3241 357 3304 egregio
391 3253 424 3290 ac
451 3241 633 3306 maximopere
672 3240 744 3290 enim
753 3238 824 3288 notio
833 3238 938 3288 inestin
947 3236 1031 3288 verbo
1040 3240 1154 3301 tarptret.
1167 3269 1195 3280 -

112 3310 255 3377 δεικτικῶς
282 3316 343 3365 ante
369 3313 462 3366 oculos
488 3315 566 3366 nobis
583 3331 634 3381 po-
671 3311 814 3377 apmtnum]
832 3313 913 3362 totius
924 3312 964 3362 rei
976 3311 1109 3375 militaris,
1122 3315 1198 3366 cuius

112 3387 175 3438 suit:
196 3389 284 3439 :iiim
301 3387 472 3439 iustissimum
491 3401 524 3440 ao
541 3389 634 3442 tormi-
670 3387 743 3438 haud
751 3387 860 3444 minima
867 3399 931 3451 pars
938 3390 1080 3450 estagmen
1087 3387 1195 3442 ducere.

111 3460 225 3513 dandum
244 3463 371 3514 iuvenem
391 3463 562 3514 Romanum»
580 3467 632 3516 cet.
705 3464 745 3513 to.
780 3461 1023 3526 sporum-raptio]
1056 3463 1198 3527 Accipien-

111 3535 160 3587 Cir.
180 3537 288 3588 Nitzsclr
307 3535 380 3600 apud
398 3535 552 3588 Ltibirarum
572 3552 632 3604 pag.
671 3537 737 3588 dum
754 3537 788 3586 do
805 3534 872 3586 alius
888 3537 959 3599 regis
984 3537 1113 3588 foederati
1134 3537 1196 3600 titio,

110 3609 162 3660 ru.
182 3639 209 3648 -
228 3611 343 3675 micis]
360 3611 464 3674 politica
482 3610 567 3663 torma
584 3627 633 3677 pro
670 3613 701 3662 ut
725 3609 864 3661 Coroebus
884 3613 994 3674 propter
1017 3611 1196 3664 Cassandram

109 3683 243 3747 aarum,
262 3687 293 3735 ut
307 3686 431 3748 aarum,
456 3699 510 3750 quo
527 3687 633 3740 Tacitus
670 3687 775 3738 Troiam
797 3688 917 3736 venerat.
937 3713 965 3722 -
992 3687 1109 3751 immor]
1137 3701 1199 3738 asu·

109 3758 200 3820 utitur,
219 3761 249 3809 et
264 3760 366 3810 uriom
389 3785 417 3797 -
435 3761 492 3810 iam
510 3761 545 3810 ad
564 3762 633 3813 ima·
670 3759 755 3825 parba
778 3762 806 3810 et
826 3763 916 3812 tamen
937 3760 995 3811 siue
1016 3773 1146 3813 successu
1163 3761 1197 3812 ad

109 3832 209 3894 duam,
229 3846 300 3897 quae
317 3835 414 3884 mentis
431 3833 516 3886 oculis
533 3834 633 3886 obver-
668 3848 787 3901 pugnam
818 3833 973 3899 provocet.»
1012 3861 1040 3872 -
1077 3849 1197 3898 arperttm

109 3909 191 3968 satur,
209 3909 324 3959 mansue
341 3911 465 3959 maturat.
672 3913 749 3962 Turta
772 3909 880 3974 bonam]
919 3921 1017 3972 «quem
1045 3911 1068 3960 si
1093 3911 1195 3972 tangas,

139 3983 162 4030 t.
180 3983 316 4049 Matrona]
334 3986 363 4033 ut
381 3984 433 4034 iam
449 3983 521 4048 apud
533 3985 633 4036 iiome-
671 3985 858 4050 exasperatur,
905 3983 967 4034 iurit
999 3983 1197 4048 prosternitque

108 4067 165 4106 rum
189 4056 226 4119 (ll.
245 4069 278 4123 γ,
299 4057 366 4120 rut.)
385 4059 413 4108 et
427 4058 536 4110 Hesiod.
559 4061 631 4110 scut.
671 4062 781 4125 propius
798 4057 986 4109 accedentes·
1003 4056 1075 4108 iliad.
1089 4073 1119 4120 o,
1139 4057 1195 4106 tra.

108 4128 168 4182 tta:
206 4132 241 4183 at
266 4131 298 4184 δὲ
323 4138 458 4199 γυναῖκες
482 4130 633 4200 ἐϋδμήτων
670 4135 705 4186 de
727 4133 822 4186 icone:
865 4127 931 4194 ἰθὺς
963 4133 1082 4202 φέρεται
1105 4132 1194 4195 μένει.

108 4201 152 4254 cn
167 4202 282 4277 πύργων
298 4203 434 4259 Χάλκιον
457 4202 511 4271 ὀξὺ
533 4205 631 4272 βόων,
670 4208 747 4261 Silius
764 4210 794 4270 7,
813 4207 870 4260 itti.
898 4207 932 4258 de
949 4205 1110 4258 Hannibale:
1142 4205 1197 4254 turn

108 4276 402 4354 zmdd'idprinovro
417 4279 547 4356 παρειάς·
566 4297 633 4335 uxo-
670 4297 755 4336 ceram
779 4283 899 4345 lituram
928 4283 992 4332 iimo
1023 4281 1091 4332 vatio
1116 4279 1197 4329 metti·
