2998 4980
504 437 562 488 tta.
583 439 602 487 1.
638 438 666 488 C.
686 437 750 488 XVI.

325 606 430 670 Pones
451 603 584 680 iambis,
609 605 678 670 sive
701 603 830 670 damma

370 727 446 794 Sive
469 726 550 792 mari
572 724 651 794 libet
672 725 845 792 Hadriano.

281 885 354 952 Non
374 863 602 974 Dindymene,¹
618 905 682 950 uon
704 884 810 972 adytis
832 884 935 972 quatit
1177 887 1196 949 5

282 1005 421 1072 Mentem
442 1005 649 1073 sacerdotum
670 1004 776 1072 incola
796 1005 943 1096 Pythius,

322 1127 393 1193 Nou
415 1127 654 1215 Liberaeque,
678 1147 743 1193 non
766 1137 860 1194 acuta

143 1353 201 1479 Di.
214 1355 332 1480 ἱ0144440440
349 1353 375 1404 (4.
396 1381 423 1389 -
442 1355 466 1403 o.
486 1355 557 1415 04444
573 1353 799 1404 liemsterhusius.
816 1382 842 1389 —
857 1355 939 1416 000440
955 1355 984 1405 B.
1001 1383 1027 1390 -
1039 1356 1062 1406 s.
1076 1345 1178 1406 4400440Δ

166 1442 213 1480 orv
252 1441 291 1480 00.

113 1625 187 1675 metis
211 1622 334 1674 iambicis
357 1623 461 1684 Qtuintil.
486 1625 527 1685 44,
552 1625 576 1685 4,
605 1623 635 1673 94
674 1621 855 1684 400040444044,
874 1622 902 1672 id
918 1623 1197 1688 quoqueedspatium

113 1699 243 1761 4444040400
257 1699 406 1748 4040404000.
675 1698 747 1761 quod
765 1697 879 1748 dicimus
896 1709 1056 1762 corporeum
1073 1699 1198 1748 40404404.

140 1772 164 1824 4.
196 1773 340 1836 Hadriano]
368 1774 441 1823 llaec
466 1773 550 1824 torma
576 1785 638 1836 pro-
674 1773 908 1836 Tumoremigitnr
924 1774 1004 1822 istum
1017 1770 1198 1836 relinquamus

112 1849 166 1911 prie
182 1847 218 1896 de
231 1845 324 1897 incolis
336 1847 449 1898 lladriae
460 1848 550 1912 oppidi
560 1861 638 1898 usur
673 1847 803 1898 Eumenio
812 1849 908 1911 Paneg.
920 1847 1056 1897 Constant.
1065 1847 1105 1896 ⁴7:
1119 1861 1199 1909 0000-

112 1924 195 1985 putur.
240 1923 418 1972 44044ήο44000
441 1925 532 1973 nutem
561 1935 635 1973 mare
672 1925 712 1972 400
727 1922 908 1974 44400000404440
921 1922 1024 1984 miritae
1039 1921 1199 1971 4444004440-

112 2009 163 2045 non
180 1997 303 2046 nominat
318 1997 457 2060 tamquam
472 1999 567 2048 0040440
584 1999 637 2047 4444-
673 1996 780 2046 44404044
813 1999 869 2048 Nec
883 1999 973 2048 tamen
987 1999 1131 2060 propterea
1145 1995 1196 2058 leg.

112 2072 259 2134 petuosius,
278 2071 327 2121 sed
345 2075 375 2121 ut
390 2071 438 2121 0d.
458 2072 481 2133 4,
501 2074 524 2132 4,
539 2071 578 2123 44.
594 2074 635 2122 44.
672 2073 750 2132 capti,
777 2087 846 2136 quae
864 2075 931 2122 ratio
947 2072 1066 2135 pedestri
1080 2071 1199 2120 sermoni

111 2147 240 2206 llys-tcum
265 2147 293 2195 04
316 2147 440 2206 40044004,
471 2147 518 2197 Od.
544 2148 568 2208 4,
591 2147 633 2208 46,
672 2147 741 2196 40404
763 2149 856 2210 aptior.
900 2149 946 2197 Est
966 2159 1045 2196 vero:
1080 2146 1200 2206 «Pythicas

111 2221 150 2270 45.
178 2221 313 2280 orestem,
339 2225 526 2285 expetiturum
548 2234 633 2282 more,
673 2220 756 2284 (quod
771 2223 886 2272 nominis
906 2235 947 2286 pr.
969 2221 1057 2270 vicem
1074 2219 1196 2280 sustinet,

109 2299 138 2344 ut
161 2296 227 2346 00444
256 2294 366 2346 alicuius
389 2297 470 2348 muris
492 2296 635 2358 imaginem
671 2296 701 2346 ut
715 2295 833 2355 00444400
846 2296 894 2346 044.
912 2297 994 2356 4,44,
1007 2295 1052 2356 4.),
1071 2295 1116 2356 qui
1127 2295 1199 2343 iuco-

107 2369 186 2420 uobis
202 2372 266 2420 0040
284 2369 480 2434 oculosponat.
513 2370 574 2433 (Cir.
596 2371 637 2420 Ti-
672 2369 701 2420 444
717 2371 806 2434 adyta,
825 2373 852 2421 iu
870 2371 912 2422 his
927 2372 1011 2433 quatit
1027 2371 1095 2420 cet.»
1110 2395 1138 2405 -
1155 2367 1196 2418 Ad

108 2442 173 2494 buil.
201 2446 225 2506 4,
251 2446 276 2504 9,
298 2443 343 2495 to:
376 2445 425 2494 4440
446 2445 521 2496 celim
542 2447 636 2508 rapido
673 2457 749 2508 seqq.
769 2445 816 2496 cir.
838 2444 973 2496 Claudian.
991 2446 1065 2508 Rapt.
1082 2447 1156 2495 Pros.
1172 2445 1195 2504 4,

112 2519 234 2569 Volcanus
250 2519 483 2585 conniocflonmtn
500 2522 603 2571 Torreat
613 2525 637 2570 04
672 2521 735 2570 208:
767 2521 877 2583 emptas
903 2535 954 2570 4400
977 2520 1076 2582 impulit
1100 2529 1196 2577 0440040,·

107 2595 206 2657 liquido
221 2596 302 2644 4404004
317 2597 399 2646 04444440
414 2596 505 2660 opaea)
671 2595 729 2645 Non
745 2594 840 2658 444000,
857 2609 909 2645 ooo
925 2609 989 2646 0040
1004 2599 1101 2644 0044004.

140 2671 166 2719 5.
201 2670 365 2733 0444444040]
393 2669 494 2732 Cybele
518 2683 540 2720 s.
563 2670 635 2720 Rhea
704 2672 727 2720 ’4.
758 2673 836 2720 «Non
853 2683 940 2733 aequo
958 2670 1045 2720 lurore
1059 2667 1198 2720 0444440100-

107 2743 281 2805 aDindymo,
300 2745 429 2807 Pbrygiae
441 2747 533 2795 monte
550 2757 635 2808 prope
673 2748 716 2795 tur
733 2743 797 2795 Galli
815 2744 939 2808 Cybeles,
960 2745 1080 2794 Bacchae
1098 2743 1195 2804 tilieti,

109 2819 310 2880 Pessinuntem,
329 2819 375 2869 ubi
386 2821 555 2883 potissimum
567 2818 636 2870 cole-
672 2821 764 2882 Pytbia
785 2833 816 2870 00
837 2817 935 2883 Sibylla
955 2817 1081 2882 Apollinis
1103 2817 1198 2868 instin-

110 2891 199 2942 batur.
226 2919 255 2928 -
283 2895 341 2944 Non
365 2894 457 2959 04444440]
480 2895 579 2945 Caesar
604 2896 633 2946 B.
673 2895 725 2954 ctu,
745 2907 795 2943 4400
811 2895 869 2959 pari
878 2893 975 2943 mentis
985 2890 1098 2942 tumultu
1110 2891 1198 2954 agitati

109 2967 140 3017 C.
160 2965 185 3026 3,
203 2969 265 3017 too:
290 2969 406 3034 4404004444
429 2970 457 3018 444
480 2971 581 3020 00004440
604 2983 636 3020 oc
673 2968 854 3031 Corybantes,
880 2967 996 3031 Cybeles
1018 2967 1145 3025 ministri,
1170 2967 1197 3016 in

106 3042 209 3092 40040440
231 3043 332 3104 40044444,
357 3057 407 3106 pato
428 3050 532 3105 praeter
549 3057 636 3094 00004-
673 3043 778 3094 choreis
801 3045 856 3094 suis
879 3041 1003 3104 cymbala
1020 3042 1120 3090 iteratis
1139 3041 1199 3089 icti-

109 3117 177 3164 dolea
191 3117 265 3166 044440
279 3118 320 3180 sos
335 3132 386 3168 000
402 3123 449 3180 est,
469 3120 636 3180 puncGroeoi
672 3116 724 3166 bus
746 3116 869 3180 pulsant,
897 3121 927 3166 ut
955 3117 993 3164 440
1018 3113 1122 3178 abrepti
1147 3127 1197 3165 nos

106 3183 203 3254 ἄδιμα
226 3192 368 3256 appellant,
402 3197 524 3256 tympcoc
549 3207 637 3244 004400-
672 3193 800 3254 exagitari
813 3204 845 3241 00
862 3191 950 3240 404040
963 3188 1089 3250 solemne,
1109 3189 1198 3238 omnia

105 3269 176 3316 444444.
671 3265 794 3315 4044400Ιο
820 3268 1004 3329 spernentes.»
1044 3264 1082 3313 ltu
1107 3264 1130 3312 04
1156 3262 1197 3312 lo-

141 3339 167 3388 ti.
204 3337 336 3402 «apollo,
365 3341 438 3404 adyti
462 3341 583 3408 Delphici
608 3345 636 3393 04
672 3353 735 3390 cum
758 3341 978 3403 interpretamur,
1008 3340 1038 3388 ut
1061 3341 1122 3402 post
1148 3351 1198 3390 nos

108 3413 206 3466 Deliaci
223 3413 324 3476 incola,
351 3415 441 3468 divino
463 3419 553 3468 afflatu
573 3431 637 3468 con·
672 3416 734 3466 40044
748 3417 828 3466 etiam
842 3413 922 3478 Regel
939 3413 1100 3473 etLttbker,
1119 3415 1198 3476 quat-

110 3491 173 3539 citat
188 3483 348 3554 4κοφητῶν
365 3503 476 3541 suorum
487 3495 633 3543 mentem.»
672 3492 733 3542 tuor
747 3490 990 3550 vehementissimi,
1015 3490 1107 3552 utpote
1122 3487 1198 3538 iana-

110 3566 151 3614 Sic
169 3562 263 3613 Catrdl.
278 3564 363 3628 Epilh.
382 3565 436 3616 Pel.
455 3567 517 3618 4494
537 3567 635 3618 Miner·
672 3565 724 3625 tici,
745 3565 841 3616 4040440
864 3563 986 3628 exempla
1003 3565 1195 3627 proponuntur.

109 3651 143 3688 va
158 3638 243 3688 400040
264 3639 336 3689 440444.
371 3641 401 3690 40
424 3641 531 3692 Ηο40440
556 3643 635 3693 nimis
671 3638 782 3690 Bentleii
805 3653 872 3690 vero
896 3639 1047 3690 coniectura
1072 3638 1094 3688 04
1118 3639 1199 3702 00044-

110 3712 237 3764 audacter
253 3712 296 3763 alii
311 3715 475 3780 interpretati
493 3729 553 3768 0000
570 3718 636 3767 nulii
671 3719 743 3774 440444,
758 3713 786 3764 id
803 3717 853 3776 est,
868 3727 944 3764 «eum
958 3713 1118 3776 geminant»,
1134 3717 1199 3776 pob-

109 3787 249 3838 videutur:
277 3787 382 3839 «incola
396 3791 494 3841 mentis
508 3791 636 3841 sacerdo-
673 3791 752 3838 ticam
765 3786 817 3838 loci
833 3789 888 3838 vim
903 3788 1049 3838 admodum
1067 3784 1195 3837 debilitat.

109 3863 200 3922 tumn
223 3864 265 3924 04,
289 3863 400 3928 stapud
417 3863 547 3916 Senecam
563 3866 634 3916 44044.
672 3863 763 3914 Priore
788 3866 879 3914 autem
899 3862 973 3922 loco,
1000 3874 1034 3912 00
1057 3860 1099 3912 bis
1124 3861 1198 3912 idem

110 3936 165 3987 383.
193 3935 306 4000 tegimus
322 3943 421 4000 recepto
444 3939 549 3990 4400000
568 3941 637 3990 4040-
673 3938 784 4000 dicatu,
798 3937 981 4000 Dindymenes
993 3937 1148 3988 sacerdotes
1160 3937 1199 3986 in-

109 4011 146 4062 044
160 4013 217 4073 400,
235 4011 288 4062 hoo
304 4011 389 4063 multo
400 4013 489 4065 miuus
503 4013 636 4064 tumidum
673 4012 760 4076 tellige
772 4012 868 4075 Gallos,
881 4025 997 4078 quorum
1008 4013 1123 4063 insanias
1135 4013 1199 4062 coti·

110 4087 151 4138 004
169 4086 197 4136 in
221 4088 302 4151 poete
328 4089 466 4152 ceteroqui
488 4086 635 4138 luxuriante
673 4087 716 4138 die
731 4089 830 4139 44044400
844 4086 1096 4148 videbatlioratius,
1109 4088 1199 4136 utFa-

111 4171 190 4224 00004
206 4162 267 4210 deos
281 4161 365 4212 4440040
380 4163 470 4213 menda
485 4163 554 4214 ioret
564 4163 635 4228 apud
673 4163 822 4213 naticornm
839 4175 872 4213 ex
886 4162 953 4212 aede
966 4161 1090 4214 Bellonae
1106 4163 1196 4226 (40004.

112 4235 261 4288 Horatium:
281 4249 352 4299 uam,
372 4251 434 4288 curu
452 4238 499 4288 Od.
516 4237 540 4300 3,
555 4239 595 4299 44,
609 4238 634 4300 3,
672 4251 708 4289 m.
728 4238 784 4287 Lat.
803 4239 833 4288 N.
860 4237 953 4301 4344).
971 4239 1069 4288 Lucan.
1086 4237 1110 4298 4,
1129 4235 1195 4286 bot:

111 4311 241 4374 4004404400
273 4313 389 4375 regionis
422 4311 635 4376 septentrionalis
672 4312 815 4375 crinemque
829 4317 941 4363 40400400
959 4312 1131 4376 8000040004
1150 4337 1164 4348 ·
1183 4337 1198 4349 -
