3002 4974
518 455 577 503 LlB.
598 454 628 504 ll.
665 455 693 504 C.
713 454 777 504 xvi.

292 609 437 697 llugiuut
457 627 592 684 vaccae,
619 607 675 674 tibi
700 607 778 674 tollit
801 609 955 676 hinnitum

291 733 372 819 Apta
393 729 561 819 quadrigis
584 749 686 817 equa,
710 739 741 798 te
764 729 815 798 bis
837 731 912 798 hlro

376 853 497 919 Murice
519 851 636 918 tinctae

293 1011 435 1078 Vestiunt
456 1010 568 1076 lanae:
593 1008 668 1075 mihi
692 1029 792 1098 parva
814 1029 890 1074 rura
917 1019 949 1075 et

294 1131 446 1220 Spiritum
469 1131 585 1198 Graiae
608 1140 738 1197 tenuem
763 1132 925 1198 Camenae

292 1254 392 1319 Parca
414 1273 478 1318 non
501 1251 640 1319 mendax
662 1251 753 1318 dedit
775 1261 808 1319 ct
829 1251 1004 1340 malignum

382 1376 545 1463 Spernere
567 1374 691 1462 volgus.

186 1555 228 1608 ai.
248 1555 289 1606 35.
307 1555 394 1618 tinelli
408 1556 468 1604 Trou
485 1561 547 1617 apto
563 1555 591 1606 T.
613 1581 640 1592 -
661 1553 710 1618 (lo.
730 1553 818 1606 Habet
833 1554 922 1618 colpus
938 1555 972 1617 ο.)

118 1715 253 1778 ὴόηηὶιωη]
282 1715 347 1764 Nota
377 1711 513 1764 elisionem
538 1713 565 1764 in
594 1711 646 1762 fine
682 1706 775 1782 ὁρμῆς
792 1725 823 1761 τε
839 1715 900 1773 τοῖς
917 1717 1073 1776 σοφισταῖς
1085 1703 1154 1784 ἦρξε
1167 1741 1207 1754 --

119 1805 142 1838 v.
161 1790 254 1838 Mani?
271 1788 347 1850 Apio.
682 1788 731 1837 καὶ
759 1783 931 1852 πνεύματος.
965 1815 992 1824 -
1019 1789 1123 1853 manem]
1151 1791 1208 1839 Non

150 1865 195 1914 35.
213 1863 288 1927 Apta]
302 1875 354 1912 nou
366 1863 495 1922 «iuncta»,
514 1861 564 1912 sed
577 1862 648 1912 uido-
682 1862 811 1925 significat
828 1861 999 1927 «particulam
1017 1862 1133 1926 aliquam
1152 1864 1208 1913 exi—

119 1953 197 1989 nean.
220 1965 248 1974 -
267 1935 340 2000 equo]
360 1935 485 1999 Equubus
502 1937 644 1999 inprimis,
682 1950 761 2000 guum
779 1937 899 2000 spiritus,
918 1936 1020 1986 vividae
1039 1937 1107 1989 illius
1124 1936 1208 1988 lacul-

118 2013 284 2076 nouandis,
312 2010 456 2060 utebantur
476 2011 504 2059 in
522 2011 647 2060 ceriami·
682 2013 742 2062 tatis
768 2013 923 2076 poeticae»,
950 2015 980 2062 ut
1004 2015 1097 2064 lanum
1124 2012 1209 2064 secuti

119 2087 208 2138 nibus.
238 2087 308 2149 virg.
333 2087 378 2134 Ge.
400 2087 427 2146 l,
452 2085 497 2134 59:
527 2086 647 2135 Eliadum
683 2084 776 2136 falsam
794 2085 953 2137 modestiam
972 2088 1079 2136 Horatio
1091 2087 1210 2137 tribuen-

115 2163 220 2226 palmas
235 2161 328 2222 Epiros
343 2171 476 2221 aquaram.
681 2163 723 2210 tes
736 2161 853 2221 Eschen,
868 2163 968 2220 Praise,
987 2163 1115 2224 Schmidt,
1129 2163 1206 2223 Voss,

151 2237 194 2288 36.
213 2235 318 2298 Murice]
343 2233 426 2298 lipod.
447 2235 490 2294 lt,
514 2235 560 2283 2⁴:
587 2235 647 2284 llu-
681 2234 791 2294 Biader,
811 2237 908 2284 Garve:
933 2236 981 2285 ein
1003 2238 1106 2300 wenip
1123 2237 1209 2286 Geist

117 2313 214 2361 ήοᾱὸιιε
233 2310 313 2370 Tyriis
329 2310 437 2358 iterata
452 2309 546 2358 vellem
562 2309 645 2359 tunm.
681 2307 723 2358 vel
735 2308 936 2358 ainPrdbtein
948 2311 1046 2370 Gelan
1065 2311 1115 2360 sed
1128 2310 1208 2360 asub-

117 2389 185 2451 Epp.
205 2387 234 2445 Ξ,
253 2386 283 2444 2,
303 2383 364 2434 ist:
382 2388 459 2432 emtas
476 2385 580 2434 Goetrdo
591 2398 646 2433 mu·
681 2381 754 2433 tilem
783 2385 863 2447 atque
898 2385 1077 2447 ingeniosum,
1112 2385 1205 2448 sein,

116 2463 170 2510 ricc
187 2461 290 2518 tinctos,
312 2455 438 2518 δίβαφα;
463 2471 582 2522 purpura
606 2459 647 2508 ni·
681 2463 765 2518 zerim
784 2461 814 2508 ut
830 2461 860 2508 Α.
881 2461 907 2509 P.
927 2459 974 2510 to:
991 2459 1209 2510 innatantem

117 2537 248 2598 gricante.
283 2533 375 2582 llurex
392 2545 407 2581 e
422 2534 648 2596 generetestace-
681 2534 761 2583 tenuia
784 2539 921 2595 carumque
943 2536 1059 2586 serendis.
1096 2537 1150 2586 Cic.
1173 2535 1208 2586 de

118 2621 211 2668 orum,
231 2607 276 2671 qui
295 2607 329 2656 ad
346 2607 505 2668 Phoenices,
531 2607 644 2666 Africae,
682 2606 724 2655 Or.
739 2606 766 2667 3,
781 2609 825 2656 52:
844 2609 929 2658 oratio
941 2610 1060 2671 --ptena
1072 2612 1205 2672 wuedum,

118 2684 268 2734 Laconicae
302 2680 377 2731 litora
405 2681 439 2730 ab
468 2681 647 2732 urinatoribua
681 2682 723 2730 sed
739 2686 822 2731 tumen
838 2687 902 2732 teras
922 2687 945 2732 et
961 2685 1054 2744 muta,
1081 2699 1132 2734 non
1154 2686 1207 2735 sine

118 2757 320 2810 extrahebatur.
362 2757 414 2806 Suo
439 2769 514 2807 more
538 2758 589 2806 hoc
611 2758 646 2806 ita
681 2757 765 2804 neruis
781 2769 811 2805 nc
826 2757 930 2806 cimbra.
964 2758 1150 2809 ldemadhtt.
1165 2761 1206 2820 lt,

118 2831 292 2896 amplificavit
300 2831 421 2882 Lucanus
431 2831 471 2892 io,
483 2831 544 2880 lit:
558 2833 648 2880 Strato
682 2831 709 2879 6:
729 2837 826 2881 insuam
841 2831 968 2902 θεωρίαν
979 2845 1042 2882 mox
1057 2836 1135 2884 vocat
1146 2846 1210 2882 ucra-

117 2909 228 2965 rnicout‚·
249 2906 322 2966 Tyrio
339 2919 446 2967 uuonan
457 2907 648 2968 paramunimo
681 2909 734 2954 tom
745 2910 768 2954 et
777 2919 890 2969 proven.
910 2905 1035 2957 Martialis
1048 2907 1075 2968 e,
1096 2906 1142 2968 oi,
1164 2907 1207 2955 ⁴7:

116 2983 176 3046 pico
194 2980 339 3041 (leotadio,
357 2981 428 3030 vines
444 2993 495 3030 non
511 2982 647 3030 enodavit
682 2983 765 3029 houm
789 2980 911 3042 Athenae,
938 2979 1069 3044 similique
1095 2981 1209 3042 imagine

118 3061 195 3107 adito
230 3055 297 3106 Vide
314 3056 471 3105 Excursum.
683 3051 747 3102 Plio.
767 3055 834 3119 Epp.
854 3056 882 3114 2,
902 3054 929 3104 3:
952 3056 1080 3117 praefatio
1096 3055 1208 3118 macilis.

152 3133 194 3182 37.
210 3143 296 3193 poma
312 3129 390 3194 rura]
415 3127 548 3192 «agellum
570 3129 647 3179 Sabi·
683 3129 812 3190 Panegyr.
831 3130 856 3178 in
876 3131 963 3180 Pison.
981 3129 1045 3179 230:
1063 3129 1211 3194 promtu--

119 3219 216 3257 num.»
259 3202 433 3265 Bacchylides
468 3204 569 3266 Fragm.
604 3203 645 3254 28.
681 3203 779 3252 Horati.
799 3202 880 3253 Aliter
898 3203 978 3254 etiam
995 3205 1140 3254 Baxterua:
1161 3208 1211 3253 ate-

118 3280 220 3342 Bergk:
239 3271 279 3329 Ori
296 3274 378 3338 βοῶν
394 3273 513 3347 πάρεστι
528 3272 646 3342 σώματ’,
681 3289 769 3338 noem,
783 3278 845 3341 quia
857 3291 901 3328 res
913 3277 1090 3341 grandesnon
1100 3277 1208 3340 attigit.»

119 3347 188 3407 orire
205 3349 325 3423 χρυσός,
343 3345 411 3402 οὔτε
427 3347 588 3422 πορφύρεα
598 3349 650 3402 τά·
683 3351 734 3402 Sed
752 3365 814 3402 cum
832 3352 866 3402 de
884 3355 938 3402 tota
954 3355 1117 3403 Graecorum
1134 3352 1210 3416 poesi

119 3443 223 3496 πηιες,
253 3421 327 3476 ἀλλὰ
354 3421 450 3492 θυμὸς
478 3421 600 3491 εὐμενὴς
632 3425 644 3480 ΙΙ
681 3425 765 3489 lyrica
783 3426 914 3490 loquatur,
934 3428 1091 3478 tenuitatem
1110 3427 1160 3476 hac
1172 3429 1210 3478 si·

119 3499 227 3556 Μοῦσά
244 3501 408 3570 τεγλυκεῑα
429 3503 479 3551 καὶ
496 3501 647 3553 Boeotios-
682 3501 849 3564 gnificatioue
862 3503 886 3552 ei
898 3501 1015 3552 tribuere
1029 3513 1081 3550 nou
1092 3503 1208 3565 poterat.

119 3595 168 3630 σιν
185 3578 217 3628 ἐν
236 3571 394 3638 σκύφοισιν
413 3573 493 3639 οἶνος
509 3569 587 3641 ἡδύς.
714 3575 755 3625 39.
779 3589 829 3625 non
849 3577 967 3641 mano]
987 3577 1078 3626 reulus
1098 3575 1206 3626 decreta

152 3655 195 3704 38.
207 3651 339 3716 Spalim
352 3647 579 3716 ἐνθουσιασμόν.
591 3652 644 3703 Cir.
682 3649 709 3699 iu
727 3651 857 3714 cuiusque
875 3653 991 3702 hominis
1014 3651 1074 3700 ortu
1090 3663 1210 3714 pronun-

120 3729 169 3779 0d.
189 3726 217 3788 l,
237 3728 265 3788 6,
284 3727 325 3776 29.
356 3727 417 3776 Siue
435 3727 559 3776 &mam
578 3727 648 3777 ima·
681 3724 744 3773 tiata
771 3727 874 3775 certum
900 3739 1010 3790 semper
1030 3724 1131 3774 hahent
1153 3725 1210 3776 eni-

119 3803 195 3866 giue:
215 3801 383 3852 «facultatem
400 3801 546 3865 poeticam,
568 3803 648 3850 Grae-
682 3800 766 3848 tum.»
801 3799 889 3850 Carm.
908 3800 1210 3851 sec.25.1>aroaasunt

120 3879 158 3928 cis
180 3873 230 3926 illis
250 3876 387 3926 veteribus
408 3875 480 3926 haud
501 3875 645 3939 indiguam,
681 3886 790 3923 oeracm.
805 3875 953 3936 Persiust,
972 3873 1021 3925 ta:
1038 3875 1210 3924 aaronem

120 3951 256 4015 ingenium
272 3951 427 4015 promptum
445 3951 525 4014 alque
543 3951 648 4000 animo-
681 3947 743 3996 ueri.
768 3973 795 3984 -
813 3949 961 4014 nmlipnam]
980 3947 1114 3998 «invidum
1127 3948 1208 4010 atque

120 4038 207 4076 sum·
225 4025 268 4074 Sic
280 4025 372 4074 Graeci
384 4020 505 4090 πνεῦμα.
524 4023 645 4075 Philostr.
682 4022 802 4086 iniquum
819 4021 978 4087 plerumque
991 4023 1018 4072 in
1037 4035 1098 4082 eos,
1117 4021 1162 4084 qui
1182 4021 1208 4070 iu

120 4100 170 4150 vu.
186 4099 277 4163 -Soph¹
302 4111 329 4164 p.
353 4099 402 4151 itit
427 4095 479 4149 rifi:
509 4098 647 4171 Γοργίας·
683 4093 861 4161 qualicunque
879 4109 977 4160 genere
996 4095 1152 4147 excelluntm
