3080 4980
673 349 801 399 Homul
819 347 986 404 elambuit

408 539 411 546 ,
429 507 569 581 Stratus,
593 500 741 570 nunc'ad
763 524 868 592 aquae
890 501 963 570 leue
986 513 1082 590 caput
1102 523 1223 570 sacrae.

430 626 543 693 Multos
566 634 670 692 castra
692 626 801 692 iuvant
822 635 854 690 et
874 623 953 690 lime
974 621 1072 690 tubae

428 748 606 815 Permixtus
628 747 751 812 sonitus
773 744 923 834 bellaque
945 745 1101 812 matribus

473 871 645 936 Detestata.
689 869 794 935 Manet
816 867 877 935 sub
899 869 976 934 leve
998 867 1112 955 frigide
1349 871 1392 934 25

430 993 567 1057 Venator
588 999 720 1056 tenerae
741 989 887 1076 coniugis
909 989 1093 1066 immemor,

429 1113 494 1178 Seu
516 1112 585 1176 vise
607 1119 657 1177 est
678 1109 791 1176 catulis
814 1129 911 1177 cerua
932 1107 1096 1186 fidelibus,

429 1235 494 1299 Seu
516 1233 601 1320 rupit
623 1240 741 1298 teretes
766 1232 890 1298 Marsus
911 1252 990 1319 aper
1014 1231 1134 1320 plagas.

366 1425 406 1474 bb.
425 1423 576 1560 Detestanda
593 1423 693 1470 Luctat.
712 1421 781 1470 Plec.
801 1421 835 1470 ad
853 1422 915 1470 stat.
935 1418 1017 1470 Theb.
1037 1421 1061 1480 3,
1079 1419 1147 1482 377„
1166 1420 1218 1470 duo
1236 1423 1357 1473 Pettierii

335 1499 370 1560 (7.
391 1501 418 1548 et
435 1499 484 1549 ta.

334 1677 374 1726 22.
393 1677 458 1740 kae]
485 1675 540 1725 «ad
565 1675 665 1724 lentem
685 1674 780 1724 leuiter
797 1676 823 1723 et
858 1673 1046 1734 umqmrapit.
1066 1698 1093 1708 -
1112 1674 1219 1738 tortores]
1238 1674 1389 1734 «iuvenisn,

301 1753 374 1812 grate
393 1752 631 1799 murmurantem.»
650 1749 715 1798 Sues
731 1749 758 1799 iu
775 1749 823 1797 Sa-
860 1747 947 1811 potius
964 1758 1045 1808 quam
1064 1747 1177 1797 cameris
1194 1746 1319 1811 plenae».

300 1823 364 1874 binc
372 1825 557 1874 rusticationes
566 1821 702 1883 describit,
716 1821 823 1885 quande
893 1821 947 1872 28..
968 1821 1046 1885 mpit]
1076 1821 1121 1870 «Si
1142 1823 1275 1886 perruptis
1302 1821 1390 1886 plagis

300 1896 363 1947 nihil
380 1895 450 1946 aliud
468 1896 577 1959 agebat,
597 1909 677 1960 quam
695 1898 724 1945 ut
741 1896 822 1945 Genio
861 1895 1004 1946 evaserit.»
1038 1898 1122 1946 Nemo
1147 1897 1201 1946 iam
1226 1896 1386 1961 explicabit:

300 1970 462 2034 indulgeret,
489 1969 557 2021 liber
578 1972 659 2020 etiam
680 1971 822 2034 epoeticis
861 1970 902 2018 «Si
923 1971 1048 2033 irruperit
1068 1971 1095 2020 iu
1117 1969 1242 2034 plagas.»
1282 1975 1391 2024 Marso·

301 2047 380 2096 curis.
399 2045 438 2095 Ad
451 2045 823 2107 lenteaeutemereutNym-
859 2057 919 2094 rum
948 2046 1039 2094 eutem
1067 2046 1139 2108 regio
1167 2043 1285 2096 saltuosa
1315 2047 1389 2111 apris

299 2121 413 2184 pharum
422 2121 559 2183 ipsiusque
568 2119 646 2170 sontis
655 2118 760 2171 sacella.
774 2119 824 2168 Se·
860 2117 1014 2168 abundabat
1025 2121 1139 2169 maxime
1153 2121 1222 2170 circa
1231 2118 1323 2172 lacum
1335 2123 1390 2171 Fu-

301 2208 367 2244 nece
384 2195 431 2257 Ep.
451 2193 495 2244 tt:
522 2195 676 2258 Maecenas
690 2195 822 2259 nemimem
860 2194 957 2242 einum.
970 2195 1103 2260 -teretcs1
1116 2194 1297 2246 «exluuieulis
1310 2209 1390 2246 com-

299 2269 554 2331 ccpitaeencrcmar,
567 2269 823 2332 --cclunteraqec-
858 2266 960 2332 plicatis
994 2270 1021 2318 et
1054 2271 1179 2320 contortis
1215 2282 1387 2321 connexae.-

300 2357 359 2392 mm
374 2344 508 2394 scientiaea
523 2343 610 2406 sentes.
859 2341 1035 2409 (scttpedrcbt.)

302 2454 823 2594 (pggippespggrppfggrgp2333
858 2416 1271 2554 ..ttttittlttatts
1284 2419 1387 2546 llll?

299 2606 366 2654 wis
382 2619 478 2654 cmm
493 2605 555 2668 nm·
594 2603 673 2655 muns
691 2606 811 2670 equitum
859 2566 1328 2654 mendeesuuttresseeteutiaevv.
1342 2568 1384 2618 29.

300 2692 365 2729 sono
383 2680 469 2728 acuto·
505 2643 638 2741 Sign’ffifflt
653 2692 757 2742 pugnae
771 2644 821 2731 ini:
859 2640 899 2690 30.
917 2641 958 2690 36.
982 2653 1106 2691 nrmuum
1125 2643 1168 2703 tta,
1187 2645 1297 2693 remotis
1315 2645 1387 2693 ima-

298 2755 378 2814 tium‚
397 2753 443 2804 ubi
461 2752 603 2806 classicum
619 2755 729 2804 canitur.
859 2713 1385 2856 ffibzmfflgggnffidfalffiae

331 2867 372 2916 25.
399 2865 439 2916 26.
468 2867 604 2930 Detestctc]
640 2861 819 2932 παθητικῶς,
859 2863 956 2928 quibus
973 2865 1038 2915 dum
1055 2879 1129 2928 vace,
1148 2879 1283 2916 summam
1300 2867 1386 2918 salici-

300 2945 329 2991 ut
345 2941 399 2991 Cic.
413 2939 446 2990 de
460 2942 538 3003 Legg.
551 2941 576 3000 4,
591 2941 634 2990 44;
654 2941 822 3002 datcstcthea
858 2941 941 2988 tatem
962 2940 1088 3004 adeptus,
1111 2942 1179 2991 inter
1199 2942 1264 2993 dees
1280 2943 1385 2994 versari

299 3015 385 3065 emnia
416 3015 536 3064 eiuemdi
564 3015 723 3077 repudienda
754 3019 819 3065 suat.
858 3013 923 3064 mihi
943 3014 1050 3076 videor;
1075 3015 1132 3079 (30.)
1159 3029 1191 3066 ac
1212 3021 1382 3081 praesertim,

300 3089 408 3154 Philipp.
432 3090 455 3150 4,
474 3091 498 3138 i.
517 3094 661 3139 acaecrctm
677 3091 742 3140 itam
758 3103 822 3154 pas-
859 3087 905 3138 ubi
921 3087 993 3140 solus
1009 3086 1067 3140 lece
1084 3103 1196 3140 amoem
1213 3091 1383 3155 perambulo,

300 3167 365 3218 sive.
401 3164 485 3229 Eped.
509 3166 554 3226 46,
572 3166 601 3215 8:
626 3165 823 3228 parentibusque
858 3163 941 3227 lyrica
950 3166 1067 3215 carmina
1076 3165 1216 3226 meditans,
1227 3163 1383 3232 plebilcuge

299 3241 456 3290 aborninctm
487 3239 621 3289 Hannibal.
658 3269 686 3278 -
720 3237 821 3305 Manet]
859 3241 1025 3303 superiorem
1050 3253 1094 3290 me
1120 3253 1180 3292 esse
1203 3242 1296 3292 sentio.
1322 3243 1381 3306 (36.)

301 3317 480 3378 «pernoctata
503 3315 544 3364 Sic
556 3316 610 3364 Cic.
625 3315 658 3364 ad
671 3317 722 3365 stt.
736 3317 760 3374 s,
775 3315 819 3363 ⁴6:
860 3313 958 3374 Quodsi
976 3315 1004 3363 tu
1022 3325 1142 3378 quoque,
1162 3315 1206 3378 qui
1224 3316 1335 3367 idoneus
1353 3330 1383 3367 es

300 3389 327 3438 ie
343 3388 504 3436 tabernaculo
519 3401 630 3437 maere.
651 3414 679 3424 -
697 3388 741 3437 sub
754 3386 821 3452 leve]
860 3387 937 3437 huius
963 3387 1092 3438 facultatis
1117 3389 1212 3450 iudex,
1242 3393 1382 3455 petitarum

301 3459 367 3510 «sub
380 3460 450 3510 dio.»
476 3462 587 3511 Ennius:
605 3463 663 3512 Istic
679 3465 714 3510 cst
730 3462 823 3522 Μυρ-
859 3461 1003 3522 lyricorum
1020 3462 1072 3512 hee
1089 3465 1195 3514 nemine
1212 3479 1276 3516 vare
1288 3467 1383 3530 digne-

297 3537 374 3597 pstor,
387 3536 534 3597 quenulae,
548 3549 621 3597 quem
632 3536 824 3586 Grcccteecaat
859 3547 919 3584 rtuu
940 3547 1052 3585 numero
1073 3549 1117 3587 me
1139 3538 1293 3600 adscribes,
1321 3554 1380 3604 ege,

297 3604 385 3680 Ἀέρα.
404 3609 452 3659 Od.
466 3609 491 3667 3,
505 3610 545 3670 te,
558 3610 587 3658 7:
610 3610 684 3658 cadis
694 3614 723 3658 ct
732 3609 823 3672 plectet
859 3611 987 3659 aenaeae
1000 3613 1090 3676 lidum
1100 3613 1180 3676 iprae,
1199 3613 1296 3678 gloriae
1308 3628 1382 3666 sem-

300 3686 368 3734 nives
382 3697 447 3746 pure
466 3687 568 3733 canace
588 3683 706 3746 luppiter.
736 3682 819 3747 Epod.
859 3685 979 3748 piternae
1001 3688 1090 3737 certus
1111 3701 1183 3738 ero.»
1216 3689 1380 3740 Adlermam

301 3760 341 3819 43,
352 3759 732 3821 21nivesqucdcductmtlocctn.
747 3757 820 3808 Ovid.
859 3759 984 3810 cretionis
1002 3761 1092 3811 eculei·
1108 3761 1155 3811 Od.
1175 3763 1199 3823 4,
1217 3763 1257 3823 34,
1276 3765 1319 3814 tt:
1340 3765 1381 3814 dle

301 3837 369 3885 Fast.
387 3836 412 3896 3,
431 3835 491 3885 est:
519 3835 570 3885 Sub
585 3836 643 3885 leve
655 3849 719 3898 pers
736 3837 821 3896 deret,
855 3841 964 3896 pcacamt
980 3836 1068 3898 cimae,
1086 3851 1126 3887 mc
1141 3839 1255 3888 cichorea
1271 3839 1381 3900 avesque

297 3912 607 3973 pceciteaten'cpoauat.
626 3912 678 3961 Sat.
692 3913 717 3972 2,
728 3912 752 3973 3,
762 3909 820 3962 ast:
858 3910 965 3960 mdccc.
981 3937 1009 3946 -
1027 3912 1165 3977 doctam]
1183 3913 1240 3963 Tib.
1254 3914 1277 3974 4,
1291 3911 1315 3973 4,
1329 3914 1356 3964 64
1373 3927 1377 3960 :

303 3987 338 4036 Tc
353 3987 410 4036 aive
425 3988 529 4036 buccea
546 3987 640 4036 dormis
655 3991 778 4046 emacim,
794 3990 824 4034 at
858 3985 981 4046 Pimdcs,
996 3987 1083 4048 paors,
1101 3987 1184 4037 doctos
1194 3989 1381 4049 otmnctepct'-

302 4075 395 4125 cprum
411 4061 514 4112 Cceccm
530 4075 583 4126 epo.
614 4063 668 4112 Liv.
687 4061 753 4123 5‚6:
776 4061 822 4110 Vc-
859 4065 911 4120 tce,
929 4059 975 4110 ubi
991 4061 1098 4111 Disseu:
1119 4061 1381 4112 «Doctmtatinedi-

301 4137 380 4188 caedi
400 4136 510 4188 stadim
530 4150 561 4187 cc
581 4137 696 4199 colteptct
714 4135 823 4186 bmnium
860 4134 928 4184 citur
935 4135 1042 4184 omuino
1050 4147 1114 4184 suae
1126 4137 1238 4200 utrisque
1252 4137 1315 4187 artis
1331 4149 1380 4200 pe-

298 4225 346 4276 pcr
365 4211 434 4261 aives
453 4215 476 4261 et
493 4211 602 4274 piatam
621 4211 649 4260 ie
666 4215 760 4262 monte
777 4209 822 4263 sil-
859 4210 934 4270 ritus,
952 4212 982 4259 ut
993 4209 1081 4260 Horat.
1096 4210 1120 4271 4,
1133 4211 1174 4272 39,
1187 4211 1211 4262 9,
1231 4209 1303 4263 ovid.
1317 4211 1377 4262 Met.
