3002 4974
523 466 580 516 tto.
601 466 631 514 ll.
667 467 696 514 tl.
716 465 757 515 lll.

350 625 516 701 Quaerere
540 641 600 686 nec
624 620 766 707 trepides
790 622 821 684 in
843 641 938 686 usum

285 781 451 847 Poscentis
474 779 545 846 aevi
569 800 681 866 pauca.
726 780 820 866 Fugit
841 790 927 846 retro

285 902 378 968 Levis
401 902 547 967 iuventas
570 910 602 967 et
624 901 741 978 decor,
766 901 857 967 arida

326 1023 468 1090 Pellente
491 1021 629 1089 lascivos
652 1043 781 1088 amaros

349 1145 471 1213 Canitie
493 1144 686 1232 facilemque
709 1165 867 1210 somnum.

284 1306 352 1370 Non
375 1323 506 1391 semper
528 1300 614 1368 idem
637 1301 771 1368 {loribus
793 1313 843 1369 est
865 1303 968 1370 honor

284 1425 396 1492 Vernis
419 1445 525 1513 neque
548 1445 614 1490 uno
636 1425 727 1490 Luna
748 1424 869 1490 rubens
891 1426 970 1491 nitet
1160 1428 1200 1492 to

325 1546 437 1614 Voltu:
462 1545 541 1634 quid
563 1547 702 1613 aeternis
724 1547 882 1613 minorem

347 1667 495 1736 Consiliis
518 1668 660 1735 animum
682 1667 819 1756 fatigas?

177 1863 200 1910 t.
219 1861 296 1910 henos
313 1858 366 1908 LCt
382 1870 444 1907 cum
461 1855 536 1907 Aldo.
559 1884 585 1892 —
605 1857 645 1907 40.
664 1871 709 1908 nec
725 1857 753 1907 b.

110 2043 160 2092 gue
186 2027 383 2078 exhominans
405 2028 470 2076 tunc
490 2026 636 2076 viventium
674 2026 741 2076 beret
756 2027 833 2087 eque.
870 2027 981 2078 Pudoris
1004 2031 1095 2079 contre
1117 2029 1199 2094 signi-

109 2105 247 2168 opiuioue,
266 2115 355 2165 neque
370 2099 485 2150 cavillari
502 2113 636 2151 nonnemo
674 2101 762 2151 ticatm
780 2103 849 2154 inest
866 2103 891 2152 in
909 2105 971 2152 inae
987 2105 1088 2154 nemete
1105 2107 1157 2156 Sat.
1173 2109 1196 2166 4,

109 2177 241 2229 debebat:
263 2177 315 2226 elix
331 2176 487 2240 praemissis
504 2177 561 2226 istis
580 2173 637 2225 col·
673 2176 702 2234 8,
730 2175 770 2225 35.
806 2204 833 2212 -
865 2178 974 2227 «variat
1003 2177 1064 2228 luna
1090 2192 1199 2244 semper

107 2253 245 2317 ligeudum
257 2251 350 2312 luisse,
364 2265 431 2301 non:
452 2263 548 2312 «eergo
559 2249 636 2312 genio
674 2249 821 2300 crescendo
839 2253 866 2300 et
882 2251 1092 2302 decrescendo.»

108 2326 337 2391 indulgeamus»,
362 2325 412 2376 sed
436 2337 532 2387 «eergo
553 2324 636 2374 vitam
707 2325 747 2373 tt.
770 2327 832 2384 qaid
852 2326 966 2390 aetean
992 2327 1076 2387 «Quid
1093 2329 1122 2376 tu
1139 2330 1183 2378 aui
1226 2361 1233 2376 .

107 2413 220 2466 agemus
237 2397 408 2463 frugalem„
431 2398 483 2450 Cir.
499 2398 636 2460 egregium
673 2411 748 2449 mum
765 2400 874 2450 conticis
891 2400 1093 2464 cogitationibus
1113 2402 1198 2452 influi-

106 2476 204 2528 ltaailii
217 2474 307 2526 locum
321 2473 351 2534 4,
365 2475 454 2524 4-80.
469 2474 502 2536 (v.
515 2473 544 2522 8:
563 2473 637 2523 Caere
672 2474 717 2534 tis,
742 2473 776 2524 ed
797 2474 941 2538 longissimi
959 2479 1088 2541 temporis
1105 2489 1197 2527 curam

107 2565 155 2614 que
172 2551 214 2600 rui
228 2562 323 2611 paruos
333 2561 394 2597 uste
404 2553 500 2598 natura
511 2553 633 2610 metent,
672 2549 879 2612 pertinentibus,
899 2550 996 2614 quibus
1014 2563 1064 2616 per
1078 2565 1139 2602 esse
1152 2565 1198 2601 ne·

104 2627 247 2678 Materiam
263 2625 382 2672 stmttmao
396 2636 506 2686 mnpnae
517 2635 566 2684 per
575 2628 636 2672 note
672 2625 770 2686 queat?
803 2626 940 2688 tamquam
965 2627 987 2676 si
1012 2625 1197 2676 immortalitas

104 2697 219 2762 nanae.)
239 2723 267 2734 ·-
287 2698 413 2748 Ceterum
429 2698 475 2760 qni
490 2697 636 2746 construxit
672 2697 719 2747 tibi
745 2711 874 2749 concessa
900 2701 959 2750 sit.»
996 2701 1076 2750 ltecte
1097 2699 1197 2750 Dillen·

104 2776 215 2838 trepides
231 2773 296 2832 neci,
314 2773 414 2832 idest,
436 2772 509 2820 naevi
527 2785 632 2832 causa»,
671 2771 771 2836 burger
779 2773 963 2838 duplicembic
971 2775 1197 2824 constructionem

105 2850 130 2899 id
160 2847 237 2912 quod
265 2845 492 2909 simplicissimum
523 2847 581 2895 eret
607 2847 634 2894 in
671 2849 789 2898 statuere
807 2847 926 2898 ridetur:
955 2849 1062 2898 aetemis
1089 2849 1197 2898 comitiis

104 2938 179 2974 num
195 2923 265 2982 neri,
289 2920 410 2970 consulto
432 2919 549 2970 noluisse
570 2933 635 2984 per·
669 2923 765 2987 sattpas
790 2925 830 2972 et:
856 2923 978 2972 minorem
1003 2925 1112 2972 oeternis
1135 2937 1196 2972 aare

103 3000 212 3062 spicere
236 2995 349 3045 videtur.
385 2995 468 3044 Nimis
490 3007 555 3044 vero
576 2994 634 3044 lan·
670 2999 739 3047 ditis.
761 3024 788 3034 -
808 2997 861 3047 Cir.
880 2997 928 3046 Oti.
949 2999 976 3056 t,
996 2998 1041 3057 44,
1066 2998 1094 3046 t:
1121 2997 1197 3058 δροηι

103 3075 169 3135 gnet
186 3069 277 3120 Wissii
294 3070 448 3118 coniectura
468 3069 495 3117 in
510 3081 566 3118 ont.
669 3072 780 3135 longam.
812 3071 913 3121 Seneca
934 3071 968 3120 de
985 3073 1082 3134 tranq.
1101 3083 1144 3120 an.
1163 3071 1193 3120 9:

135 3148 162 3197 6.
182 3144 263 3208 Lero]
283 3141 376 3204 etsta,
395 3141 526 3192 imberbis
543 3155 575 3192 ac
593 3144 634 3192 te-
669 3160 723 3208 spes
746 3147 882 3208 effrenatas
898 3151 952 3194 -et
975 3144 1088 3194 namma
1110 3145 1136 3192 in
1152 3145 1196 3208 fe-

104 3233 199 3272 ners.»
219 3216 312 3268 Tibull.
332 3220 360 3276 t.
379 3217 408 3278 8,
428 3217 472 3266 3t:
498 3217 589 3267 carim
600 3221 635 3266 est
669 3227 729 3272 tura
745 3221 891 3269 attinentem
913 3218 986 3268 dixit.
1013 3245 1041 3254 -
1062 3217 1193 3282 mmmm]

101 3319 172 3354 atero
180 3302 291 3362 mettis,
304 3301 522 3364 mtilcot'asttlgettt
530 3301 591 3350 Oro.
604 3329 631 3337 -
670 3299 699 3346 ut
716 3288 809 3361 ἥττων
824 3290 917 3356 τινός,
937 3295 1063 3358 «impar»

102 3378 191 3442 enda]
212 3389 341 3439 equesen
357 3377 476 3426 siccitate
490 3375 632 3424 nascitur.»
703 3371 743 3421 43.
780 3371 831 3420 Gur
846 3369 904 3433 aon]
923 3369 1118 3419 Sententiarum
1136 3369 1195 3418 iun-

133 3455 161 3504 8.
187 3451 298 3501 Faciem
319 3463 444 3501 somnum
467 3448 532 3498 dixit
553 3449 632 3500 etiam
670 3449 745 3496 ctura
763 3445 831 3494 baec
849 3448 903 3494 est:
928 3445 1062 3494 «Tametsi
1079 3443 1133 3493 iem
1150 3457 1195 3493 re-

102 3529 152 3579 0d.
174 3526 203 3587 3,
223 3526 268 3586 24,
287 3524 312 3575 l.
334 3522 372 3587 (et
389 3525 452 3572 bees
468 3536 567 3573 soranos
583 3522 630 3574 0d.
669 3523 782 3571 stinctus
800 3520 826 3568 in
843 3519 920 3569 uobis
938 3521 981 3569 est
999 3517 1195 3568 adolescentiae

100 3605 125 3662 2,
146 3601 191 3662 46,
212 3597 272 3662 45.];
293 3599 353 3662 «qui
371 3595 447 3648 lacile
466 3596 571 3661 obrepit
582 3609 633 3646 nec
670 3595 772 3653 tervor,
800 3596 889 3643 tamen
916 3593 1069 3644 etiamnunc
1093 3593 1121 3641 et
1145 3603 1195 3655 po-

100 3675 198 3741 m'giliis
215 3673 444 3736 interrumpitur.»
669 3667 749 3719 tendo
778 3669 806 3716 et
833 3666 949 3717 amando
982 3679 1031 3717 nos
1059 3665 1194 3716 oblectare

133 3753 160 3802 a.
175 3749 263 3813 boam]
276 3746 459 3813 pulchritudo;
472 3746 548 3796 brevi
560 3746 631 3795 enim
668 3754 820 3807 possumus,
848 3741 930 3804 Ergo,
957 3741 1022 3791 dum
1047 3739 1121 3800 licet,
1149 3753 1195 3790 sa-

102 3827 283 3878 marcescunt.
320 3821 524 3880 eblembreuee,
553 3822 629 3884 quot·
668 3819 772 3882 pienter
793 3817 846 3865 vita
868 3815 1014 3866 truamur.»
1034 3815 1192 3879 -ptateeu1

101 3901 170 3962 quot
185 3897 253 3957 ridi.
272 3899 359 3946 bonor.
379 3897 475 3956 Recte,
494 3896 524 3944 ut
533 3894 632 3943 vitetur
668 3892 790 3956 partialem
799 3889 937 3955 platanum
955 3889 1020 3940 dixit
1035 3889 1109 3939 Ovid.
1129 3890 1191 3940 llet.

101 3971 198 4022 sibilus
215 3971 278 4030 iste,
295 3971 411 4035 ttoribro,
430 3971 519 4030 ionas,
537 3969 629 4018 omis.
668 3969 713 4028 40,
731 3967 783 4027 stt,
809 3967 871 4029 quia
894 3965 946 4014 snb
970 3965 1027 4014 eins
1048 3963 1145 4013 umbra
1161 3961 1195 4012 ll-

101 4049 151 4107 Qui
170 4046 274 4109 primus
291 4046 417 4106 mutavit,
436 4045 461 4094 ei
479 4042 563 4094 detuit
582 4055 631 4091 eu·
667 4041 764 4092 beuter
785 4042 862 4104 genio
883 4038 1055 4103 indulgebant
1071 4038 1191 4089 Romani.

100 4121 174 4172 rium
191 4119 345 4170 iudicium.»
362 4119 455 4168 Bsurn.
669 4141 697 4151 -
716 4115 754 4163 vet
770 4115 825 4179 boc]
849 4113 1017 4179 Reprehendi
1035 4111 1102 4164 solet
1118 4125 1133 4160 a
1150 4110 1193 4160 lu—

134 4195 178 4246 to.
204 4195 278 4244 tura
302 4192 403 4256 ruben]
429 4193 524 4242 liutem
549 4191 628 4240 etiam
667 4189 764 4240 dorum
781 4190 913 4252 magistris
930 4189 973 4238 bic
990 4187 1190 4242 versusexitus;

103 4269 258 4333 Propertius
276 4267 340 4318 dixit
350 4267 384 4317 de
396 4266 475 4316 lunae
487 4263 629 4330 splendore
667 4266 825 4329 quasivero
841 4263 1019 4327 peritissimus
1036 4258 1128 4310 artilex
1141 4259 1192 4308 bac

105 4345 131 4402 t,
151 4343 198 4402 40,
218 4343 252 4393 8;
271 4343 304 4392 Et
319 4342 407 4392 mediis
422 4341 492 4390 caeto
502 4341 576 4390 Laeto
586 4353 631 4388 ru—
667 4340 724 4403 ipse
762 4349 858 4388 versus
896 4335 1105 4386 conformatione
1138 4345 1191 4381 non
