3002 4974
497 455 556 504 stit.
575 456 606 504 11.
644 456 672 504 C.
692 456 755 506 iiix.

360 610 519 686 (laudam,
544 620 576 676 et
597 611 779 678 recedentis
801 611 939 700 trilingui

397 733 465 798 Ore
489 731 591 820 pedes
614 733 781 821 tetigitque
804 735 908 801 crura.

113 955 162 1004 ben¹
196 956 312 1022 depingit
345 959 385 1019 (ut
413 958 515 1007 &neca
544 959 621 1008 itere.
694 957 734 1008 34.
759 959 799 1010 32.
823 960 937 1024 trilingui
957 961 1017 1027 Ore]
1042 974 1111 1012 auno
1129 975 1184 1024 ore,

113 1030 625 1084 iun8ttzcarben1sabiiercuiedo-
661 1032 687 1082 in
716 1046 770 1097 quo
796 1037 851 1086 tres
874 1034 978 1099 linguae
1012 1036 1069 1086 aive
1100 1035 1187 1100 lingua

111 1105 330 1169 mitusiicmnpue
340 1107 435 1170 saraa,
452 1107 624 1159 orambnisso
662 1106 764 1168 trifida,
788 1108 873 1172 qualis
890 1108 958 1160 solet
974 1111 999 1160 in
1017 1110 1187 1174 serpentibus

111 1179 231 1242 obsequens
260 1183 395 1244 Utramque
426 1183 511 1232 cauda
539 1183 625 1245 piabat
661 1180 1065 1247 fingi.»NaaasinProgr.482i.
1102 1186 1187 1245 Quam

110 1255 234 1317 argutam
249 1255 347 1320 uam),
373 1256 422 1308 sed
444 1256 623 1307 adulationem
661 1257 751 1306 brnen
763 1257 1008 1323 interpretationem
1016 1261 1118 1309 rectam
1126 1272 1186 1310 esse

111 1327 228 1381 adversus
255 1330 346 1382 deum.
379 1358 406 1367 -
433 1333 507 1382 Duae
532 1335 623 1382 eutem
661 1343 714 1380 non
743 1331 838 1393 credo,
867 1333 917 1384 sed
939 1333 1041 1398 explico
1064 1333 1097 1384 de
1124 1335 1187 1385 Cer-

111 1406 164 1452 sunt
180 1405 319 1468 imagines,
346 1419 398 1455 una
418 1407 445 1456 in
462 1407 562 1456 Orcum
582 1407 623 1456 in·
659 1404 728 1455 bero
753 1407 876 1471 tricipite.
912 1408 955 1458 Sic
974 1406 1094 1458 Valerius
1117 1405 1188 1458 Fisc-

110 1479 191 1530 traotis
209 1479 309 1539 Liberi,
336 1479 381 1530 ubi
405 1479 539 1532 Cerberus
558 1495 623 1531 cau-
661 1482 750 1542 cusi,
766 1480 821 1532 484.
841 1481 935 1546 tripiici
953 1483 1068 1532 Hecatae
1083 1485 1186 1531 comum

110 1551 164 1603 dam
180 1553 272 1606 leniter
288 1559 392 1617 movet,
417 1554 499 1606 altere
521 1569 623 1606 exeun·
659 1556 803 1618 trilinguem
826 1556 925 1607 tribuit.
961 1558 1047 1620 Atque
1078 1555 1186 1608 omnino

109 1627 149 1684 tis,
170 1627 212 1678 ubi
232 1629 266 1680 iili
284 1631 370 1695 pedes
390 1629 498 1690 lambit3
525 1629 622 1695 quibus
660 1631 752 1695 quaeri
764 1633 861 1694 potest,
874 1645 940 1682 num
951 1629 1100 1682 Cerberum
1112 1629 1187 1680 aliter

110 1702 254 1765 imaginibus
277 1708 357 1770 poeta
379 1706 556 1770 potentissimi
578 1705 622 1755 dei
660 1703 792 1769 quamsi
804 1707 945 1770 tricipitem
954 1703 996 1755 vei
1006 1705 1185 1768 centicipitsm

109 1778 281 1841 securitatem,
309 1793 362 1844 qua
389 1780 533 1830 interorum
563 1778 622 1830 ioca
659 1780 851 1844 descripserint
879 1781 972 1844 poetae
998 1779 1089 1829 Latini.
1130 1778 1183 1830 Cir.

109 1850 270 1912 perambulat,
290 1855 422 1919 exprimit.
459 1855 516 1904 iioc
533 1854 621 1904 minus
659 1855 731 1919 Virg.
750 1856 816 1906 Aen.
836 1855 865 1916 6,
888 1854 946 1905 itt.
965 1853 1040 1904 Ovid.
1060 1855 1120 1905 Met.
1143 1854 1182 1914 444,

109 1922 242 1988 intedigens
261 1929 347 1992 [ipton
360 1928 395 1979 ad
406 1929 508 1979 Arrian.
522 1942 548 1992 p.
561 1929 619 1978 242.
658 1931 699 1980 24.
735 1927 948 1981 Pseudotibulius
965 1929 994 1992 3,
1020 1929 1050 1988 4,
1069 1929 1109 1990 3.,
1139 1928 1183 1992 qui

109 1995 130 2044 in
145 2011 220 2051 unam
236 2002 275 2052 sic
293 2003 425 2053 contudit:
446 2003 530 2054 Coma
548 2003 621 2054 daco-
659 2017 753 2056 omnes
765 2004 884 2055 Cerbero
896 2009 946 2054 tres
956 2004 1056 2068 iinpuos
1067 2002 1186 2053 tribuen-

109 2085 157 2121 mm
181 2081 215 2137 et,
243 2077 333 2128 imiter
360 2083 469 2128 adoreas
493 2078 620 2140 Caedem,
658 2081 699 2128 tes
728 2079 777 2128 tria
811 2080 868 2129 eius
905 2079 991 2142 capita
1026 2077 1182 2140 significant.

108 2148 230 2199 recedentis
246 2154 297 2202 cet.
658 2151 725 2202 Vide
750 2152 798 2202 Od.
817 2153 845 2218 ³,
865 2154 910 2214 44,
928 2153 969 2202 20.
1252 2167 1254 2173 ·

565 2335 713 2346 ———-

457 2488 820 2547 EXOUBSUS

551 2620 721 2671 Auem.

162 2739 311 2802 significare
336 2741 421 2802 iuvat,
449 2740 585 2804 montedo
609 2754 642 2791 en
664 2741 779 2806 antiquis
802 2740 902 2805 aliquot
923 2743 1103 2792 monumentis
1124 2741 1182 2792 iilu-

108 2821 173 2870 sirari
187 2826 269 2887 possit
292 2824 464 2876 Horatianum
481 2824 533 2874 hoc
551 2837 669 2875 cumen.
698 2825 730 2874 V.
749 2824 774 2875 3.
792 2825 1180 2889 Nanneiorum-Satyrorum]

107 2901 228 2956 ΧΑΙΡΑΣ
252 2907 309 2970 illa,
340 2907 453 2957 ΣΙΜΟΣ
479 2909 506 2958 et
529 2906 660 2958 ΚΩΜΟΣ
686 2910 728 2958 est
752 2909 778 2958 in
803 2911 888 2959 Museo
913 2908 987 2958 bord.
1015 2909 1047 2959 44.
1075 2909 1103 2958 T.
1128 2907 1179 2969 ts,

107 2984 243 3042 TAAHNH
266 2995 294 3043 et
320 2990 426 3042 erm
451 2992 590 3056 Nymphae
615 2991 686 3056 apud
710 2991 841 3055 Miliingen
864 2991 972 3055 Coghiii.
997 2993 1025 3042 T.
1047 2993 1087 3041 49.
1109 3019 1136 3028 -
1154 2993 1178 3042 8.

106 3075 220 3126 mamam
235 3076 329 3140 thyrso]
353 3076 396 3126 Sic
417 3076 444 3124 in
459 3088 523 3125 vase
544 3075 616 3139 picto
634 3075 705 3140 apud
722 3074 853 3140 Miiiingen
872 3077 947 3126 Used.
965 3077 1034 3126 Mon.
1053 3077 1072 3125 1.
1092 3077 1119 3125 T.
1138 3077 1179 3126 ss.

106 3153 212 3210 Bacchus
228 3159 360 3224 Eurytum
378 3157 420 3208 vel
436 3158 594 3220 Dedadem,
622 3160 668 3222 qui
689 3157 775 3223 gladio
792 3159 920 3211 destricto
937 3173 1000 3210 eum
1017 3171 1050 3210 eo
1068 3171 1182 3222 congre-

107 3235 178 3301 ditur,
203 3243 295 3307 thyrso
319 3243 466 3294 transfodit.
494 3270 522 3279 -
542 3243 581 3294 43.
600 3244 687 3294 beatos
703 3244 823 3309 coniugis]
848 3245 915 3295 Satis
933 3243 1087 3307 trequentes
1106 3243 1181 3292 Aria-

106 3319 166 3373 dnae
182 3329 243 3376 sunt
252 3327 395 3391 imagines,
413 3325 495 3377 veluti
515 3327 585 3377 duae
601 3325 661 3378 iiiae
678 3328 705 3379 iu
720 3329 832 3379 Beckeri
850 3329 974 3392 Aegialeo
990 3326 1057 3376 Ti.
1078 3325 1133 3389 (cir.
1149 3339 1177 3390 p.

107 3402 164 3468 toi.)
176 3411 236 3460 etT.
246 3411 287 3461 67.
307 3411 437 3461 Ariadnae
449 3424 465 3460 a
477 3411 580 3462 Theseo
593 3411 716 3462 desertae
728 3425 780 3462 una
793 3425 856 3463 cum
869 3409 997 3476 Cupidine
1008 3409 1179 3474 longinquam

106 3487 151 3540 iam
161 3491 235 3544 huius
247 3507 344 3545 navem
353 3492 554 3545 demonstrante
567 3495 710 3559 imaginem
718 3494 804 3546 babes
816 3495 887 3559 apud
896 3495 1039 3558 inghirami
1048 3494 1113 3546 Gaii.
1124 3495 1178 3545 Om.

106 3570 142 3621 ΙΙΙ.
153 3587 177 3638 p.
189 3577 261 3639 444,
282 3577 362 3629 aliam
373 3577 446 3642 apud
461 3579 580 3630 Gerhard
600 3581 741 3644 Vaesapern.
760 3580 788 3630 T.
806 3578 847 3630 48,
876 3579 980 3644 inspice
998 3579 1078 3630 etiam
1094 3580 1180 3629 Museo

106 3653 231 3710 dardanico
251 3659 316 3712 Ant.
334 3664 362 3713 T.
376 3663 418 3714 Vl.
439 3666 467 3714 et
482 3664 535 3714 vil.
561 3663 614 3715 Cir.
629 3662 748 3715 Aveiiino
763 3663 828 3714 aad.
846 3664 917 3714 orcis.
933 3663 962 3714 A.
981 3664 1023 3713 lii.
1041 3675 1069 3727 p.
1084 3663 1125 3714 26.
1149 3691 1178 3701 -

106 3737 235 3796 Adadnam
250 3745 385 3798 desertam
400 3747 552 3798 consolatur
560 3748 680 3799 Bacchus
689 3749 853 3813 inspectante
863 3748 992 3813 Cupidine
1002 3749 1028 3798 in
1037 3760 1100 3799 vase
1109 3749 1180 3813 picto

107 3824 167 3884 apud
177 3827 306 3895 diiilingen
320 3833 395 3882 t'ned.
408 3832 477 3882 Moe.
489 3833 510 3882 1.
523 3832 551 3880 T.
565 3831 606 3881 26.
625 3831 752 3883 Eiusdem
765 3845 781 3881 a
792 3834 905 3894 Somno,
923 3833 968 3896 qui
980 3831 1064 3883 alatus
1074 3831 1178 3896 puellae

106 3908 205 3974 usidet,
231 3916 347 3980 sopitae,
375 3918 403 3966 et
419 3929 434 3965 a
451 3915 557 3966 Baccho
579 3917 688 3979 totoque
710 3917 768 3967 eius
787 3917 869 3968 choro
887 3929 920 3966 ex
936 3917 1010 3966 Naxo
1026 3914 1111 3966 insula
1129 3915 1179 3966 ab·

106 3987 192 4044 (lutae
212 3998 313 4061 pictura
330 4001 491 4064 Pompeiana
509 4003 552 4051 est
572 4001 599 4050 in
619 4001 684 4050 Mus.
708 4000 782 4050 Bor-b.
806 4001 871 4050 iiiii.
890 4001 918 4050 T.
938 3999 962 4050 6.
998 3999 1051 4050 Sed
1066 4013 1178 4064 prorsus

107 4077 199 4140 ‘aegia
220 4085 262 4133 est
282 4083 369 4147 imago
391 4084 488 4134 Bacchi
511 4085 538 4134 et
558 4084 690 4135 Ariadnae
712 4097 775 4134 cum
793 4081 890 4150 Comes,
917 4081 985 4134 iliius
1003 4082 1046 4134 vei
1064 4081 1116 4133 filio
1134 4081 1177 4132 vei

107 4153 213 4224 alumno,
232 4168 310 4230 atque
322 4169 468 4230 Tragoedia
484 4167 557 4232 apud
568 4168 687 4218 Gerhard
701 4170 843 4233 Vusaapern.
864 4169 891 4218 T.
906 4168 951 4230 446,
970 4168 994 4216 2.
1009 4167 1138 4230 (Bacchus
1150 4167 1178 4216 et

107 4239 207 4296 Ariadne
219 4251 322 4313 egregie
334 4251 461 4316 descripti
473 4250 580 4301 suntab
593 4250 686 4302 Ovidio
697 4253 726 4302 A.
739 4255 769 4303 A.
782 4253 805 4314 4,
818 4253 866 4302 527
875 4251 946 4315 sqq.)
966 4277 994 4287 -
1013 4249 1053 4301 44.
1071 4249 1177 4312 Penthei]

107 4321 206 4380 Pausan.
225 4333 252 4392 4,
269 4334 315 4396 20,
333 4334 362 4385 3:
386 4328 544 4400 (Ἀθήνησι)
562 4329 705 4387 Διονύσου
723 4335 785 4386 ἐστὶ
803 4330 873 4406 πρὸς
890 4329 929 4400 τῷ
945 4329 1057 4406 θεάτρῳ
1073 4329 1108 4383 τὸ
1126 4326 1178 4404 aip-
