3014 4978
517 399 637 450 unni.
673 398 785 448 cau.
1168 399 1230 464 455

144 561 213 616 cet,
233 569 360 607 numerus
377 557 440 606 item
458 554 637 617 cyathorum.)
655 568 705 618 pro
723 554 839 606 cuiusvis
856 556 935 618 gustu
952 556 979 604 et
996 557 1074 620 captu
1093 555 1230 607 diversum

142 641 169 691 in
189 640 301 690 modum
317 639 435 704 praecipi
452 635 561 690 soleant.
597 638 663 686 sunt
687 639 778 687 autem
794 637 823 686 hi
841 637 983 702 praecipue
1002 639 1073 703 apud
1089 640 1184 690 Athen.
1203 641 1227 689 2.

142 737 169 786 p.
190 723 231 772 36.
250 721 384 773 Eubulus:
412 722 492 792 Τρεῖς
516 715 572 790 γὰρ
595 716 707 784 μόνους
731 715 878 791 κρατῆρας
903 717 1081 792 ἐγκεραννύω
1108 723 1174 784 Τοῖς
1197 712 1230 773 εύ

141 801 304 876 φρονοῦσι·
327 800 379 855 τὸν
394 803 449 870 μὲν
466 799 575 870 ὑγιείας
592 793 657 865 ἕνα,
669 794 718 852 Ὃν
736 798 852 873 πρῶτον
868 802 1030 855 ἐκπίνουσι·
1048 800 1100 854 τὸν
1116 803 1147 854 δὲ
1165 802 1231 856 δεύ-

140 902 227 960 τερον
243 882 370 958 Ἔρωτος
394 881 502 952 ἡδονῆς
526 901 571 937 τε·
602 881 654 936 τὸν
678 887 775 958 τρίτον
799 877 948 948 δύπνον,
970 881 1021 936 Ὃν
1037 883 1183 952 ἐκπιόντες
1200 889 1232 938 οἱ

140 971 236 1035 σοφοί
246 969 417 1037 κεκλημένοι
432 967 535 1020 Οἴκαδε
550 967 707 1034 βαδίζονσ·
726 964 743 1020 ὁ
760 967 791 1021 δὲ
807 971 942 1043 τέταρτος
964 963 1229 1043 ούκέτιἨμέτερός

141 1055 257 1120 (Bacchi)
283 1053 357 1116 ἐστ’,
383 1047 444 1104 ἀλλ’
466 1046 584 1125 ύβρεος·
616 1047 634 1104 ὁ
659 1050 690 1104 δὲ
715 1054 845 1118 πέμπτος
868 1051 959 1119 βοῆς·
989 1056 1082 1118 sicque
1106 1055 1230 1120 procedit

139 1151 230 1202 usque
248 1138 283 1188 ed
299 1150 442 1188 numerum
458 1137 615 1199 denarium,
646 1137 711 1200 quid
732 1138 848 1200 quisque
872 1135 933 1187 mali
955 1137 1048 1188 alienat
1064 1151 1227 1191 memorans.

139 1223 270 1284 Panyasis
287 1224 377 1272 autem
394 1222 448 1272 iam
472 1220 578 1272 tertiam
603 1219 740 1284 potionem
757 1219 937 1271 interdixerat.
977 1219 1059 1271 lhid.:
1077 1217 1229 1285 Πανύασις

142 1331 184 1341 --
194 1300 247 1370 τὴν
262 1303 317 1369 μίν
333 1300 448 1376 πρώτην
464 1300 551 1355 πόσιν
567 1297 707 1368 ἀπονέμει
722 1300 862 1375 Χάρισιν,
893 1296 995 1375 Ὥραις
1009 1304 1060 1354 καί
1075 1302 1223 1373 Διονύσῳ,

141 1384 196 1454 τὴν
220 1387 252 1438 δὲ
276 1385 409 1459 δευτέραν
432 1381 582 1459 Ἀφροδίτῃ
607 1388 656 1438 καί
684 1386 770 1438 πάλιν
787 1379 1037 1459 Διονύσῳ,”Τβρει
1054 1386 1085 1440 δὲ
1101 1389 1151 1440 καὶ
1160 1383 1228 1461 ’Ἄτῃ

142 1467 196 1536 τὴν
211 1472 318 1542 τρίτην.
340 1499 367 1506 -
394 1470 470 1522 Adde
487 1473 629 1534 imaginem
647 1471 840 1535 Pythagoream
858 1471 930 1536 apud
946 1473 1041 1522 Anien.
1060 1471 1157 1524 Meliss.
1176 1472 1225 1524 te:

141 1551 273 1626 Βότρνας
288 1559 364 1626 τρεῖς
381 1549 400 1620 ἡ
417 1548 546 1620 ἄμπελος
564 1551 648 1616 φύει,
675 1550 725 1604 τὸν
742 1553 796 1619 μὲν
814 1551 928 1626 πρῶτον
946 1548 1071 1620 ἡδονῆς,
1096 1551 1148 1606 τὸν
1165 1552 1229 1606 δεύ-

142 1652 225 1710 τερον
240 1638 350 1704 μέθης,
368 1633 420 1688 τὸν
437 1635 468 1688 δὲ
484 1638 580 1708 τρίτον
598 1629 716 1708 ύβρεως.
733 1665 760 1674 -
779 1640 872 1702 Neque
889 1650 955 1688 vere
972 1638 999 1687 in
1016 1637 1106 1690 verbis
1124 1639 1224 1691 Horatii

142 1723 226 1782 inest,
253 1722 325 1785 quod
349 1720 405 1772 velt
428 1721 580 1772 Bentleius:
612 1735 685 1771 «uno
710 1723 804 1787 spiritu
830 1720 1009 1772 exhaurienda
1033 1722 1133 1773 luisse»
1160 1723 1228 1772 haec

141 1802 237 1870 pocula
254 1806 300 1855 aut
315 1805 371 1855 tres
387 1806 433 1854 aut
449 1816 547 1854 novem
568 1805 678 1866 cyathos
691 1805 821 1871 capientia
839 1805 876 1868 (ut
892 1802 934 1854 ille
951 1817 1059 1868 queque
1076 1803 1227 1870 intellexit),

142 1889 169 1938 et
180 1887 229 1937 Od.
243 1887 273 1948 3,
291 1887 319 1948 8,
334 1888 373 1938 43.
392 1887 476 1949 epatu
492 1892 604 1950 οεηίικπ,
623 1889 687 1939 item
705 1901 774 1953 quae
792 1887 915 1953 leguntur
932 1887 1003 1952 apud
1020 1887 1094 1938 ovid.
1113 1889 1182 1940 last.
1201 1889 1225 1951 3,

141 1971 198 2020 533.
218 1971 339 2034 (ίκοικίοε
354 1971 418 2032 illic,
437 1971 480 2032 put
496 1971 607 2021 Nestoris
622 1971 702 2021 ebibat
719 1986 811 2032 annes;
830 1972 936 2034 quaerit
948 1983 997 2033 per
1007 1971 1175 2035 οσίίοιιίαοίπ
1185 1972 1228 2022 st-

141 2055 209 2116 ipite
224 2053 311 2116 ritca),
330 2053 433 2104 facetae
450 2057 513 2104 aunt
528 2053 702 2118 hyperbolae.
