3014 4978
506 459 565 509 LlB.
585 459 627 510 ΙΙΙ.
663 460 691 510 C.
710 459 785 510 XXX.

448 997 845 1062 cmxxx-

191 1169 287 1256 Exegi
310 1178 551 1235 monumentum
573 1189 649 1236 aere
672 1171 848 1256 perennius

189 1289 365 1377 Regalique
387 1289 449 1358 situ
472 1289 679 1377 pyramidum
702 1290 811 1370 altius,

188 1410 284 1491 Quod
306 1431 372 1476 non
395 1410 499 1476 imber
519 1409 619 1487 edax,
643 1430 706 1477 non
729 1411 844 1498 Aquilo
868 1414 1025 1500 impotens

187 1532 294 1598 Possit
316 1531 446 1599 diruere
469 1542 524 1598 aut
546 1531 787 1600 innumerabilis

168 1712 243 1764 XXX.
264 1713 347 1762 lnscr.
360 1709 429 1776 volg.
447 1713 486 1762 ,44
502 1713 683 1776 Melpomenes,
703 1716 730 1766 et
741 1715 779 1765 sic
790 1715 836 1764 BS.
858 1715 883 1778 (S
896 1715 970 1766 addit
979 1719 1159 1782 propruutice.)

140 1815 165 1823 -
177 1789 245 1839 Dicit
257 1800 284 1838 44
294 1787 492 1851 4444444444ιὶ4
501 1789 601 1852 scriptia
616 1789 668 1838 44444
677 1801 774 1852 seraper
787 1789 914 1840 uictumae
929 1803 988 1842 cac
999 1791 1119 1844 similiter
1130 1791 1157 1844 b.

138 1946 183 1997 Od.
210 1947 289 1998 XXX.
325 1945 525 2010 Simplicissima
551 1948 630 1999 huius
667 1951 741 2012 patet
761 1948 879 1998 exovid.
893 1949 955 2000 llet.
972 1950 1017 2012 44,
1035 1950 1099 2001 art:
1125 1951 1195 2002 144444-

109 2022 227 2073 carminis
254 2025 443 2086 argumentum
468 2023 563 2087 exponi
580 2035 630 2087 po-
667 2036 715 2084 que
731 2037 794 2086 opta
810 2025 899 2088 accpi,
927 2025 994 2086 quod
1009 2039 1054 2076 4444
1070 2027 1135 2077 louis
1151 2029 1193 2077 ira

109 2097 296 2162 testSapphus
316 2109 398 2148 versu
415 2098 456 2148 Fr.
475 2097 517 2147 46.
545 2099 628 2147 Neue.
667 2111 712 2147 nec
736 2098 806 2160 ignes
829 2099 881 2148 Nec
906 2101 1000 2160 poterit
1027 2101 1126 2163 [4444444
1150 2115 1195 2153 nec

109 2170 195 2234 Bergk.
216 2184 243 2235 p.
268 2171 333 2222 608:
368 2165 630 2221 levamentum
667 2172 735 2220 edas
751 2171 850 2222 abolere
866 2177 984 2222 44444444.
1019 2174 1099 2238 Prop.
1118 2174 1148 2236 3,
1168 2176 1192 2237 4,

108 2257 179 2310 φαμι
198 2245 250 2295 καὶ
268 2236 389 2316 ὕστερον
411 2239 540 2311 ἀμμέων.
575 2250 631 2295 An·
668 2245 700 2294 8:
718 2245 833 2295 44444444
848 2246 916 2296 444444
930 2247 1030 2308 pumice
1045 2260 1132 2298 aerata
1142 2253 1191 2299 eat.

108 2319 250 2382 tiquissima
270 2318 381 2370 tortasse
398 2317 584 2370 huiuscemodi
596 2317 630 2368 de
667 2321 724 2370 lton
742 2321 796 2380 est,
815 2322 845 2370 ut
861 2319 904 2372 alii
921 2320 1030 2372 uolunt:
1050 2322 1092 2373 uin
1109 2322 1192 2374 altum

108 2396 206 2458 propria
226 2393 427 2444 immortalitate
444 2393 630 2444 vaticiniorum
667 2393 778 2444 eduxi.»
804 2422 831 2432 -
862 2395 934 2460 aare]
965 2397 1071 2448 «aereis
1099 2399 1192 2449 statuis

109 2468 226 2534 exempla
250 2469 357 2518 exstant
375 2469 446 2533 apud
464 2469 581 2531 Theogn.
602 2481 628 2518 v.
667 2467 801 2533 titulisque
819 2471 874 2520 aeri
892 2472 1007 2522 incisis„

107 2541 135 2590 ts
143 2555 182 2606 sq.
193 2545 221 2593 et
228 2541 289 2593 237.
300 2543 393 2602 Belin,
404 2555 493 2607 neque
503 2541 631 2594 abhorret

109 2617 236 2668 comicum
272 2615 408 2667 Philoxeni
439 2619 630 2669 testamentum

110 2692 175 2754 apud
187 2690 379 2752 Machaonem,
392 2691 488 2742 Athen.
502 2693 628 2756 Deipnos.

700 2581 723 2631 8.
754 2582 817 2645 dtu]
849 2585 1079 2643 «constructione,
1108 2583 1192 2644 mola;

668 2656 854 2720 pyramidibus
877 2660 994 2708 marimo
1022 2662 1131 2723 sumptu
1159 2659 1193 2710 ab

111 2763 133 2814 8.
143 2779 168 2828 p.
176 2765 220 2816 844
237 2777 269 2815 c:
283 2760 567 2836 Τοὺςόιθυράμβους
575 2760 630 2816 σὺν
668 2731 780 2795 Aegypti
803 2731 913 2794 regibus
935 2733 1144 2784 exaedificatis.»
1165 2761 1192 2770 -

668 2804 755 2869 aliiue]
782 2807 914 2868 quatenus
934 2804 1072 2868 gloriosius
1093 2809 1133 2856 est
1157 2807 1195 2858 in·

667 2878 736 2942 genii
763 2891 844 2941 quarn
868 2891 950 2944 opum
978 2883 1192 2932 monumentum.

116 2981 124 2998 .
476 2986 489 3000 .
605 2985 612 3004 ,
669 2951 850 3016 (Pyramidum
872 2953 988 3003 maxima
1006 2952 1057 3002 alta
1072 2967 1133 3005 esso
1154 2955 1196 3006 di·

107 2989 264 3054 avaritiam
282 2993 346 3051 ταῑς
362 2987 490 3054 ἐμαοτου
506 3003 630 3059 συντρο-
668 3027 735 3076 citur
748 3025 833 3091 pedes
854 3027 1014 3089 ccccm.)

106 3075 170 3124 φοις
198 3058 351 3126 Μούσαις,
382 3057 550 3135 Ἀφροδίτην
579 3065 630 3115 καὶ

107 3133 246 3188 Διόνυσον
269 3133 452 3209 ἐπιτρόπους.
488 3138 542 3190 Cir.
565 3141 629 3191 item
700 3137 723 3188 3.
751 3137 830 3188 imiter
845 3137 926 3202 4444]
957 3149 1131 3202 «compagem
1148 3151 1194 3190 sa·

106 3211 207 3262 luciani
220 3215 321 3276 Imagg.
335 3213 376 3263 83.
392 3215 469 3278 Prop.
483 3213 513 3274 3,
533 3215 561 3274 4,
581 3214 627 3264 35:
667 3225 746 3262 ream
763 3210 899 3277 paullatim
917 3211 1036 3273 solvens,
1054 3225 1101 3263 aes
1117 3225 1194 3264 arro-

108 3287 190 3349 4444444
220 3289 288 3337 inter
320 3299 389 3338 seros
412 3287 527 3339 4444444444
551 3289 631 3338 lanta
668 3286 752 3348 dens,
771 3281 880 3337 inducta
897 3288 1050 3351 aerugine.»
1085 3287 1191 3338 Pindar.

106 3367 208 3422 nepotes.
228 3363 253 3423 3,
269 3363 294 3424 4,
306 3363 348 3413 83.
367 3363 401 3414 de
414 3363 545 3428 poematis
556 3365 627 3414 suis:
667 3362 743 3423 Pytlr.
766 3362 796 3423 6,
810 3363 839 3411 i:
864 3355 999 3427 Ἔτοῑμος
1017 3354 1115 3428 ὕμνων
1132 3363 1193 3429 Θη-

106 3434 134 3484 At
148 3451 199 3486 44444
215 3437 317 3500 ingenio
335 3439 475 3500 4444444444
491 3451 581 3488 cornea
598 3437 630 3488 44
667 3431 777 3508 σαυρὸς
800 3435 832 3487 ἐν
856 3433 1031 3507 πολυχρύσῳ
1053 3431 1193 3487 Ἀπολλω-

106 3512 299 3561 4444444444444;
316 3513 477 3576 4444444444
487 3515 540 3564 stne
550 3519 630 3564 morte
666 3512 715 3578 νὶᾳ
738 3513 910 3573 τετε4χισται
934 3507 1021 3578 νάπᾳ·
1047 3507 1105 3562 Τόν
1126 3505 1193 3564 οὔτε

105 3583 182 3634 44444.
203 3585 280 3636 Ouid.
299 3589 357 3637 Am.
380 3587 410 3648 4,
425 3588 469 3648 45,
484 3588 512 3639 44
527 3603 533 3636 :
561 3589 630 3654 Ετρο
668 3587 814 3658 χειμέριος
825 3580 937 3657 ὄμβρος
948 3581 1073 3650 ἐπακτὸς
1088 3583 1191 3650 ἐλθών,

105 3659 178 3708 etiam
202 3673 261 3709 44444
284 3673 325 3710 me
356 3675 487 3724 4444444444
519 3665 631 3715 adederit
664 3655 1193 3733 ἘριβρόμουνεφόλαςΣτρατὸςᾶμεί-

106 3731 181 3794 ipris,
202 3735 292 3784 Vivam
304 3748 416 3798 parsque
431 3738 481 3787 4444
496 3738 577 3787 mutto
590 3751 631 3788 sa-
667 3733 764 3798 λιχσς,
800 3729 859 3785 οὔτ’
885 3729 989 3802 ἄνεμοι
1021 3736 1051 3799 ἐς
1077 3733 1191 3801 μυχοὺς

102 3811 195 3866 penas
206 3809 264 3858 4444.
284 3811 344 3860 Mel.
358 3811 403 3872 44,
416 3811 473 3860 Sil.
494 3811 631 3874 (llirchner
664 3804 743 3872 Ἁλὸς
778 3802 878 3874 ἄξοισι
911 3807 1058 3882 παμφόρῳ
1091 3807 1191 3882 χεράόι

106 3880 133 3928 44
152 3881 296 3933 Grotelend
324 3883 446 3947 Scltristat.
475 3885 567 3948 444444,
589 3887 631 3936 das
668 3881 856 3950 Τυπτόμενοι.
886 3886 964 3949 (virg.
985 3889 1051 3936 Aen.
1072 3887 1101 3947 2,
1123 3887 1188 3936 its:

106 3953 224 4004 4444444444
235 3969 261 4020 p.
276 3957 316 4007 34.
330 3957 382 4008 hoc
394 3971 505 4008 carmen
518 3961 551 4010 ad
563 3973 587 4008 a.
602 3973 628 4009 u.
666 3960 732 4024 ignis
743 3961 818 4010 etiae.
837 3959 987 4011 Simonides
995 3961 1080 4022 Bergk
1089 3972 1115 4023 p.
1127 3958 1188 4010 til:

106 4040 129 4077 c.
140 4029 213 4090 488,
233 4033 324 4080 contra
338 4033 439 4083 Franke
452 4033 478 4082 F.
490 4035 520 4084 ll.
532 4047 558 4098 p.
571 4034 627 4083 497.
668 4030 774 4104 χρόνος
791 4027 860 4098 ὀξύς
877 4029 998 4096 ὀδόντας
1019 4030 1119 4084 Πάντα
1136 4047 1190 4082 κα-

106 4103 243 4156 adamati.
256 4105 346 4157 relert.
365 4108 631 4160 Totumhaededls-
666 4106 798 4174 ταψήχει
814 4111 864 4160 icat
882 4105 1044 4169 βιαιότατα.
1084 4107 1189 4158 Curtius

106 4180 239 4243 crepantia
263 4181 390 4232 indicium
410 4183 511 4247 pendet
527 4183 561 4234 ab
580 4184 627 4234 Od.
666 4182 697 4244 4,
716 4184 744 4245 8,
762 4183 795 4234 84
825 4197 870 4234 nee
885 4185 940 4234 44444
956 4189 1009 4233 tam
1022 4185 1099 4247 flmto
1114 4181 1191 4231 444444

107 4253 166 4310 4,3.
186 4256 304 4306 carmine
322 4257 356 4306 ad
371 4271 467 4308 navem
479 4257 596 4322 Virgilii.)
666 4263 715 4321 444,
742 4271 819 4320 pacm
843 4273 894 4308 44444
909 4259 1018 4308 modunl
1036 4255 1140 4320 44444.)
1159 4283 1186 4292 -

138 4329 160 4376 l·
185 4329 278 4394 Exegi]
298 4330 429 4394 «absolui,
448 4333 580 4396 patienia,
600 4335 629 4384 ut
666 4333 798 4397 4444444444]
827 4335 899 4390 444ιί,
930 4331 979 4382 sibi
1004 4343 1056 4382 non
1083 4333 1189 4396 tempe-

108 2836 183 2902 aeotg
197 2835 408 2905 καταλιμπάνω
417 2833 631 2912 Ἠνόρωμένους

108 2914 153 2962 καὶ
165 2911 277 2977 πάντας
287 2913 553 2982 ἐστεφανωμένους,
573 2909 630 2978 Ου”ς
