3080 4980
639 421 764 471 nonnuli
784 419 951 472 ennittuuu

628 703 965 768 (imin.

424 825 583 926 Scriberis
605 856 700 923 Vario
722 855 813 921 fortis
837 865 870 920 et
891 853 1031 920 hostium

319 1020 360 1071 Vl.
393 1021 478 1070 lusor.
497 1017 565 1081 vulg.
585 1018 612 1068 et
629 1019 653 1067 S.
675 1017 735 1081 (om.
754 1016 938 1082 praenomine)
956 1015 994 1064 At
1005 1015 1041 1066 Μ.
1059 1016 1202 1078 Vipsanium
1219 1017 1310 1081 Apvip-

283 1107 354 1158 pant.
376 1122 403 1130 -
422 1094 570 1156 Adloquitur
589 1093 735 1156 Vipsanium
750 1093 890 1156 Aprippum
906 1092 934 1141 T.

287 1236 330 1285 Vl.
356 1235 488 1294 Horatius,
507 1234 536 1283 ui
552 1231 609 1283 aliis
626 1245 691 1282 suae
708 1233 782 1282 aeia-
817 1231 954 1281 Weichert
965 1245 988 1280 o.
1002 1229 1156 1290 tsi-73i.;
1178 1230 1343 1295 probabilius

255 1313 288 1362 tis
311 1309 455 1360 illustribus
476 1309 551 1370 viris,
579 1308 676 1373 quibus
702 1310 779 1358 notus
817 1304 918 1355 Weber
942 1319 967 1354 a.
992 1305 1048 1354 its.
1077 1307 1138 1369 post
1161 1318 1285 1369 magnam
1308 1307 1343 1356 do

254 1385 339 1449 magis
356 1397 438 1447 quam
455 1382 590 1436 familiaris
602 1385 667 1446 erat,
686 1384 781 1434 Muna-
817 1381 842 1430 S.
866 1381 993 1444 Pompeio
1020 1381 1173 1441 victoriam,
1200 1385 1342 1446 postquam

254 1461 291 1509 tio
303 1458 408 1519 Planco,
421 1459 511 1510 Asinio
522 1457 639 1518 Pollioni,
658 1456 714 1508 lulo
729 1459 781 1508 An·
816 1455 975 1506 Octavianus
992 1453 1031 1522 τῷ
1046 1447 1181 1526 Ἀγρίππᾳ
1197 1457 1344 1518 στέφανον

255 1533 343 1592 ionio,
371 1533 409 1584 sic
431 1534 464 1584 bi.
488 1533 612 1598 Vipsanio
637 1533 778 1596 Agrippae,
817 1527 947 1602 χρυσοῦν
996 1527 1135 1595 ἐμβόλοις
1175 1525 1344 1598 ἠσκημένον

255 1609 365 1657 strenuo
382 1608 491 1670 Augusti
503 1607 667 1668 administro,
685 1609 779 1671 postea
817 1602 994 1676 ἐδωρήσατο.
1029 1605 1079 1657 Dio
1096 1605 1137 1666 is,
1157 1607 1197 1656 ih.

255 1694 364 1745 genero,
384 1682 463 1732 ducta
481 1683 507 1732 in
526 1682 725 1733 matrimonium
736 1683 792 1730 lu-‹
851 1683 873 1730 t.
892 1680 1021 1744 Scritnis]
1046 1681 1190 1731 «Carmine
1215 1679 1344 1744 (panegy-

254 1755 302 1817 lia,
326 1757 384 1806 viro
405 1755 467 1806 belli
484 1769 566 1820 quam
587 1757 661 1820 pacis
679 1753 780 1806 andrus
816 1754 880 1817 rico)
891 1753 1078 1816 celebrabere;
1090 1755 1343 1808 nemomeliustuos

254 1833 367 1895 potiori,
398 1844 480 1882 unum
508 1831 645 1900 dumtaxat
671 1842 780 1880 carmen
816 1827 909 1880 laudes
918 1829 1074 1894 praedicare
1086 1833 1183 1894 potest,
1196 1843 1279 1894 quam
1290 1832 1343 1881 Va-

255 1905 374 1965 dedicat,
394 1904 471 1956 simul
489 1906 606 1968 Augusto
619 1905 780 1968 gratificatu-
817 1903 881 1964 rius,
900 1917 982 1967 quem
999 1904 1062 1955 huic
1079 1905 1183 1955 muneri
1201 1903 1343 1969 aliquando

254 1994 309 2031 ms.
345 1977 397 2030 Cir.
427 1977 492 2028 Vell.
523 1981 577 2030 Pat.
607 1981 632 2041 T,
662 1979 707 2029 79:
742 1979 777 2028 it.
818 1979 881 2028 satis
900 1977 1030 2028 iacturum
1048 1981 1138 2043 puto.»
1159 1981 1216 2030 Non
1235 1992 1344 2044 respue-

254 2053 381 2116 Apama,
410 2054 451 2102 vir
477 2053 577 2102 uirtutis
604 2053 778 2114 nobilissimae,
817 2051 864 2101 bai
889 2065 914 2101 v.
942 2052 1050 2102 scribere
1075 2053 1126 2102 hac
1152 2053 1343 2116 significatione

258 2128 343 2177 labore
367 2129 456 2192 cipitia
473 2129 586 2190 periculo
605 2129 712 2178 inuictus
728 2142 780 2191 pa
816 2127 905 2190 poesis
917 2129 1017 2189 Latina,
1037 2127 1139 2178 utiacit
1158 2131 1257 2180 nostra.
1288 2129 1340 2180 Cir.

253 2202 503 2268 nandiquclseduni)
520 2204 705 2266 scientissimus,
724 2205 782 2254 aliis
816 2216 842 2252 v,
862 2201 901 2252 tt.
934 2229 962 2240 -
993 2203 1077 2266 Vario]
1100 2204 1128 2252 L.
1153 2203 1247 2254 Varius
1266 2208 1343 2255 natus

256 2291 316 2327 sane
333 2279 474 2339 imperandi
491 2279 595 2340 cupidus
606 2282 629 2328 et
636 2291 685 2340 per
696 2280 781 2329 onmia
818 2278 888 2328 circa
905 2290 929 2326 a.
948 2289 976 2326 u.
996 2290 1018 2326 c.
1039 2277 1095 2327 oia.
1125 2278 1155 2328 Ei
1172 2277 1294 2341 Virgilius
1307 2281 1345 2329 in-

256 2357 332 2402 autra
352 2353 483 2401 dilationes
500 2353 597 2414 positus
616 2353 781 2415 nonnulisque
817 2352 903 2401 notuit
928 2352 997 2400 circa
1024 2364 1047 2400 a.
1075 2365 1101 2400 u.
1129 2365 1153 2402 c.
1177 2353 1254 2412 itt,
1281 2357 1343 2405 ante

255 2427 326 2490 facta
342 2427 500 2489 caniunpens.
531 2429 587 2477 Non
605 2429 695 2477 tumen
707 2429 780 2478 omni
818 2427 961 2490 quemiam
971 2425 1092 2475 ediderat
1102 2431 1199 2490 potima
1211 2423 1246 2477 de'
1257 2432 1343 2478 morte

255 2500 358 2564 pulchri
375 2514 458 2550 sensu
469 2501 609 2552 destitutus
622 2505 686 2554 erat.
714 2502 778 2552 Pliu.
818 2501 949 2562 Caesaris,
971 2501 1046 2551 cuius
1063 2505 1154 2565 partes
1171 2502 1290 2554 studiose
1302 2516 1344 2554 se·

255 2575 296 2636 35,
315 2574 344 2625 i:
364 2577 454 2624 --ctsi
469 2577 510 2625 uir
526 2578 661 2627 rusticitati
674 2579 781 2640 propior
818 2579 903 2627 status
922 2579 987 2627 erai.
1019 2577 1093 2640 illinc
1110 2574 1176 2627 illud
1193 2579 1246 2627 Sat.
1260 2581 1285 2640 l,
1299 2581 1342 2640 to,

256 2663 333 2714 qnam
350 2651 450 2700 deliciis.
486 2652 578 2700 Eustat
601 2653 706 2716 (tamen)
729 2653 781 2702 eius
817 2651 1108 2717 43:1‘ornup0sacur,
1129 2653 1264 2715 Utrumne,
1293 2655 1343 2704 Va-

255 2725 337 2776 orutio
353 2725 490 2787 inapnipicc
515 2730 537 2776 at
558 2727 672 2776 marimo
688 2727 780 2776 ciuium
817 2729 872 2778 rins
889 2727 977 2791 ducit.)
1011 2719 1147 2778 Horatium
1167 2731 1258 2778 autem
1276 2742 1300 2778 a.
1314 2743 1340 2778 u.

255 2801 334 2863 dipna
358 2799 388 2848 de
412 2799 503 2849 tabuiis
524 2801 637 2850 omnibuis
656 2803 781 2865 sipnisqua
818 2817 841 2853 c.
855 2803 913 2854 tta.
932 2803 1004 2852 Bruti
1022 2815 1176 2866 sequacem,
1195 2816 1258 2852 cum
1270 2805 1343 2854 biae-

251 2873 417 2936 publicandis.
436 2875 497 2924 Eius
509 2877 624 2926 statuam
636 2877 696 2926 vide
709 2876 780 2940 apud
818 2879 912 2928 canate
930 2875 1080 2926 conciliavit
1096 2877 1122 2926 in
1140 2877 1251 2940 eiusque
1269 2877 1344 2928 iami-

254 2947 372 2998 Viscouii
393 2949 504 2998 Manum.
529 2951 620 3013 llorpb.
644 2951 671 3001 T.
694 2951 735 3011 39,
755 2951 778 3001 l.
817 2951 958 3002 liaritatem
984 2950 1093 3000 adduxit
1118 2953 1189 3001 circa
1215 2967 1238 3002 a.
1266 2967 1293 3002 u.
1317 2968 1340 3004 c.

255 3025 410 3087 eticonopr.
434 3025 502 3074 Rorn.
526 3025 554 3074 T.
573 3025 597 3084 8,
617 3026 640 3074 7.
670 3024 779 3088 (Tmnd-
817 3027 873 3076 Titi.
910 3027 1194 3077 circundatus.
1225 3029 1344 3091 Panegy-

255 3113 303 3149 seu
320 3100 441 3162 Aprippa.
460 3099 553 3150 iliona
572 3101 644 3151 iiiiii.
658 3099 692 3163 8.)
717 3099 778 3161 Sed,
816 3103 902 3151 rioum
936 3101 962 3151 in
998 3102 1142 3151 Caesarem
1171 3103 1343 3153 Octavianum

255 3176 285 3223 ut
301 3174 336 3223 ad
357 3175 460 3224 initium
482 3175 560 3226 huius
577 3173 670 3226 scholii
687 3188 781 3225 rever·
817 3176 982 3239 composuit;
1012 3175 1158 3238 Thyestem
1186 3176 1270 3226 edidit
1294 3190 1344 3241 per

254 3252 305 3310 tar,
324 3249 439 3298 maxime
458 3248 580 3300 notabilis
592 3263 636 3300 res
648 3251 698 3309 est,
718 3250 782 3300 Cor·
817 3264 901 3300 annos
918 3264 944 3299 u.
965 3263 988 3300 o.
1007 3250 1151 3310 tit-tii,
1170 3251 1204 3300 de
1222 3265 1276 3314 quo
1294 3253 1340 3303 cir.

255 3323 355 3373 nelium
372 3322 491 3382 Gallum,
519 3325 597 3374 tantis
619 3323 741 3374 laudibus
764 3337 779 3373 s
817 3325 941 3376 Welcker
958 3327 1024 3375 blus.
1049 3325 1132 3374 lihen.
1154 3325 1291 3391 supplem.
1310 3328 1340 3376 V.

255 3395 359 3459 Virgilio
386 3396 568 3458 colebmtum,
598 3396 650 3446 alto
676 3397 780 3448 silentio
816 3401 848 3449 Π.
875 3401 903 3449 T.
931 3399 974 3447 111.
1002 3411 1028 3462 p.
1058 3397 1130 3449 ⁴428.
1167 3399 1261 3450 Secula
1282 3404 1344 3464 post

254 3471 429 3535 praetermitti
442 3471 476 3520 ah
487 3472 604 3533 Horatio,
624 3473 673 3522 etsi
683 3470 724 3521 ille
734 3473 782 3522 de·
818 3473 880 3523 Chr.
899 3475 994 3521 octavo
1012 3471 1134 3524 exstabat
1150 3474 1218 3524 haec
1235 3473 1340 3524 tabula:

255 3557 330 3595 mum
348 3557 372 3594 a.
392 3558 417 3593 u.
437 3558 461 3594 c.
484 3546 555 3605 iun,
582 3547 725 3609 postquam
748 3559 780 3596 ex
817 3549 909 3610 postea
929 3547 1039 3610 pmpter
1054 3544 1149 3597 Isidori
1160 3548 1279 3611 Origines
1290 3549 1343 3598 mi-

255 3621 364 3683 Augusti
383 3618 472 3670 tavare
493 3620 641 3680 exciderat,
665 3622 780 3671 mortem
817 3635 878 3673 sere
895 3622 973 3686 periit
991 3622 1016 3670 in
1036 3622 1134 3673 Codice
1151 3624 1281 3687 rescripta
1297 3636 1343 3674 re-

255 3694 306 3746 sihi
324 3697 459 3745 conscivit.
495 3697 588 3758 Magna
610 3698 701 3747 autem
718 3709 779 3746 cum
817 3697 859 3760 gio
883 3697 914 3746 N.
942 3697 1030 3756 insu,
1058 3697 1084 3746 in
1111 3709 1164 3760 quo
1190 3698 1343 3748 etiamnunc

255 3773 311 3819 arte
329 3770 459 3833 significat
476 3783 505 3820 se
523 3771 692 3833 panegyricis
713 3771 779 3834 epici
818 3771 885 3821 haec
903 3769 1038 3833 leguntur:
1068 3772 1114 3820 ab.
1140 3772 1230 3821 Varius
1249 3785 1342 3836 capno-

255 3845 360 3907 geueris
388 3845 581 3909 componendis
609 3846 696 3896 minus
722 3845 781 3896 ido-
817 3851 899 3895 manto
926 3846 1005 3908 Rufus
1035 3845 1159 3907 lbpastam
1186 3847 1344 3910 traposctiam

256 3932 336 3969 neum
363 3933 438 3981 esse,
471 3933 485 3968 a
517 3933 570 3984 quo
602 3933 699 3982 genere
725 3923 780 3971 toto
816 3933 913 3985 nrapna
936 3934 1001 3970 cura
1022 3921 1161 3970 absolutam
1179 3926 1237 3983 post
1256 3922 1343 3972 Actia-

256 3993 420 4044 ahhorrahat
437 3999 463 4046 et
481 4008 611 4059 generosa
629 3995 686 4046 eius
704 3996 781 4046 indo·
818 4010 875 4047 curn
889 3996 1022 4046 uictoriam
1039 3995 1149 4058 lupario
1166 3996 1343 4046 induciturin

255 4068 294 4119 les
313 4071 340 4118 et
357 4069 482 4120 iudiciuin
500 4071 643 4135 poeticum.
664 4072 780 4135 Compo—
817 4085 892 4122 meina
908 4071 997 4129 edidit;
1015 4083 1065 4132 pro
1083 4084 1135 4132 qna
1149 4071 1238 4136 [abab
1253 4077 1342 4122 suter-

255 4145 334 4194 situm
345 4143 488 4195 arbitratur
496 4146 548 4196 hoc
557 4159 667 4196 carmen
679 4146 779 4196 Franks
818 4148 881 4196 tinrn
897 4147 993 4196 tuteris
1009 4147 1130 4208 mcepu.»
1160 4145 1341 4200 Schneidewin

255 4231 304 4282 per
321 4231 404 4270 annos
421 4219 470 4270 tut
488 4222 514 4270 et
526 4221 593 4282 tiu,
613 4221 743 4272 liirchner
754 4225 779 4272 et
818 4223 844 4272 in
862 4222 927 4273 hius.
947 4221 1029 4272 lihcn.
1051 4220 1122 4271 isit.
1137 4235 1163 4285 p.
1179 4221 1234 4270 ttiti.
1252 4223 1341 4271 -Su-

255 4291 430 4345 Walclsenaer
440 4309 463 4344 a.
476 4296 543 4356 727,
558 4295 701 4346 Groteiend
710 4296 778 4356 tis,
818 4299 922 4361 perstas
940 4295 987 4347 luit
999 4295 1104 4359 Virgilio
1117 4297 1222 4346 mortuo
1234 4309 1257 4345 a.
1271 4295 1339 4355 735..
