3078 4978
533 443 632 493 LlBEll.
669 444 766 495 CAllll.
788 446 815 492 V.

550 925 786 988 cnm
812 927 864 988 v.
960 903 961 906 ‘

336 1081 387 1151 At,
413 1096 434 1141 o
455 1077 591 1142 deorum
612 1076 771 1164 quidquid
795 1077 824 1142 in
849 1078 940 1146 caelo
963 1081 1044 1168 regit
1106 1111 1108 1116 ·

232 1255 261 1304 V.
281 1257 362 1305 lusor.
389 1253 457 1318 volg.
484 1256 513 1304 ln
539 1256 670 1306 Canidiam
686 1259 827 1321 ueneficam.
849 1285 877 1294 -
906 1259 1014 1308 herum
1028 1265 1217 1322 praetentatmn

199 1329 321 1392 defossum
343 1331 437 1380 inducit
461 1345 479 1380 a
499 1331 607 1382 Canidia
623 1345 672 1394 aaa
688 1337 776 1382 amata
792 1331 870 1394 Alpino
888 1333 943 1396 (sic)
965 1333 1030 1382 Vara
1047 1335 1120 1384 daret
1132 1338 1217 1399 potio-

198 1417 254 1453 nem
277 1405 492 1454 delinimentornm
516 1403 543 1454 b.
572 1431 600 1442 -
630 1406 659 1454 ln
677 1407 828 1456 Gratidiam.
862 1409 1022 1458 Prummu
1038 1414 1126 1458 necata
1148 1411 1217 1460 Aleia

199 1479 262 1540 isio:
290 1478 348 1542 lege
370 1479 433 1541 Alfio
450 1493 484 1528 ex
500 1477 616 1530 Oberlini
632 1481 661 1542 Β]
681 1481 747 1530 Varo
765 1482 836 1530 daret
848 1483 975 1543 potionem
992 1495 1015 1532 c.
1044 1509 1073 1520 -
1104 1485 1127 1534 l.
1147 1485 1218 1544 qnid-

197 1552 383 1616 qnid--rspis
403 1551 454 1612 hd,
479 1569 532 1618 γκ,
559 1565 599 1616 pr.
624 1551 675 1614 βν,
704 1554 794 1620 plures
818 1556 950 1616 Potticril,
980 1559 1218 1622 quisquis--rapis

197 1626 340 1678 Diomedes
356 1640 383 1691 p.
402 1628 459 1678 527.
479 1630 525 1687 P..
544 1629 693 1680 Priscianus
710 1642 737 1693 p.
751 1630 824 1679 ltus.
838 1631 883 1690 P.,
901 1629 991 1683 Aldus.
1012 1633 1051 1694 (Ut
1067 1645 1129 1692 nos,
1148 1633 1214 1693 BSo,

196 1696 326 1750 Blandiuli
344 1713 453 1761 omnes,
472 1703 588 1752 Pottierii
605 1703 729 1767 septem.)

195 1848 226 1897 V.
245 1849 329 1898 scena
347 1849 414 1898 haec
426 1851 479 1900 est:
499 1851 619 1901 lmmaue
630 1863 690 1902 sce-
725 1855 768 1902 cat
784 1854 943 1918 Porphyrio;
963 1853 1012 1904 sed
1029 1853 1137 1905 obstare
1154 1855 1249 1906 video-

162 1921 204 1972 lus
219 1925 372 1986 patraturos
383 1935 462 1987 sagae
481 1937 595 1988 puerum
612 1926 687 1990 inge·
725 1929 768 1978 tur
781 1941 806 1978 v.
820 1928 861 1978 58.
880 1929 1031 1979 Suburanae
1047 1944 1129 1980 canes.
1145 1956 1174 1966 -
1199 1931 1249 1981 Ce-

162 2009 259 2058 nuum,
278 2009 360 2060 quem
376 1996 417 2048 vel
436 1997 568 2049 blanditiis
579 2012 594 2048 a
606 1998 686 2049 domo
724 2004 811 2052 terum
831 2005 939 2066 praeter
956 2004 1086 2054 Theocriti
1104 2007 1131 2054 et
1150 2002 1248 2067 Virgilii

161 2073 271 2134 paterna
299 2071 461 2122 seduxerant
486 2071 528 2122 vel
553 2074 579 2122 vi
604 2087 686 2137 rapu·
723 2079 959 2147 φαρμακευτρὶας
975 2078 1022 2128 cir.
1042 2079 1123 2128 etiam
1139 2079 1247 2129 Luclanl
1289 2107 1293 2117 ι

161 2145 251 2203 erant,
269 2146 360 2194 vivum
376 2146 403 2194 in
421 2145 517 2196 scrobe
538 2145 683 2207 defodiunt,
723 2149 787 2200 Dial.
802 2164 869 2200 mer.
879 2151 915 2211 l..
929 2153 993 2202 item
1004 2151 1038 2202 de
1049 2153 1246 2218 μαγγανείαις,

160 2222 191 2268 ut
211 2221 269 2270 eius
286 2219 402 2270 medulla
425 2224 452 2271 et
474 2222 590 2272 iecinore
607 2224 686 2272 uian—
722 2222 909 2284 καταδέσεσι,
940 2227 1070 2294 κηρίνοις
1096 2222 1247 2292 μιμήμασι

160 2296 204 2344 tur
220 2294 255 2344 ad
274 2293 369 2359 philtra
391 2297 583 2360 praeparanda.
614 2295 686 2346 liidl-
722 2297 786 2350 Plat.
806 2299 840 2350 de
863 2300 940 2363 Legg.
959 2301 1002 2349 lll.
1021 2313 1048 2363 p.
1067 2300 1124 2350 933.
1160 2303 1246 2364 Atque

160 2366 250 2418 culum
276 2373 379 2429 autem,
408 2369 482 2433 quod
511 2383 605 2420 senem
630 2374 684 2420 iam
721 2385 832 2436 prorsus
849 2371 940 2424 similis
962 2385 1046 2437 puero
1067 2374 1110 2423 hic
1131 2375 1246 2424 mactato

159 2444 263 2508 perdite
281 2447 353 2495 amat
371 2445 490 2508 Canidia,
512 2448 542 2496 ut
557 2447 684 2496 horribile
722 2449 763 2495 est
785 2447 812 2496 iu
834 2447 966 2510 luscrlplt.
991 2459 1027 2496 m.
1047 2448 1102 2497 Lat.
1121 2448 1151 2497 N.
1170 2445 1244 2500 2486.

159 2517 261 2569 lacinus
282 2519 317 2568 ad
335 2533 397 2570 eum
415 2519 465 2570 sihi
488 2519 683 2571 conciliandum
721 2523 748 2571 et
775 2521 873 2584 Meyeri
898 2519 1004 2574 Anthol.
1027 2523 1082 2571 Lat.
1106 2523 1137 2571 N.
1163 2521 1243 2571 4253:

162 2593 251 2643 tacere
268 2606 321 2644 non
338 2597 455 2644 recuset.
482 2595 683 2646 Eiusdemmodi
720 2597 845 2645 iucundus
869 2597 955 2645 tiniae
976 2597 1055 2645 timui
1078 2596 1193 2646 Caesaris
1215 2597 1243 2645 F.

158 2680 238 2730 sagae
271 2679 303 2716 ac
330 2668 468 2719 veneficae
501 2674 684 2720 memorantur
712 2666 817 2732 'Gryphi
835 2675 859 2719 at
876 2670 977 2719 Vitatis:
1005 2671 1034 2718 ln
1051 2674 1171 2730 quartam
1186 2683 1245 2718 sur-

158 2741 230 2806 apud
249 2742 369 2792 Tacitum
386 2744 494 2793 Lacinia
510 2748 537 2793 et
553 2746 682 2805 Martina,
720 2757 779 2808 pens
799 2757 958 2806 comperimus
983 2744 1110 2804 deprimor
1135 2756 1244 2804 annum,

158 2817 318 2880 egregieque
342 2819 427 2867 totum
450 2819 501 2868 hoc
524 2819 683 2869 seminarum
721 2819 782 2867 Cum
794 2831 891 2878 possem
906 2817 985 2868 matri
1000 2817 1078 2865 datas
1092 2821 1116 2866 et
1130 2829 1181 2865 esse
1193 2830 1246 2878 pa-

157 2903 242 2953 geuus
267 2891 410 2955 descripsit
432 2892 506 2941 ovid.
531 2895 589 2942 Am.
610 2894 637 2952 l,
656 2895 681 2944 8.
720 2893 761 2942 tri.
781 2893 882 2953 Eripuit
897 2903 937 2940 urs
953 2903 1017 2953 sapa
1032 2903 1123 2940 munic
1139 2891 1246 2942 cmdstis
1267 2910 1273 2918 ·

158 2964 302 3028 Dipsadem
328 2964 464 3029 quandam
490 2976 581 3028 sagum
606 2965 683 3016 nohis
720 2965 823 3026 ubique,
842 2967 904 3016 thim
914 2970 999 3014 manet
1016 2965 1042 3013 in
1057 2964 1132 3014 terris
1141 2969 1165 3013 at
1174 2969 1245 3014 nocet

156 3043 218 3088 ante
243 3037 334 3088 oculas
361 3052 472 3103 ponens.
503 3038 583 3100 Quid,
610 3041 682 3103 quod
721 3045 776 3089 arte
792 3053 847 3088 naa.
887 3041 932 3088 l'as
951 3044 1045 3088 vestros
1063 3044 1136 3088 natos
1152 3053 1244 3088 conar-

157 3112 230 3162 idem
247 3114 350 3163 crimen
367 3113 492 3164 haeserat
512 3114 565 3163 iam
586 3115 612 3163 in
630 3115 684 3164 Ve—
719 3114 806 3163 stodiis
828 3118 955 3176 parmtes,
982 3113 1020 3162 Ne
1044 3113 1116 3162 dolor
1140 3114 1167 3162 in
1194 3119 1244 3164 tato

156 3187 238 3238 tirrici
267 3188 321 3238 Cic.
344 3188 403 3238 Vct.
426 3188 456 3237 6:
486 3199 543 3237 esim
568 3189 683 3238 inaudita
716 3193 816 3250 pectora
831 3190 900 3252 doru
916 3193 969 3246 eat;
987 3188 1060 3237 uode
1078 3185 1243 3249 colligcsioti

156 3275 187 3312 ac
210 3261 316 3326 nefaria
343 3275 420 3312 sacra
448 3263 596 3325 acceperu,
625 3277 683 3313 cnm
719 3264 782 3314 huic
798 3261 1243 3327 Epodomiriflceoonvenirecum

154 3336 294 3399 inferorum
310 3337 520 3398 animantiam,
538 3349 595 3387 ann
608 3351 682 3400 pne-
719 3337 910 3402 superstitiosis
931 3335 1014 3386 seculi
1036 3337 1162 3399 Augustei
1185 3337 1244 3400 opi-

154 3424 264 3460 rornm
285 3412 367 3460 eatis
389 3413 447 3460 deos
466 3423 553 3461 manes
569 3415 683 3461 mactare
719 3411 851 3462 niouihus.
864 3437 893 3448 -
914 3412 987 3470 Quae
1000 3411 1090 3460 autem
1103 3409 1243 3461 hlitscher-

153 3486 233 3536 soleas
261 3488 313 3536 cet.
349 3485 478 3549 Singulari
507 3488 597 3536 autem
624 3489 681 3536 arte
717 3484 770 3536 lich
792 3487 818 3536 in
839 3485 978 3548 prooemio
1003 3483 1093 3544 alleri,
1120 3485 1243 3548 exiguam

157 3561 280 3612 lloraiius
297 3562 455 3625 praestigias
473 3561 553 3610 husos
565 3562 682 3623 magicas
718 3559 819 3611 habent
831 3560 887 3608 veri
899 3559 1032 3623 speciem
1051 3559 1151 3608 etenim
1162 3559 1243 3610 animi

156 3635 289 3700 expressit
302 3638 329 3686 et
345 3635 388 3686 hic
399 3638 425 3685 ct
436 3634 520 3700 Epod.
534 3636 573 3684 ll.
588 3638 615 3685 ei
626 3635 679 3684 Sat.
718 3636 805 3699 potius
817 3645 898 3683 cause
917 3633 1046 3682 famosam
1059 3645 1166 3694 magam
1178 3646 1243 3683 exs-

155 3711 222 3771 l,8‚
237 3708 354 3774 llsqq.,
374 3710 441 3760 adeo
459 3713 488 3760 ut
506 3708 680 3759 recordemur
717 3709 808 3772 gitavit
832 3709 924 3771 poeta,
952 3720 1033 3770 quam
1055 3707 1157 3758 amicae
1179 3707 1242 3760 olim

153 3783 291 3849 Apuleiani
320 3783 388 3835 illius
413 3785 439 3834 ln
466 3781 542 3848 Apol.
569 3796 596 3847 p.
621 3781 678 3833 out.
717 3781 851 3846 supernae
868 3781 970 3831 fastidia
989 3783 1061 3842 ium,
1080 3781 1242 3832 cumveiula

154 3859 239 3908 oud:
258 3859 347 3922 Alapta
364 3859 463 3908 istan
480 3871 521 3909 res
536 3863 572 3908 est
588 3857 682 3921 naun
717 3859 785 3909 tacta
812 3857 896 3916 esset,
924 3853 1009 3904 ulium
1034 3855 1088 3905 ivit.
1130 3855 1182 3905 Cir.
1207 3855 1242 3904 ad

153 3933 275 3996 delcpam
295 3958 311 3969 ·
332 3959 346 3969 -
362 3933 444 3996 lpitur
468 3938 491 3983 ct
508 3932 606 3982 camilia
630 3945 681 3981 non
717 3933 809 3992 Odi,
829 3931 869 3980 46.
889 3956 919 3966 -
938 3930 1054 3980 Tametsi
1071 3929 1120 3979 tuit
1136 3941 1241 3979 revera

152 4007 236 4058 minus
251 4021 328 4068 putam
349 4013 415 4058 tetra
431 4011 455 4057 et
468 4007 608 4068 horribilis,
623 4005 680 4069 pla-
717 4007 825 4058 Canidia
835 4019 900 4069 gens
912 4003 1016 4069 plebeia
1031 4003 1087 4066 (cir.
1100 4015 1241 4052 nummum

151 4095 259 4144 nanque
280 4082 391 4132 nortiam
405 4083 513 4146 cipitata
529 4087 553 4131 et
575 4080 680 4131 tumim
716 4081 775 4132 aevi
791 4083 857 4143 Aug.
872 4078 943 4143 apud
958 4076 1058 4128 Eclnel
1075 4077 1105 4126 D.
1124 4077 1154 4126 N.
1174 4077 1198 4126 t.
1211 4089 1239 4139 p.

152 4157 269 4207 chrima
289 4156 433 4207 staminis
455 4157 572 4206 solitaria
582 4160 606 4204 at
622 4167 679 4203 amr·
717 4156 773 4205 tot.
793 4157 821 4204 et
834 4151 896 4203 vell.
911 4155 967 4203 Pal.
981 4153 1012 4212 i,
1030 4151 1072 4200 85.
1090 4147 1124 4198 ad
1136 4148 1241 4198 Actium

151 4232 259 4282 niinihiu
278 4237 447 4282 munnnrata.
470 4259 496 4268 -
520 4231 632 4294 Propter
651 4242 676 4278 v.
715 4231 742 4278 in
763 4234 833 4279 terra
855 4229 963 4278 mantum
985 4224 1123 4275 sancitum
1140 4222 1241 4274 Antonii

152 4307 192 4358 ts.
212 4305 322 4358 sceleris
339 4319 449 4357 scenam
469 4303 577 4370 Neapoli
595 4302 678 4356 collo·
714 4303 815 4367 repebat
838 4301 986 4362 canidius),
1013 4297 1173 4348 scholiastae
1199 4300 1240 4348 ta-
