3078 4978
582 433 641 483 irs.
678 434 775 484 annu.
794 435 824 483 v.
1219 433 1280 498 533

180 589 258 638 hanc
279 589 369 639 vicem
387 589 621 655 (li'eclsseisoii)
639 591 795 652 hominum,
815 605 846 640 ex
865 605 916 655 qua
934 592 986 641 hoe
1004 592 1113 652 iustum,
1133 591 1196 642 iliud
1213 594 1281 642 iniu-

178 675 260 722 stum
281 675 349 722 est.»
384 673 407 734 3)
426 673 575 724 «veneficia
592 673 704 724 multum
722 674 831 737 quidem
847 674 950 735 valent,
969 674 1017 726 sed
1034 689 1088 725 non
1104 678 1217 739 possunt
1231 690 1279 740 pro

179 755 345 807 hominibus
366 756 487 815 efficere,
514 759 544 808 ut
562 760 654 808 natura
672 757 750 821 aequi
769 761 796 806 et
814 757 909 821 iniqui,
937 761 966 807 ut
983 759 1021 809 tas
1040 759 1067 808 et
1084 760 1172 820 nelos,
1194 763 1223 811 ut
1239 761 1279 810 ius

177 845 207 890 et
235 840 336 890 iniuria
363 842 524 890 mutentur.»
568 841 591 902 i)
619 841 768 891 «veneficia
804 855 857 891 non
893 845 1005 905 possunt
1038 855 1113 892 more
1145 841 1279 906 modoque

179 924 333 973 hominum
359 923 397 986 (ut
420 924 542 974 homines
568 924 702 974 interdum
725 924 862 986 conantur)
886 925 1049 988 permiscere
1071 925 1111 976 ias
1131 928 1158 976 et
1179 925 1279 976 nelos.»

178 1007 203 1068 5)
226 1005 389 1056 «Veneficio
415 1005 527 1057 multum
554 1007 663 1070 quidem
689 1005 792 1066 valent,
821 1007 889 1057 adeo
913 1009 942 1057 ut
965 1007 1128 1058 confundant
1144 1007 1278 1060 interdum

178 1089 223 1140 ias
253 1092 285 1138 et
311 1089 384 1138 netas
411 1089 448 1153 (ut
470 1089 525 1140 iere
552 1092 654 1141 Seneca
682 1092 808 1140 Controv.
829 1092 859 1150 i,
878 1091 910 1139 i:
940 1092 1041 1154 Moysis
1065 1092 1196 1142 sceleribus
1219 1095 1280 1142 iuro

178 1178 303 1223 umorue
323 1174 473 1236 ἐπίσκοπος
500 1175 527 1223 at
548 1187 600 1223 non
624 1176 737 1238 possunt
759 1173 945 1224 condicionem
964 1173 1115 1224 mortalium
1133 1177 1236 1225 mutare
1253 1179 1281 1225 et

180 1257 314 1317 efficere,
334 1269 387 1320 quo
400 1257 487 1307 minus
499 1257 636 1307 veneficae
649 1255 753 1308 talionis
766 1259 838 1318 iure,
857 1259 914 1321 pari
926 1256 1055 1316 vindicta,
1074 1270 1175 1322 poenus
1190 1259 1279 1309 dent.»

181 1341 278 1400 Quam
305 1339 414 1404 quidem
440 1340 559 1391 Lambini
581 1342 827 1404 interpretationem
845 1354 916 1392 nunc
934 1353 1029 1392 omnes
1048 1342 1103 1392 iere
1120 1345 1278 1406 sequuntur,

181 1425 237 1475 etsi
266 1423 334 1472 dura
361 1425 402 1495 est
426 1424 605 1474 constructio:
639 1425 724 1474 coleret
747 1430 905 1486 coluerim,
938 1440 988 1476 non
1012 1426 1096 1476 colem
1120 1433 1279 1486 convertere·

182 1507 358 1571 distinguunt
382 1509 489 1558 eutem:
527 1509 639 1570 Vareno,
669 1522 790 1572 manum
816 1509 859 1573 sas
882 1510 1013 1573 cesosque,
1042 1523 1093 1560 non
1117 1511 1201 1560 voterit
1226 1513 1278 1562 cet.

182 1591 334 1656 Eleganter
358 1592 427 1642 hunc
454 1590 573 1642 Lambini
599 1592 730 1642 rationem
756 1593 790 1642 iia
817 1593 949 1656 expressit
971 1591 1158 1644 Pelioviciuus:
1196 1595 1282 1645 i'orte

182 1681 278 1726 vostra
303 1676 412 1738 insumi
436 1675 481 1726 ben
503 1676 555 1737 pue
580 1677 603 1725 te
627 1676 696 1725 lecito
721 1677 886 1726 Είοοίοίοίο
903 1690 958 1726 cose
975 1678 1002 1726 in
1017 1691 1053 1726 un
1069 1677 1233 1741 coitioodcro,
1260 1678 1280 1728 A

182 1759 313 1824 pisctizlo
335 1772 386 1808 non
407 1759 453 1823 pto
473 1773 516 1810 suo
539 1759 591 1810 vect
616 1760 724 1822 inpiicre.
761 1761 861 1810 Verum
886 1761 912 1810 in
936 1773 967 1810 ea
987 1763 1122 1812 nonsatis
1140 1761 1281 1826 respicitur

183 1857 211 1894 v.
231 1843 391 1903 homonum,
421 1843 448 1892 et
471 1843 497 1892 in
513 1843 565 1892 huc
582 1843 708 1893 iracunde
727 1847 754 1893 ct
771 1844 977 1894 concitatissimo
996 1845 1072 1908 pueri
1089 1843 1200 1896 infelicis
1218 1857 1280 1895 oro-

185 1929 262 1978 tione
289 1925 355 1975 milii
380 1939 489 1991 semper
514 1927 592 1977 nimis
616 1926 739 1990 languida
764 1927 821 1978 visa
847 1930 896 1978 est.
932 1928 955 1990 6)
978 1930 1119 1979 Nonnemo
1145 1929 1278 1980 distinxit:

185 2011 215 2062 V.
236 2025 274 2060 m.
293 2010 312 2072 s.
330 2023 356 2058 o.
374 2023 400 2058 o.
418 2023 443 2059 o.
462 2015 618 2060 convertere:
643 2011 781 2060 termnum
803 2012 882 2062 vicem
903 2012 974 2062 Diris
996 2025 1074 2075 apum
1097 2025 1158 2061 vos·
1190 2024 1280 2061 umore

184 2093 329 2157 modoque
346 2093 485 2144 hominum
501 2105 549 2143 vos
567 2093 630 2144 diris
647 2093 802 2154 devovebo;
827 2107 876 2157 ego
894 2093 988 2146 inciam
1005 2095 1044 2156 id,
1077 2095 1149 2158 quod
1165 2095 1281 2145 homini-

185 2177 241 2229 bus
261 2179 289 2228 ei
307 2189 467 2226 concessum
485 2179 512 2227 et
529 2175 635 2228 solitum
653 2179 719 2228 est.»
754 2177 777 2241 7)
797 2179 912 2228 «i'eneno
928 2191 1049 2242 mpetum
1067 2177 1176 2240 troierit,
1204 2175 1281 2249 φάρ-

185 2277 275 2328 μακα
291 2260 366 2326 μέγα
382 2275 409 2311 τι
426 2257 572 2324 δύναται),
588 2261 630 2324 sos
646 2262 764 2325 rususque
780 2262 1085 2324 cotesto-terersorsvolcntJ
1106 2261 1279 2326 (convertero)

186 2348 271 2397 οίοοηι
289 2346 438 2407 hermetem,
458 2349 561 2396 mutare
579 2358 681 2409 poenus
698 2344 820 2396 scelestis
837 2335 974 2396 suiuus.»
992 2347 1092 2396 Bosms.
1127 2346 1151 2410 8)
1171 2347 1279 2410 migne,

187 2432 226 2481 ait
243 2442 330 2494 puer,
359 2429 510 2480 «veneticae
529 2427 675 2480 scelestae!
703 2443 767 2493 ergo
791 2443 877 2494 neque
895 2428 1017 2481 infantilis
1039 2431 1188 2482 innocentia
1205 2443 1279 2490 mea,

188 2528 283 2580 neque
310 2513 398 2566 scelus
424 2515 541 2564 immane
558 2516 678 2564 vestrum
696 2513 749 2564 ulio
766 2513 848 2565 modo
864 2528 977 2579 superos
994 2527 1103 2566 movere
1120 2514 1225 2575 valent,
1252 2518 1282 2566 ut

188 2599 318 2650 instantia
344 2599 412 2649 hoec
438 2599 502 2648 mihi
527 2598 579 2647 iota
605 2599 730 2648 mutent‘i
759 2600 793 2649 st
809 2599 1028 2664 quandoquidem
1045 2611 1125 2650 nemo
1142 2600 1282 2650 hominum

188 2684 249 2734 iure
277 2681 319 2732 vel
345 2683 438 2732 iniuria
464 2693 570 2732 summa
596 2681 647 2732 iota
673 2695 803 2745 superare
822 2685 911 2746 potest
927 2685 955 2733 et
971 2683 1035 2733 mihi
1053 2683 1223 2747 pereundum
1241 2684 1283 2733 cst

187 2767 289 2818 vestris
307 2765 459 2825 veneficiis,
479 2779 531 2829 quo
550 2765 630 2814 modo
647 2767 758 2828 potero,
777 2765 891 2816 ulciscor
903 2779 967 2816 vos:
987 2767 1052 2816 diris
1065 2778 1112 2815 vos
1125 2765 1279 2829 cxngitahoo

190 2853 244 2901 eet.
270 2851 330 2900 Fas.
365 2849 389 2912 9)
407 2849 539 2900 Latinitati
555 2851 701 2912 repugnat,
722 2849 793 2912 quod
812 2861 898 2913 nuper
912 2851 1048 2913 interpres
1066 2849 1176 2912 quidam
1193 2849 1284 2913 opine-

190 2937 235 2986 tus
253 2937 309 2996 est,
327 2947 370 2983 vv.
388 2933 429 2997 sas
445 2932 564 2995 cesosque
580 2945 684 2982 merum
702 2945 763 2983 esse
781 2931 1009 2984 exclamationem.

259 3016 299 3067 Ad
316 3031 358 3067 w.
375 3018 417 3079 ies
440 3017 560 3080 nefasque
584 3014 677 3066 similia
703 3014 828 3066 nonnulla
852 3016 895 3065 hic
921 3015 1045 3080 colligere
1064 3017 1144 3066 iuvat.
1181 3017 1281 3066 Verum

190 3113 304 3152 sensum
321 3101 421 3164 optime
438 3101 524 3164 aperit
539 3099 690 3151 Andocides
708 3101 742 3150 de
760 3101 892 3164 mysteriis
910 3101 942 3150 t:
972 3095 1026 3164 τὴν
1043 3099 1209 3170 προθυμίαν
1225 3096 1282 3150 τῶν

191 3180 307 3254 ἐχθρῶν
332 3181 389 3234 τῶν
414 3181 508 3248 ἐμῶν,
537 3175 605 3234 ὥστ’
624 3183 675 3250 ἐμὲ
700 3181 797 3246 κακῶς
814 3189 906 3234 ποιεῖν
929 3182 961 3234 ἐκ
978 3178 1085 3246 παντὸς
1101 3179 1211 3253 τρόπου
1229 3185 1281 3234 καί

190 3265 310 3332 δικαίως
335 3269 385 3318 καί
409 3262 523 3330 ἀδίκως.
559 3269 663 3320 Pindor.
691 3268 729 3319 Ol.
755 3270 785 3328 Ξ,
805 3270 852 3319 ⁴5:
883 3264 992 3319 τῶνδὲ
1013 3261 1281 3339 πεπραγμένωνἝν

191 3351 261 3421 δίκᾳ
277 3367 307 3403 rs
325 3353 374 3402 καί
386 3349 465 3424 παρὰ
476 3351 566 3404 δίκαν.
603 3352 725 3417 Aeschyl.
740 3353 859 3418 Choeph.
873 3353 921 3402 78:
941 3350 1046 3404 Δίκαια
1057 3353 1107 3403 καί
1117 3348 1159 3419 μὴ
1173 3350 1280 3404 δίκαια.

193 3438 275 3504 Soph.
289 3438 355 3490 Oed.
368 3440 429 3502 Tyr.
444 3437 492 3488 300
504 3452 510 3486 :
524 3429 559 3487 'st
577 3433 671 3487 πάντα
688 3433 802 3503 νωμῶν,
822 3437 969 3507 Τειρεσία,
987 3433 1104 3488 διδακτά
1121 3430 1282 3508 τεἌρῥηπά

192 3524 216 3572 τ’
237 3516 360 3594 οὖράνιά
376 3536 407 3572 τε
423 3521 473 3572 καί
490 3518 680 3587 χθονοστιβῆ.
716 3521 850 3585 Aristoph.
870 3522 917 3584 Eq.
936 3522 1002 3572 256:
1031 3522 1081 3572 καί
1106 3520 1204 3572 δίκαια
1227 3513 1282 3572 κᾶ-

193 3605 269 3658 δικα.
306 3606 371 3658 Piut.
399 3607 463 3658 233:
493 3606 544 3656 καί
567 3604 685 3669 δικαίως
709 3599 842 3669 κάδίκως.
878 3605 967 3669 Eurip.
987 3607 1049 3656 inus
1066 3607 1107 3658 Fr.
1128 3606 1175 3657 ts:
1204 3602 1283 3672 Σύμ-

193 3706 283 3756 pum
307 3687 350 3758 μή
375 3687 474 3742 δίκαια
496 3691 547 3741 καί
571 3688 656 3741 δίκαι’
682 3684 769 3755 ὁμοῦ.
811 3690 881 3753 Virg.
909 3692 1004 3754 Georg.
1032 3691 1059 3752 i,
1084 3691 1150 3741 uos:
1179 3691 1222 3742 obt
1242 3692 1284 3755 sos

193 3789 294 3827 uersum
310 3781 385 3838 utputo
400 3777 479 3839 nesus.
515 3779 579 3826 Aen.
594 3774 700 3835 susm
719 3775 798 3838 ‹itpno
814 3779 889 3836 atque
905 3775 1010 3838 tndlpno
1026 3775 1116 3826 relatu.
1154 3776 1198 3837 ts,
1218 3775 1283 3826 Bit:

195 3861 282 3925 Dipno
298 3861 404 3923 tndtpno
417 3861 482 3921 poti.
519 3860 605 3910 Livius
621 3859 667 3918 29,
683 3858 730 3909 ts:
749 3859 791 3908 sto
807 3860 874 3908 unni
892 3859 976 3908 οίοίπο
992 3859 1150 3921 sonnoque
1166 3859 1284 3909 tiburim

195 3943 292 3994 sceiere.
329 3943 402 3994 Ouid.
422 3945 483 3995 liet.
497 3944 525 4004 6,
539 3942 604 3994 585:
623 3944 712 4007 sasque
727 3943 845 4005 rufasque
861 3942 1003 4005 Confessum
1018 3944 1079 3993 ruit.
1114 3943 1195 3992 Tacit.
1215 3943 1281 3993 Ann.

197 4027 226 4088 i,
245 4029 292 4077 67:
321 4033 411 4089 aperto
426 4032 528 4078 secret-o.
565 4028 610 4087 ⁴5,
630 4027 678 4076 37:
704 4026 839 4088 perlicita
856 4032 932 4089 cique
947 4027 1044 4078 inlicito
1059 4027 1180 4089 foelicius.
1216 4025 1280 4075 Hist.

196 4111 226 4170 2,
246 4113 293 4162 56:
324 4114 350 4160 in
367 4125 439 4162 mnne
460 4112 500 4174 [os
516 4112 634 4175 nefasque
651 4110 720 4160 ovidi
737 4115 782 4160 aot
798 4111 897 4161 ricnotes
920 4125 970 4160 non
993 4124 1083 4170 sacro,
1110 4121 1160 4158 noo
1175 4107 1283 4171 profano

198 4193 359 4244 obstinebunt.

630 4313 846 4321 --———-

629 4327 675 4332 ω.-.
682 4327 845 4334 -..μηθ’-.-η-
