3002 4974
557 387 616 436 tiu.
635 387 665 435 ll.
702 386 731 436 C.
751 388 781 436 X,

509 873 827 937 cmx-

291 1043 420 1112 Rectius
443 1044 547 1122 rives,
571 1044 689 1122 Licini,
713 1066 821 1133 neque
845 1047 944 1112 altum

292 1168 428 1254 Semper
448 1167 596 1254 urgendo
618 1187 742 1254 neque,
767 1167 845 1232 dum
868 1168 1027 1254 procellas

185 1377 216 1426 x.
244 1377 327 1426 lusor.
346 1373 414 1437 volg.
438 1374 476 1424 Ad
492 1376 628 1438 ticianum,
658 1377 685 1424 et
702 1376 741 1426 sic
758 1377 783 1428 S,
806 1403 832 1410 —
852 1377 975 1425 Liciniam
991 1376 1128 1438 alloquitor
1144 1393 1174 1428 nc

154 1463 250 1511 seraper
271 1463 368 1513 magna
390 1453 488 1510 ternptct
509 1450 558 1498 BT.
586 1477 614 1485 -
632 1449 670 1499 Ad
691 1451 815 1500 ticinium
836 1451 970 1499 Murenam
990 1451 1110 1512 optimam
1127 1466 1177 1502 ease

153 1527 263 1574 inedium
279 1524 307 1584 b,
326 1526 390 1574 item
408 1537 431 1584 c,
451 1524 553 1574 addens
570 1525 646 1574 vitae.

153 1712 184 1761 x.
213 1713 242 1760 L.
270 1711 385 1760 Licinius
408 1711 517 1760 Murena
540 1711 649 1774 proprio
688 1711 761 1774 apud
787 1713 984 1771 Maecenatem,
1019 1715 1095 1762 cuius
1121 1715 1210 1764 uxoris

122 1787 243 1844 nomine,
257 1784 553 1845 tiliustllurenaeillius,
566 1798 649 1849 quem
687 1787 825 1836 Terentiae
851 1799 901 1849 per
934 1785 1105 1849 adoptionem
1131 1788 1213 1838 trater

121 1862 216 1911 Cicero
234 1859 369 1920 defendit,
397 1861 489 1922 postea
516 1873 566 1922 per
582 1858 650 1908 ado·
688 1863 758 1920 erat,
785 1874 820 1910 an
844 1859 990 1911 occultiore
1013 1861 1123 1912 consilio
1146 1875 1212 1914 usus

120 1938 242 1999 ptionem
267 1937 298 1985 Α.
325 1935 465 1984 Terentius
490 1935 573 1984 Varro
590 1935 649 1985 Mu·
688 1935 827 1985 hominem
844 1935 1044 1998 imprudentem
1060 1936 1094 1986 ab
1114 1939 1213 1988 insanis

121 2024 187 2060 rena
211 2011 287 2071 (Fast.
308 2009 383 2072 Cap.)
406 2007 567 2072 appellatus,
595 2009 649 2058 tra·
688 2012 812 2073 inceptis,
840 2023 909 2073 quae
935 2011 959 2060 ei
985 2025 1081 2062 necem
1104 2011 1210 2062 tandem

120 2089 161 2136 ter
182 2087 212 2134 C.
231 2083 361 2134 Proculeit
382 2082 464 2144 illius,
483 2086 528 2147 qui
539 2085 649 2147 propter
687 2084 845 2144 attulerunt,
858 2085 994 2134 dehortari
1006 2085 1127 2136 voluerit.
1147 2088 1209 2136 Cer·

119 2161 253 2221 insignem
283 2159 308 2207 in
335 2157 431 2208 iratres
464 2157 649 2208 liberalitatem
688 2162 713 2208 te
730 2158 773 2208 vel
784 2159 942 2222 providente
958 2161 1037 2222 poeta
1053 2159 1096 2208 vel
1114 2161 1211 2223 impru-

119 2233 291 2298 praedicatur
302 2231 351 2281 0d.
365 2233 434 2294 w,
450 2234 491 2292 5.,
511 2235 538 2282 et
548 2233 650 2282 Teren·
688 2235 768 2284 dente
786 2247 896 2282 carmen
914 2232 995 2282 veluti
1011 2235 1166 2284 vaticinium
1177 2234 1211 2283 de

121 2311 174 2358 tiae
202 2307 377 2367 Maecenatis,
413 2301 529 2376 ἀκράτῳ
557 2307 650 2370 (inquit
687 2309 786 2358 misero
821 2307 912 2358 Licinii
947 2309 1018 2356 exitu
1054 2307 1211 2370 aequalibus

119 2381 280 2442 naneae)
298 2381 347 2430 nat
367 2386 524 2450 κατακορεῖ
539 2373 649 2449 nappa-
686 2383 771 2432 videri
797 2381 923 2432 debebat.
959 2383 1014 2430 lam
1041 2383 1090 2432 etsi
1108 2382 1211 2432 definiri

118 2457 172 2524 σίᾳ
193 2450 267 2525 πρὸς
287 2451 397 2516 πάντας
408 2449 519 2519 ὁμοίως
531 2451 647 2526 ἐχρῆτο.
688 2459 793 2521 nequit,
822 2469 875 2519 quo
892 2470 962 2506 anno
981 2459 1159 2521 compositum
1179 2458 1211 2506 sit

119 2534 208 2582 Homo
242 2531 321 2592 igitur
359 2528 528 2580 turbulentus
568 2533 648 2593 atque
690 2559 716 2568 -
736 2532 866 2581 fluctuant
883 2531 951 2580 inter
969 2545 1052 2582 annos
1070 2531 1130 2592 rat,
1153 2532 1209 2591 728,

117 2605 280 2658 ambitiosus
299 2606 409 2667 angusti
439 2605 648 2655 dominationem
687 2606 744 2656 734.
766 2634 803 2668 -,
828 2607 926 2656 mirum
944 2609 1001 2667 est,
1032 2619 1119 2669 aeque
1148 2605 1212 2656 illud

117 2680 220 2732 acerbe
239 2679 372 2740 exagitare
390 2677 494 2730 solebat
511 2692 648 2742 novasque
686 2682 793 2743 utrique
817 2681 906 2730 lavere
930 2681 1046 2744 opinioni
1069 2683 1123 2730 tres
1146 2683 1213 2732 Car·

117 2771 163 2806 res
182 2767 292 2818 semper
310 2753 406 2804 moliri.
441 2756 514 2804 initis
531 2754 648 2817 denique
688 2755 789 2804 minum
807 2753 890 2806 libros
908 2755 994 2804 editos
1012 2769 1071 2805 esse
1089 2757 1136 2804 aut
1152 2756 1209 2805 73⁴.

118 2845 183 2882 curn
201 2829 299 2879 Fannio
318 2829 452 2893 Caepione
471 2830 582 2892 Augusti
601 2842 648 2878 oc·
688 2829 820 2894 (Franke),
839 2831 913 2880 certe
929 2831 989 2878 ante
1002 2831 1091 2878 Licinii
1103 2843 1209 2890 necem,

118 2904 228 2958 cidendi
254 2903 370 2954 consiliis
405 2905 490 2967 iisque
519 2905 647 2964 detectis,
686 2907 733 2953 aut
755 2904 812 2952 736.
834 2903 965 2966 (Ltiblrer),
990 2915 1052 2952 cum
1077 2902 1207 2967 plerique,

117 2980 201 3032 ambo
219 2993 234 3028 a
252 2978 356 3028 Tiberio
374 2979 412 3028 rei
435 2977 496 3028 lacti
517 2982 558 3039 et,
586 2991 648 3028 cum
686 2980 745 3042 ipse
758 2979 838 3027 etiam
849 2979 990 3028 Maecenas
1003 2990 1064 3026 cum
1077 2978 1209 3036 Terentia,

118 3053 395 3106 diedictainiudicio
411 3067 464 3104 non
480 3056 649 3118 comparuis-
687 3053 751 3102 satis
785 3053 838 3102 iam
872 3052 987 3101 hominis
1021 3053 1156 3100 temerarii
1181 3065 1212 3101 ac

118 3133 195 3190 sent,
215 3128 342 3180 absentes
354 3128 445 3180 exsilio
457 3130 575 3180 damnati
586 3132 649 3180 sunt
687 3127 782 3178 merito
800 3125 930 3190 supplicio
948 3125 1035 3175 affecti
1053 3128 1144 3175 essent
1161 3125 1212 3175 ob·

120 3209 149 3256 et
165 3203 255 3269 paullo
272 3206 335 3268 post
352 3205 439 3253 necati
456 3218 480 3253 a.
500 3218 526 3254 u.
541 3218 565 3254 c.
579 3205 647 3267 734,
686 3201 740 3262 liti,
759 3202 794 3250 ita
812 3201 842 3249 ut
858 3213 892 3248 ne
910 3202 1010 3250 mentio
1028 3200 1137 3262 quidem
1155 3201 1212 3250 eius

118 3293 175 3344 quo
201 3279 259 3342 ipso
285 3291 355 3328 anno
373 3277 467 3328 consul
486 3281 543 3328 erat
565 3279 648 3330 sutie-
686 3275 720 3326 ab
740 3276 848 3326 Horatio
866 3275 933 3326 lacta
952 3277 1077 3339 cuiquam
1095 3277 1163 3325 mira
1180 3289 1212 3324 ac

119 3357 190 3404 ctus.
220 3351 286 3401 Vide
299 3352 396 3402 Baiteri
408 3353 477 3402 Fast.
493 3354 572 3404 Cous.
585 3367 645 3418 pag.
686 3352 861 3417 praepostera
877 3349 962 3400 videri
979 3352 1079 3415 posset.

119 3429 194 3480 LVII.
206 3426 271 3476 Vell.
282 3429 307 3487 t,
321 3427 362 3478 et.
382 3429 454 3478 Suet.
465 3429 555 3478 Octaui.
568 3430 606 3478 ttt.
622 3432 649 3478 et

118 3500 647 3564 66.Dioll.DrumannGesclr.ll.t,t93.
720 3500 808 3552 a-t.
843 3501 953 3564 ltecttaa]
993 3503 1041 3551 «et
1073 3501 1212 3550 honestius

120 3578 251 3628 Licinium
267 3579 345 3640 poeta
360 3578 495 3628 exhortari
513 3577 604 3629 studet
615 3580 649 3629 ad
687 3571 818 3642 (ἠθικῶς)
836 3579 864 3626 et
875 3576 1003 3626 felicius.»
1022 3577 1059 3626 Ex
1071 3575 1211 3639 frequente

120 3651 335 3702 moderationem
344 3655 425 3716 atque
433 3653 648 3704 universaevitae
686 3650 811 3715 allegoria
834 3653 915 3701 vitam
939 3651 1084 3701 humanam
1101 3662 1213 3714 compa-

120 3725 649 3792 acquabilitatem,ipsoquoquedicen-
686 3728 728 3775 rat
745 3739 806 3778 cum
832 3727 1018 3789 navigatione,
1045 3727 1071 3775 in
1089 3738 1141 3788 qua
1160 3737 1212 3774 non

121 3801 147 3852 di
165 3814 265 3864 genere
287 3801 322 3851 ad
343 3805 533 3864 argumentum
550 3805 649 3853 attem-
687 3799 795 3865 expedit
820 3814 931 3852 cursum
948 3815 1055 3865 urgere,
1083 3801 1211 3864 pertinaci

121 3879 224 3938 perato.
246 3903 274 3911 -
295 3875 486 3926 Difficillimum
503 3879 594 3928 autem
611 3877 650 3927 di·
687 3878 775 3928 studio
801 3891 911 3942 semper
935 3879 1050 3942 dirigere
1076 3878 1103 3927 in
1128 3874 1211 3927 altum

122 3951 238 4000 iudicatu
262 3952 315 4011 est,
343 3964 393 4000 nec
412 3950 486 4001 facile
505 3953 648 4014 quisquam
686 3965 776 4013 mare,
795 3966 884 4016 neque
898 3967 1012 4014 proruero
1031 3952 1148 4015 (radere,
1173 3950 1212 4000 le-

123 4028 268 4090 exputarit,
290 4029 380 4076 utrum
392 4026 501 4076 Horatio
513 4027 650 4078 suffecerit
686 4027 757 4090 gere)
785 4025 846 4078 litus
879 4027 1010 4088 iniquam,
1044 4027 1110 4076 mab
1133 4026 1212 4089 fidiam

124 4099 528 4152 Stoicumlocumcommunem
543 4103 648 4166 poetico
687 4103 764 4164 (virg.
793 4104 857 4152 nen.
877 4104 909 4162 t,
929 4103 981 4164 23.)
1008 4103 1119 4166 propter
1143 4099 1212 4148 vada

124 4188 186 4226 cum
220 4177 316 4226 ornatu
348 4189 501 4240 proponere
534 4177 646 4237 Licinio,
686 4176 859 4240 etscopulos.
884 4178 982 4226 bassus
999 4173 1142 4226 inanthol.
1157 4173 1209 4222 Pal.

125 4263 205 4312 quem
232 4250 368 4301 interdum
401 4250 513 4302 fortasse
546 4250 649 4300 viderat
685 4252 715 4302 11.
744 4265 804 4315 pag.
835 4251 900 4300 ato:
929 4245 1009 4314 Μήτε
1034 4264 1071 4313 με
1097 4249 1213 4311 χείματι
