2992 4978
304 424 365 488 402
669 423 813 500 ‚uoanru
833 423 1001 476 cnamuun

304 583 448 633 commissa
466 582 610 633 Maecenati
637 583 698 645 post
718 593 835 644 pugnam
852 581 988 632 Actiacam
1004 579 1095 632 italiae
1118 585 1145 632 et
1162 582 1235 633 urbis
1252 585 1373 634 Romanae

304 679 382 726 cura,
410 667 482 716 initia
500 679 524 714 a.
538 665 595 714 725.
608 665 735 714 recitatae
752 665 779 713 in
797 666 891 714 senatu
908 664 943 715 de
960 664 1075 714 Tiridate
1093 668 1121 715 ei
1137 667 1248 717 Phraate
1265 665 1373 721 litterae.

305 748 429 799 Cantabri
456 763 470 797 a
498 746 597 796 statilio
622 749 709 797 Tauro
735 747 849 809 devicti,
876 749 939 798 Daci
965 751 993 798 et
1017 750 1160 799 Bastarnae
1182 751 1293 814 Scythae
1315 750 1374 798 aii.

304 833 401 884 Crasso
414 831 501 895 iugaii.
537 833 623 882 Unum
641 833 680 890 te,
700 843 753 893 quo
771 832 860 882 minus
873 833 1033 894 assentiare,
1052 832 1214 884 vocabulum
1226 835 1375 892 remoratur,

220 917 224 926 ⁴
303 916 375 980 quod
398 918 476 980 potia
496 913 659 966 Cantabrum
682 927 743 964 sera
761 917 855 963 catana
872 914 1003 965 domitum
1024 914 1096 965 dicit.
1132 916 1185 966 Sed
1202 931 1250 967 cur
1266 929 1312 966 eos
1329 929 1375 966 non

303 1000 374 1050 dicat
390 1001 444 1050 iam
461 999 562 1048 dudum
589 996 715 1046 debuisse
741 996 840 1061 populo
857 999 977 1049 Romano
1003 1000 1182 1051 servitutem?
1211 1013 1274 1050 num
1298 1001 1377 1050 Livius

303 1081 379 1132 aliter
395 1083 441 1142 28,
462 1083 524 1132 tui
558 1083 628 1132 Num
644 1080 720 1132 aliter
736 1080 770 1130 de
789 1081 891 1131 Parthis
908 1095 962 1132 nan
980 1081 1062 1132 modo
1079 1084 1129 1134 sed
1146 1084 1216 1134 Indis
1233 1083 1377 1147 Propertius

303 1167 331 1228 3,
350 1165 379 1227 i,
403 1167 435 1215 δι
466 1165 547 1226 Sara,
572 1166 614 1214 aad
629 1165 744 1214 Amantia
759 1165 841 1214 vmiet
852 1165 988 1226 prouincia
1002 1166 1132 1230 virutum
1177 1166 1304 1230 (Plerique
1321 1166 1377 1217 oiim

303 1248 458 1300 referebant
473 1248 507 1298 ad
524 1261 548 1298 a.
567 1261 594 1298 u.
614 1261 637 1298 c.
656 1247 723 1310 rat.)

368 1336 448 1384 Recte
467 1333 556 1382 Hoeck
574 1331 590 1382 Ι.
609 1331 645 1382 1.:
675 1334 808 1382 Maecenas
823 1346 881 1382 war
897 1333 1046 1398 immanens
1062 1335 1186 1398 tffmtiicb
1202 1334 1319 1384 acaum
1333 1333 1378 1382 teri

303 1418 472 1468 anerkaaater
492 1417 662 1480 Studtprttsact
681 1445 708 1452 -
726 1417 773 1466 mit
791 1417 895 1472 Uareciit
917 1417 961 1466 itat
979 1431 1040 1466 asan
1064 1418 1127 1468 dieas
1143 1431 1190 1468 aas
1207 1416 1272 1467 Veli.
1291 1418 1322 1477 2,
1340 1415 1377 1465 88.

301 1503 464 1566 gemituum,
490 1502 554 1550 detta
579 1501 643 1551 disse
667 1501 837 1565 iicqbtratar
860 1501 949 1550 warde
972 1506 1022 1551 erat
1038 1505 1123 1564 subter
1139 1501 1271 1565 eicqmmt
1290 1527 1315 1536 -
1332 1499 1378 1548 wad

303 1585 361 1636 eben
377 1599 404 1634 so
420 1586 503 1649 wenta
517 1587 592 1650 mss,
618 1598 674 1634 was
689 1585 805 1650 Agrippa
821 1585 891 1646 that,
917 1598 965 1635 cua
987 1585 1032 1635 dar
1048 1585 1193 1648 Hacitttitiia
1213 1585 1302 1648 iryaad
1321 1584 1379 1634 aaa

302 1669 456 1732 bffmiliaitaa
471 1670 561 1720 Amica.
