2998 4980
300 411 360 475 tit
426 438 430 446 -
684 413 811 464 44444444
829 413 997 466 emmona

632 773 866 835 cm
896 773 1049 834 XXVL

469 953 567 1018 Musis
588 953 710 1019 amicus
733 953 891 1020 tristitiam
914 963 947 1018 et
967 960 1071 1018 metus

468 1073 603 1140 Tradam
626 1075 784 1160 protervis
806 1074 839 1138 in
860 1094 948 1139 mare
971 1073 1133 1140 Creticum

365 1276 452 1326 XXVI.
487 1275 569 1324 lnscr.
593 1274 661 1338 volg.
696 1276 734 1326 Ad
754 1273 850 1324 44444444
870 1273 994 1322 44444444.
1021 1299 1048 1308 -
1071 1272 1109 1321 Ad
1129 1273 1215 1322 444444
1234 1273 1264 1323 de
1282 1273 1355 1322 Aetio

334 1349 619 1474 {ffloignfflslamm
634 1350 701 1400 BST.
729 1376 755 1385 -
780 1349 842 1398 Post
866 1359 889 1396 v.
916 1349 940 1398 4.
967 1347 1058 1398 delicit
1082 1346 1147 1398 Cod.
1170 1347 1188 1396 d
1210 1360 1300 1412 usqne
1322 1347 1357 1396 ad

336 1601 422 1652 XXVl.
452 1603 549 1665 444444,
568 1603 610 1652 cui
631 1604 702 1654 totus
718 1601 824 1654 deditus
860 1604 922 1651 ante
943 1600 1031 1664 lugam
1051 1599 1187 1661 Tiridatis,
1211 1603 1288 1651 certe
1312 1603 1388 1650 4444-

301 1689 345 1726 res
370 1678 444 1727 extra
470 1689 513 1728 me
539 1678 639 1742 positas
660 1676 723 1727 nihil
749 1690 822 1737 44444,
861 1687 942 1740 quarn
960 1675 993 1726 de
1016 1689 1049 1726 ea
1067 1676 1173 1726 nuntius
1191 1677 1308 1726 Romam
1325 1689 1387 1740 per-

302 1749 409 1800 celebra
426 1752 546 1802 Lamiam
563 1754 685 1802 4444444444
715 1752 743 1801 L.
763 1751 824 1814 (non
860 1750 928 1801 latus
954 1753 1052 1801 esset.»
1085 1752 1194 1802 44444444,
1235 1751 1279 1801 nd
1306 1761 1387 1814 quem

301 1825 341 1888 Q.)
359 1824 448 1876 Aelius
465 1827 554 1882 Lamia
571 1823 823 1889 nobilissimagente
860 1825 928 1875 haec
954 1824 1046 1875 scribit
1070 1826 1237 1877 messianus
1263 1840 1293 1891 p.
1325 1823 1385 1876 444

301 1902 375 1949 ortus
393 1897 484 1949 consul
501 1913 525 1948 a.
544 1913 571 1948 u.
586 1912 609 1950 c.
622 1901 680 1950 756.
708 1899 822 1950 (14404,
862 1899 1025 1960 «concedes,
1044 1897 1171 1960 44444144,
1190 1898 1294 1961 aliquot
1313 1899 1386 1949 annis

302 1973 327 2034 3,
347 1973 387 2033 47,
402 1973 424 2023 4.
444 1973 510 2037 Epp.
524 1973 549 2033 4,
563 1973 604 2035 44,
617 1975 641 2023 6.
661 1975 741 2024 Tacit.
754 1975 823 2025 Anu.
860 1975 934 2038 prius
957 1974 1008 2023 4444
1026 1985 1135 2024 carmen
1156 1973 1237 2024 scribi
1254 1975 1385 2039 potuisse.

303 2048 327 2106 6,
346 2047 398 2107 27,
416 2046 463 2098 ubi
480 2046 513 2097 ad
526 2060 586 2097 ann.
600 2061 627 2097 u.
646 2061 670 2098 c.
690 2049 746 2099 786.
767 2049 824 2100 eius
860 2049 899 2099 De
916 2051 1037 2114 tempore
1055 2049 1127 2100 enim
1139 2051 1165 2099 44
1176 2051 1294 2101 lustinus
1305 2050 1386 2100 dece·

302 2133 375 2171 mors
400 2121 522 2172 retertur.
559 2121 632 2185 [Vide
658 2123 823 2187 Excessum.)
860 2124 907 2187 pit,
926 2125 972 2186 qui
1000 2136 1061 2174 cum
1079 2123 1193 2176 deberet
1211 2124 1306 2176 dicere
1327 2133 1387 2174 curn

302 2195 380 2246 Filius
397 2198 438 2247 est
454 2198 482 2246 L.
502 2195 567 2247 Aelii
585 2198 700 2260 Lamiae,
721 2201 826 2262 praeto-
860 2197 1061 2259 1444445448.
1081 2199 1108 2248 in
1123 2199 1213 2249 Asiam
1233 2199 1268 2249 ad
1288 2199 1387 2250 Caesa-

302 2272 380 2321 risa.
399 2284 425 2320 u.
445 2283 468 2320 c.
487 2271 548 2334 744,
573 2284 654 2334 quem
671 2273 825 2336 frequenter
861 2285 919 2322 rem
936 2271 1086 2336 profugisse
1098 2273 1238 2335 Tiridaten,
1256 2283 1385 2338 perverse

302 2344 392 2396 laudnt
426 2345 518 2395 Cicero
556 2345 589 2408 (v.
625 2347 825 2397 Onomasticunr
862 2347 889 2397 in
914 2347 1038 2411 Hispania
1061 2345 1162 2397 bellurn
1185 2354 1243 2398 4444
1268 2345 1387 2409 4444444444

303 2419 413 2482 meum).
443 2419 511 2470 Cum
528 2419 580 2470 boc
592 2433 701 2471 carmen
718 2433 827 2484 campo-
861 2425 985 2486 444444444
1002 2421 1156 2484 somniavit,
1180 2421 1253 2485 quod
1275 2419 1386 2472 videbat

274 2493 276 2496 ’
303 2495 420 2554 seretur,
439 2493 585 2544 admodum
602 2493 758 2546 adolescens
771 2495 826 2546 4444-
862 2496 976 2559 Trogum
1001 2494 1148 2548 subiecisse
1175 2496 1207 2561 (ὅ.
1234 2497 1287 2560 40.)
1318 2505 1385 2560 qnae

302 2571 337 2619 rit
353 2581 464 2618 necesse
482 2570 531 2630 est,
550 2570 629 2632 atquc
646 2568 689 2620 vel
706 2571 766 2620 ideo
783 2572 826 2620 in·
861 2573 922 2635 post
946 2571 1014 2621 baec
1035 2571 1108 2622 finito
1127 2572 1296 2636 Hispaniensi
1317 2567 1386 2620 bello

303 2640 430 2694 credibile
459 2641 564 2693 videtur
597 2656 659 2693 eum
689 2645 825 2695 hominem
862 2647 937 2708 gesta
957 2648 1079 2696 essent.»
1113 2648 1200 2710 Atque
1222 2643 1385 2698 Lachmanni

303 2718 383 2768 luisse
410 2713 621 2784 μελαγχολικὸν
649 2720 676 2768 44
708 2719 823 2781 anxium,
862 2721 1020 2771 sententium
1054 2721 1195 2772 confirmat
1225 2721 1329 2785 Virgilii
1361 2719 1384 2767 in

303 2795 332 2842 ut
355 2790 447 2841 volunt
474 2791 604 2853 nonnulli,
634 2793 716 2844 immo
744 2792 825 2844 nobili
862 2795 995 2858 Georgicis
1013 2809 1037 2844 4.
1055 2809 1082 2846 u.
1103 2795 1196 2846 elil.
1216 2795 1295 2846 editis
1314 2796 1384 2846 locas

302 2865 500 2919 adolescentulo
529 2868 586 2918 sine
620 2869 700 2918 nimio
733 2868 824 2919 labore
861 2869 929 2920 inira
946 2869 1022 2919 adv.
1041 2869 1066 2920 3.
1086 2871 1241 2935 exscriptus.

302 2943 443 3006 gratificari
469 2940 552 2992 voluit
576 2942 627 2992 hoc
652 2943 775 2993 odarium
800 2945 825 2994 ei

302 3019 419 3076 mittens,
428 3017 744 3068 cumianioremamicum
750 3019 825 3083 poesi

303 3092 354 3142 hac
377 3105 444 3142 nova
469 3093 502 3156 (v.
526 3091 576 3154 40.)
598 3090 724 3143 delectari
740 3092 824 3157 probe
860 3057 1063 3120 veniquernque
1075 3059 1183 3108 tuentur
1192 3059 1292 3118 blasae,
1308 3065 1384 3108 curas

303 3168 391 3217 sciret.
423 3165 475 3216 «Ex
493 3179 535 3216 vv.
554 3166 609 3217 3-4.
623 3165 706 3229 liquet
717 3181 825 3218 carmen
862 3145 955 3255 gance
970 3130 1129 3216 ¹⁰⁰⁸f³³me
1138 3130 1235 3218 ,9911οῶ
1256 3127 1383 3225 ’Μ

807 3244 812 3254 .
890 3203 970 3256 4444444
987 3218 1079 3256 rarior.
1098 3207 1172 3256 Ovrd.
1191 3205 1259 3256 Tast.
1280 3207 1310 3267 4,
1339 3203 1380 3256 tu.

303 3243 641 3379 4444444444·
659 3243 826 3381 item
861 3281 1381 3342 4444444444

304 3387 429 3454 expulsus
446 3389 571 3440 Phraates
582 3403 635 3439 una
647 3403 709 3442 cum
722 3393 827 3454 Scythis
894 3391 919 3440 4.
945 3391 1078 3455 protervis]
1095 3389 1170 3441 ldem
1186 3389 1321 3440 ἐπίθετον
1337 3399 1382 3454 pro

304 3467 396 3515 contra
423 3464 555 3513 Tiridaten
580 3477 673 3528 regem
698 3469 824 3531 suscepit.
864 3465 1046 3529 «impetuosis,
1067 3465 1208 3516 4444444444
1232 3465 1278 3515 444
1297 3465 1383 3517 4444444

303 3539 377 3588 Tunc
393 3537 471 3600 igitur
486 3540 514 3587 et
529 3539 579 3603 ipsi
595 3541 692 3603 Parthi,
712 3554 826 3604 quorum
862 3535 944 3604 spon.
964 3541 1003 3602 46,
1023 3543 1063 3592 tt.
1093 3539 1218 3591 Similiter
1234 3541 1339 3591 Lucret.
1358 3537 1380 3594 a,

302 3624 448 3677 permagna
482 3625 544 3676 pars
571 3614 677 3665 Tiridati
710 3615 824 3676 44444444,
862 3617 923 3666 tto:
937 3615 1106 3678 petulantibus
1120 3617 1204 3666 44444.
1232 3615 1304 3678 virg.
1317 3617 1379 3665 Aen.

303 3685 461 3738 metuebant
481 3700 573 3750 regern
591 3689 750 3752 scytharum
767 3703 827 3740 ma·
863 3692 886 3751 t,
905 3689 966 3740 536:
980 3689 1129 3752 4444444444
1143 3690 1249 3739 44444444,
1275 3691 1382 3740 Senten-

303 3773 356 3825 gno
381 3773 442 3811 cum
468 3763 585 3812 exercitu
610 3765 826 3829 appropinquari·
861 3765 897 3815 tin
919 3767 961 3815 444
981 3765 1034 3814 iam
1056 3765 1205 3815 Homerica.
1235 3763 1332 3827 Odyss.
1352 3759 1379 3820 θ,

304 3837 368 3897 tem,
388 3837 415 3885 et
431 3834 559 3888 Tiridates
577 3840 825 3890 summcintimore
862 3838 923 3889 los:
952 3832 1023 3901 ἔπος
1046 3836 1071 3888 d'
1098 3835 1176 3910 einep
1192 3852 1220 3889 u
1243 3837 1381 3900 βέβακται

299 3908 473 3969 versabatur,
492 3923 526 3961 ne
542 3925 624 3975 regno
641 3911 824 3976 expelleretur.
862 3909 975 3975 Δεινόν,
992 3907 1076 3986 doum
1085 3910 1120 3964 τὸ
1131 3915 1248 3986 φέροιεν
1259 3905 1382 3986 ἀναρπά-

303 3985 389 4047 Atque
408 3985 442 4034 ita
460 3986 517 4036 cius
534 3987 613 4036 timor
629 3987 758 4039 adauctus
775 3991 825 4051 est,
862 3985 950 4054 ξασω
961 3982 1069 4040 ἄελλαι.
1085 4016 1112 4025 -
1125 3990 1152 4039 44
1162 4003 1234 4039 mare
1251 3983 1379 4046 04444444]

304 4060 334 4108 ut
350 4059 377 4107 in
394 4059 546 4122 Hispaniam
558 4063 592 4112 ad
603 4065 751 4125 Augustum
762 4075 827 4127 pro·
863 4065 942 4128 Soph.
956 4064 1049 4114 Tracb.
1063 4065 1124 4114 lli:
1141 4059 1244 4124 βιότου
1260 4059 1380 4115 πολύπο-

305 4132 408 4196 lugent.
437 4136 493 4186 Hoc
509 4136 608 4187 lactum
625 4151 649 4187 a.
669 4151 695 4186 44.
715 4151 739 4187 c.
758 4137 825 4198 729,
862 4151 923 4199 νον,
937 4130 1035 4209 4444444
1046 4135 1170 4205 πέλαγος
1180 4136 1320 4208 Κρήσιον,
1337 4133 1379 4185 ubi

305 4208 335 4256 ut
349 4210 558 4272 patetelustino
576 4210 616 4272 li,
629 4213 654 4273 4,
667 4212 692 4261 6.
711 4211 826 4262 Carmen
863 4211 963 4262 Sobel:
997 4207 1039 4275 ὦς
1072 4209 1146 4263 πάνυ
1174 4213 1379 4276 χειμαζομέιπς

306 4285 395 4333 autern
412 4284 582 4334 Horatianum
596 4286 773 4351 compositum
786 4288 827 4336 est
863 4283 915 4351 τῆς
933 4287 996 4356 :sept
1013 4283 1128 4359 Κρήτης
1146 4284 1306 4351 θαλάσσης.

895 2982 917 3031 t.
952 2983 1030 3032 444444
1050 2982 1153 3046 mntem]
1173 2983 1260 3046 «Ego,
1286 2983 1332 3034 cui
1351 2979 1385 3030 ta·
