2992 4978
495 415 555 464 bili.
573 416 616 465 lll.
653 415 681 464 C.
701 415 742 464 lll.

242 571 329 650 Quo,
353 570 459 644 lluse,
483 569 616 636 tendis?
636 569 757 636 Desine
780 569 932 657 pervicax

284 691 414 758 llelerre
437 711 605 758 sermones
631 690 768 758 deorum
791 702 823 757 et

326 813 439 900 Magna
462 811 567 879 modis
589 822 722 879 tenuare
744 813 862 900 parvis.

114 1047 200 1099 Nolim
218 1050 308 1097 nutem
327 1059 389 1098 cum
400 1047 476 1098 lixtio
492 1047 641 1098 advestrl-
680 1049 746 1108 utu,
772 1061 854 1111 quse,
881 1049 911 1098 ut
934 1047 999 1100 elias
1017 1046 1105 1109 soles.
1133 1061 1204 1098 nuno

114 1123 180 1172 tium
206 1134 233 1185 p.
256 1121 296 1170 si.
322 1119 503 1184 distinguere:
532 1123 639 1182 Dones,
677 1133 785 1186 quoque
802 1123 926 1185 pervices
946 1135 1006 1172 esse
1023 1123 1090 1174 vis.»

111 1197 250 1258 μηνίσω,
271 1196 385 1259 liesm03
405 1208 468 1246 oum
480 1194 641 1247 adiectivum
710 1197 751 1246 lt.
769 1198 849 1246 modis
862 1196 1072 1260 onmreparvts]
1086 1197 1205 1260 «gravis-

113 1271 199 1333 magis
225 1269 260 1319 sd
284 1283 309 1319 v.
335 1269 431 1334 essm
454 1282 536 1332 quem
562 1269 596 1320 nd
612 1284 639 1320 v.
678 1271 746 1322 simo
770 1272 928 1334 argumento
950 1269 1123 1335 imparibus.»
1160 1271 1205 1320 Ts-

113 1347 197 1396 deeioe
213 1343 352 1396 reseretur.
387 1344 476 1396 Altera
493 1343 535 1396 illn
558 1347 642 1396 inter·
676 1345 1054 1397 nuemnutemverbumiere
1069 1345 1205 1410 poeticum

111 1422 221 1484 punctio
250 1434 346 1484 perum
374 1423 435 1485 epte
461 1420 639 1484 signiticaret:
678 1418 1203 1485 estprooompositoeotenuoreelevnre.

587 1639 732 1648 ——-..

476 1793 843 1852 Excutiens

588 1925 729 1975 inuti.

177 2049 261 2100 Aliter
283 2060 375 2101 rursus
398 2047 562 2110 bamberger
585 2047 684 2111 (Ptilol.
704 2047 795 2098 11.1v.
815 2059 841 2111 p.
858 2047 939 2109 lili),
959 2049 990 2096 ut
1006 2060 1038 2096 er
1056 2047 1130 2098 novis
1148 2047 1205 2097 elus

111 2131 377 2198 interpretationibus
398 2132 468 2183 beno
487 2129 583 2182 saltem
602 2133 742 2193 attingam:
771 2128 865 2180 alliam
888 2144 920 2180 ex
941 2127 1027 2194 μύθῳ
1044 2131 1145 2180 Graeco
1162 2129 1205 2179 blo

110 2215 219 2279 intelllgi
237 2217 344 2266 Aeneae
362 2213 442 2266 flllnm
465 2215 572 2279 [Ennius
596 2213 668 2278 apud
691 2213 764 2262 Serv.
783 2213 818 2263 sd
835 2216 899 2263 Aen.
919 2214 949 2272 6,
968 2213 1047 2275 liti,
1069 2212 1205 2263 diuersum

110 2315 125 2350 e
142 2297 243 2366 μύθου
261 2297 343 2349 ltalioi
360 2299 414 2348 lien
431 2297 520 2358 Silvis,
541 2298 686 2348 Numitoris
703 2295 769 2354 filim
791 2295 864 2360 quod
881 2299 971 2346 sutem
987 2297 1099 2346 vocetur
1117 2295 1205 2346 l'rotoo

109 2385 229 2434 sacerdos
246 2395 352 2433 merum
369 2395 430 2432 esse
443 2381 541 2432 Horatii
554 2393 674 2431 errorem
686 2379 737 2444 (ein
749 2380 835 2430 Febler
844 2393 871 2429 u.
884 2392 903 2429 e.
916 2377 972 2444 m),
992 2379 1018 2429 ln
1031 2390 1113 2444 quem
1125 2375 1204 2443 quill·

110 2469 158 2518 bet
178 2469 332 2518 Latinorum
351 2469 491 2531 potiturum
513 2479 599 2529 aeque
623 2464 697 2515 inoile
715 2463 833 2514 incidere
851 2465 1008 2528 potuisset.»
1045 2462 1091 2528 (De
1109 2462 1205 2514 discri-

110 2554 184 2603 mine
203 2553 272 2601 inter
288 2549 362 2600 llium
379 2551 407 2599 et
423 2550 505 2600 fleam
525 2547 631 2599 silviam
649 2549 814 2610 acutissime,
839 2551 869 2598 nt
885 2547 1000 2608 solebat,
1025 2549 1079 2612 egit
1096 2548 1204 2598 Perizo-

111 2639 171 2687 nius
188 2637 215 2685 in
232 2632 354 2698 Epistolis
371 2633 405 2683 ad
417 2634 545 2696 ltyciium
558 2631 658 2684 Aelisn.
673 2633 704 2683 V.
718 2633 750 2683 H.
764 2633 793 2694 7,
812 2631 862 2695 lii.)
880 2631 981 2682 Verum
992 2631 1059 2682 hseo
1071 2631 1205 2695 interpre-

110 2721 173 2770 tstio
190 2731 302 2783 prorsus
319 2717 447 2768 abhorret
462 2732 477 2767 n
494 2719 548 2767 totu
560 2717 659 2768 llorntii
676 2715 777 2778 indole,
797 2717 842 2781 qui
854 2717 881 2766 in
891 2715 975 2766 rebus
986 2713 1082 2765 ltnliols
1093 2727 1202 2778 semper

110 2805 221 2854 seoutus
239 2805 280 2852 est
295 2796 410 2867 μύθους
429 2800 572 2866 populures
588 2803 618 2850 ut
634 2801 669 2850 de
686 2799 744 2862 liin,
771 2803 887 2851 Romano
903 2799 951 2850 0d.
975 2799 1003 2860 3,
1029 2800 1057 2858 9,
1082 2799 1118 2860 8.,
1142 2798 1204 2848 llius

110 2887 283 2947 Mavortisque
301 2897 381 2947 puero
397 2885 445 2935 Od.
465 2883 493 2944 i,
515 2885 544 2942 8.
568 2887 620 2942 ἥ..
643 2885 677 2935 de
695 2884 738 2934 llis
757 2883 859 2935 Tiberis
876 2895 959 2933 uxore
977 2882 1026 2932 Od.
1045 2882 1073 2942 l,
1097 2883 1129 2942 t,
1149 2882 1200 2941 iu,

110 2985 126 3020 n
143 2967 289 3020 reconditis
307 2971 387 3032 atque
403 2967 530 3020 obsoletis
547 2981 656 3032 semper
672 2968 808 3018 abstinuit.
