2986 4974
304 413 366 478 Μ
691 417 819 466 HOHATH
838 416 1005 468 cnutttNutt

511 537 581 618 lam
605 552 708 639 fulgor
731 574 895 620 armorum
917 555 1048 642 fugaces

560 677 672 741 Terret
695 696 799 763 equos
822 676 1033 764 equitumque
1057 675 1170 740 voltus,
1339 680 1376 742 ‘to

472 833 591 899 Audire
614 855 748 921 magnos
771 835 834 899 iam
857 833 971 899 videor
992 832 1094 900 duces

369 1007 407 1066 49ΙΙ
426 1005 526 1068 [opacis
542 1004 607 1053 Hic.
630 1030 657 1039 -
676 1005 716 1054 20.
732 1005 897 1067 scripturam
913 1005 993 1053 veltres
1010 1003 1118 1054 exhibet
1135 1006 1187 1054 hoc
1204 1005 1264 1056 loco
1281 1021 1304 1057 c.
1323 1036 1346 1043 —

335 1083 375 1130 at.
398 1081 483 1130 Videre
505 1079 588 1130 Bentl.
610 1081 688 1139 coni..
708 1082 734 1129 in
758 1092 839 1144 quam
863 1079 993 1129 inciderat
1014 1081 1066 1130 iam
1084 1079 1228 1132 Beroaldus
1245 1082 1280 1131 ed
1296 1083 1347 1133 Cic.

333 1157 410 1206 Tusc.
429 1158 459 1219 44,
479 1157 519 1206 39.

300 1297 393 1346 stridor
417 1298 506 1346 lituum
530 1299 682 1360 cloacasque
708 1297 824 1346 4444444444
862 1299 919 1344 tura
941 1308 1056 1358 eamque
1078 1296 1255 1348 vehementer
1272 1311 1380 1362 percus-

299 1370 356 1420 Ncn
369 1372 416 1432 pia
427 1373 708 1421 cmrdnaitcamrauce
719 1371 824 1421 4444444444
861 1381 923 1419 sura
941 1371 1005 1432 sint,
1033 1372 1183 1422 rectissime
1203 1385 1253 1435 per
1274 1385 1380 1436 zeugma

300 1458 386 1494 cana.
406 1446 468 1496 Tac.
486 1449 553 1496 Anu.
568 1448 595 1506 t,
615 1447 661 1497 68:
679 1459 824 1506 cannaque
861 1457 913 1493 uuo
936 1445 1054 1494 audiendi
1075 1445 1159 1495 verbo
1176 1447 1267 1496 utitur.
1303 1448 1381 1496 tinius

300 1533 331 1568 ac
348 1520 421 1570 tabae
438 1522 591 1570 concinnere.
861 1521 950 1569 autem
974 1519 1074 1581 figurae
1098 1522 1221 1580 Graecis
1247 1522 1379 1574 Romanis.
1475 1522 1476 1586 l

333 1595 372 1644 49.
395 1595 488 1660 sulpur]
515 1595 618 1656 Quintil.
646 1597 690 1654 44),
719 1598 747 1657 4,
775 1596 822 1646 30:
860 1593 930 1643 italis
956 1595 1039 1656 magis
1064 1607 1146 1656 quam
1174 1594 1382 1658 septentrionali·
1475 1595 1476 1600 ’

300 1671 381 1730 qualis
406 1676 440 1719 est
463 1671 526 1733 semi
553 1672 652 1734 salpen,
683 1685 731 1732 quc
755 1684 824 1720 arem
859 1668 911 1718 bus
933 1667 1038 1732 populis
1061 1669 1173 1720 usitatae
1199 1682 1264 1720 osor
1285 1669 1381 1734 ubique

297 1745 372 1794 44444444
391 1746 507 1806 omnaque
524 1746 729 1808 praestrinpitar.
759 1746 820 1795 Tac.
861 1743 916 1793 lere
940 1744 1038 1793 exstitit
1060 1743 1209 1803 Bentleius,
1237 1749 1267 1795 444
1290 1745 1338 1794 Od.
1355 1745 1380 1801 3.

299 1821 388 1869 Germ.
402 1818 447 1869 434
463 1821 542 1881 primi
558 1820 709 1868 inomntbus
721 1821 824 1881 proeliis
860 1819 904 1877 40,
939 1821 963 1867 4.
1014 1817 1126 1868 illustria
1166 1823 1230 1868 sunt
1263 1819 1380 1884 exempla

298 1894 363 1942 ocati
379 1894 522 1942 vincuntur.
556 1894 738 1956 Fnlpor(Cod.
752 1894 823 1944 (404-
859 1890 982 1954 Aeschyl.
1012 1894 1036 1941 S.
1061 1905 1083 1942 e.
1114 1892 1161 1942 Th.
1182 1894 1243 1942 t03:
1276 1891 1382 1944 κτύπον

297 1966 364 2028 vill,
401 1969 557 2028 ascensius,
593 1969 754 2032 Oudendorp
788 1971 822 2020 ad
858 1965 987 2037 δέδορκα.
1002 1967 1075 2016 Piud.
1095 1967 1171 2030 Pyth.
1191 1966 1215 2028 4,
1237 1969 1297 2020 tut:
1317 1963 1382 2019 οὔτε

298 2043 414 2091 Frontin.
429 2043 458 2102 4,
472 2043 499 2102 3,
515 2042 555 2092 34.
575 2043 730 2106 Wakefield)
743 2045 821 2095 nimis
858 2035 943 2112 ἔργον
961 2035 1026 2092 Orlr'
1042 2035 1223 2102 ἔπος-εἰπών,
1243 2044 1330 2094 Dante
1342 2047 1381 2094 tn·

298 2116 429 2167 tumidum
448 2121 489 2167 est
505 2131 554 2182 pro
573 2120 647 2168 casto
665 2120 763 2168 Horatii
775 2133 822 2182 ge·
859 2115 990 2174 sardoas,
1010 2115 1038 2163 9:
1056 2116 1163 2164 Portare
1178 2129 1192 2164 e
1209 2117 1338 2179 luprimar
1350 2121 1381 2168 4444

298 2205 363 2241 nere
385 2193 499 2242 dicendi.
526 2220 552 2228 -
572 2192 682 2256 sapaces]
700 2195 822 2258 Porphy-
857 2189 942 2240 aedra'
975 2192 1083 2240 insieme.
1131 2189 1187 2252 (nd
1224 2193 1381 2242 senteutiam

297 2267 352 2316 rio:
381 2269 450 2317 «Pro
467 2266 605 2318 velocibus
622 2270 726 2332 accipe;
752 2272 779 2319 et
795 2270 822 2319 in
859 2267 947 2330 ipsam
970 2264 1017 2314 clr.
1043 2263 1107 2316 Plio.
1133 2265 1229 2328 Paneg.
1255 2266 1310 2326 tr..
1340 2267 1382 2317 uhi

297 2355 420 2392 sermone
439 2343 573 2405 hodieque
588 2343 677 2408 sapum
691 2358 739 2408 pro
751 2344 824 2394 velo-
859 2342 963 2391 Traiani
986 2340 1149 2403 triumphum
1171 2339 1220 2390 sibi
1239 2343 1301 2391 ante
1320 2357 1382 2394 ocu-

297 2418 376 2466 citate
400 2417 527 2478 dicimus,
555 2431 616 2467 cum
638 2419 671 2468 de
690 2420 765 2481 equis
782 2418 822 2469 lo·
858 2415 898 2466 los
923 2416 1025 2464 versari
1047 2415 1134 2478 fingit:
1166 2415 1254 2466 Videor·
1274 2418 1382 2481 4449444444

298 2493 430 2555 quimur.»
469 2493 578 2555 Accepit
595 2505 658 2555 erqo
676 2493 772 2543 eadem
789 2495 823 2544 si·
859 2492 951 2540 ducam
972 2491 1076 2540 nomina
1097 2503 1141 2538 nec
1161 2490 1281 2539 indecora
1304 2493 1382 2542 nani-
1476 2511 1477 2520 ¹

297 2566 477 2629 gnificatione,
505 2580 558 2629 qua
582 2580 631 2618 nos
649 2581 729 2632 saepe
747 2570 822 2620 adie-
858 2565 930 2615 4444444
945 2577 1056 2626 corpora
1071 2565 1202 2613 noscitare.
1241 2566 1333 2616 Videor
1347 2568 1382 2616 444-

296 2642 367 2690 ctivo
382 2643 485 2706 stdchtip
501 2643 615 2699 utimum
638 2643 687 2692 sed
710 2646 737 2693 et
759 2658 822 2695 sen·
858 2641 924 2690 tueri
949 2639 1098 2689 immanibus
1123 2639 1192 2688 ansis
1217 2639 1382 2692 bar-baroneti
1476 2699 1477 2718 χ

297 2716 376 2766 tentia
411 2717 468 2779 ipsa
504 2719 529 2765 et
570 2717 669 2768 Horatii
707 2733 822 2769 consue·
859 2719 949 2764 aresta
965 2714 1062 2778 fercula
1079 2715 1140 2774 cell

294 2791 360 2840 tudo
387 2791 439 2840 boc
467 2791 607 2841 admittere
631 2805 683 2842 non
705 2793 819 2844 videtur.
891 2791 931 2840 44.
956 2789 1075 2852 sordidos]
1098 2787 1162 2838 Plio.
1185 2789 1266 2838 HN.
1291 2791 1321 2852 7,
1344 2791 1380 2839 29.

295 2865 377 2915 Aliter
394 2879 437 2916 res
456 2880 484 2917 se
503 2865 584 2915 habet
595 2867 665 2930 apud
678 2870 818 2918 Senecam.
859 2865 892 2914 de
910 2863 1060 2913 Alexandro
1072 2865 1120 2914 44.;
1140 2863 1254 2912 taedebat
1265 2864 1382 2929 unpueati

296 2942 443 2991 Gronovius
460 2941 494 2990 ad
515 2942 623 3004 Thyest.
643 2943 705 2992 629:
734 2945 822 3007 «ana
858 2939 1000 2988 bellatorem
1017 2944 1039 2986 et
1049 2938 1141 2987 usitilia
1151 2939 1289 2988 sordidam.
1320 2941 1382 2990 Sunt

296 3016 357 3065 huic
382 3016 504 3080 scriptori
531 3017 641 3079 quaevis
664 3015 742 3067 velox
764 3019 818 3068 itio.
859 3015 937 3076 igitur
953 3014 1055 3076 aspersi
1074 3011 1185 3076 pulvere
1203 3011 1294 3063 medio
1308 3015 1334 3064 in
1346 3017 1383 3062 tu-

295 3090 382 3140 Habet
391 3089 552 3154 compluries
562 3092 587 3140 in
595 3093 685 3142 Natus.
694 3095 819 3152 Quaestt
858 3087 943 3138 multu
961 3088 1083 3146 excitato,
1102 3089 1146 3149 qui
1162 3085 1248 3151 pulvis
1261 3089 1319 3153 ipse
1332 3087 1382 3139 illo·

295 3167 375 3216 Recte
394 3179 458 3216 vero
475 3166 502 3214 h.
520 3164 537 3215 l.
556 3165 671 3230 explices
688 3181 737 3230 per
756 3181 821 3231 pro-
858 3175 918 3212 rum
942 3161 1124 3212 tortitudinem
1145 3165 1225 3224 atque
1243 3165 1381 3214 audaciam

294 3239 379 3304 lepsin
404 3241 550 3304 poeticam:
580 3255 642 3302 «eo,
670 3243 741 3304 quod
765 3245 821 3292 ter-
858 3238 1033 3288 demonstrat.
1069 3237 1379 3301 illariusapudSal.iug.

295 3319 397 3374 rentur,
417 3314 506 3376 lugam
524 3327 585 3362 mox
603 3317 755 3378 capturos.»
857 3316 903 3364 85:
922 3313 1050 3373 sudorem,
1065 3311 1195 3373 pulverem
1211 3318 1234 3361 et
1251 3313 1307 3362 ulia
1323 3314 1381 3364 talia

327 3389 368 3438 at.
387 3387 486 3449 Audire]
505 3389 602 3450 parlim
624 3391 818 3452 contionantes,
857 3389 927 3438 nobis
942 3387 1087 3448 relinquunt
1104 3385 1215 3437 nobiles
1253 3388 1379 3444 Flacci,

294 3465 325 3512 444
342 3464 403 3511 ante
421 3474 539 3525 pugnam
550 3461 731 3514 Pharsalicam
743 3468 822 3516 Pom·
858 3463 903 3512 434
931 3463 1031 3523 Satpmo
1047 3463 1190 3525 uiprantem
1202 3463 1309 3523 potuere
1327 3463 1381 3526 fre-

293 3536 820 3604 peium‚Labienum,Caesarem,partim
857 3542 927 3586 trem.
951 3535 1060 3586 Hartiul.
1079 3537 1108 3596 8,
1133 3538 1177 3596 65,
1197 3536 1225 3585 3:
1253 3539 1300 3588 Hic
1321 3537 1381 3586 delii

294 3612 320 3660 in
334 3611 396 3673 ipsis
408 3609 515 3672 proeliis
532 3610 628 3662 milites
644 3626 708 3663 suos
720 3614 753 3664 ad
766 3615 820 3665 tor·
857 3612 940 3662 Arctoi
956 3613 1081 3675 [arumnis
1095 3613 1198 3673 patuere
1212 3611 1378 3662 belli-Caesar.

295 3687 356 3735 liter
375 3685 548 3748 pugnandum
570 3687 749 3738 exhortantes.
779 3689 821 3738 Al·
858 3687 954 3737 Statius
980 3686 1063 3736 Theb.
1092 3688 1120 3748 a,
1152 3687 1214 3736 tto:
1246 3689 1379 3738 Bellantem

293 3761 351 3810 tera
369 3761 411 3808 est
428 3757 566 3822 explicatio
585 3763 744 3812 sententiam
760 3777 820 3812 ma·
857 3765 932 3824 atque
948 3763 1001 3824 ipso
1018 3763 1108 3812 sudore
1119 3767 1142 3811 et
1155 3763 1259 3823 paduam
1270 3769 1378 3826 9444444444,

294 3846 411 3898 gnopere
430 3835 589 3883 extenuans:
616 3835 733 3885 «Audire
755 3837 819 3886 mihi
857 3836 928 3886 unde
951 3837 1026 3886 lluxil
1044 3837 1093 3887 ΗΡ.
1113 3838 1292 3899 ingratissima
1312 3835 1377 3887 coni.
1475 3829 1477 3834 ’

294 3908 386 3956 videor
404 3911 429 3956 te
447 3907 481 3955 de
500 3909 603 3970 magnis
621 3908 736 3960 ducibus
749 3912 819 3960 reci·
857 3911 955 3959 Sudore
971 3924 1077 3972 manos
1093 3912 1146 3960 iam
1161 3912 1233 3960 video
1250 3912 1331 3960 duces

293 3985 419 4031 tantem.»
451 4009 476 4017 -
504 3983 616 4032 Omnino
639 3985 729 4033 eutem
751 3985 818 4036 haec
890 3985 930 4033 43.
960 3983 1072 4048 attacta]
1098 3998 1114 4035 a
1141 3987 1265 4036 Caesare.
1290 3983 1377 4034 VeHei.

294 4057 381 4106 omnia
407 4057 546 4120 (strepitus
570 4055 709 4118 lituorum,
734 4058 819 4121 tulgor
857 4060 885 4117 4,
904 4060 950 4108 4464
970 4061 1064 4110 Caesar
1075 4061 1187 4110 amnium
1196 4061 1278 4110 uictor
1288 4069 1379 4123 marer-

293 4145 444 4191 armorum,
478 4131 577 4182 ducum
611 4131 730 4183 militaris
762 4134 819 4184 eto·
856 4147 898 4182 sus
914 4134 941 4182 444
957 4133 1214 4197 urben--pntnqne
1230 4135 1280 4199 epit
1295 4133 1378 4183 4444444-

293 4205 409 4270 quentis)
429 4219 490 4257 cum
514 4219 545 4256 ex
564 4205 687 4258 Pollionis
707 4209 818 4258 historia
853 4209 930 4271 piros,
949 4209 1087 4269 6444444444,
1109 4211 1251 4270 Ponticam,
1268 4209 1376 4260 444444-

292 4280 362 4330 tecta
384 4279 419 4330 ad
443 4281 540 4330 Horatii
564 4284 682 4332 mentem
702 4295 818 4347 perven-
856 4285 970 4346 drirrum,
988 4285 1113 4347 4444444444,
1131 4285 1326 4346 Hispaniensem.
