<?xml version="1.0" encoding="UTF-8"?>
<!DOCTYPE html PUBLIC "-//W3C//DTD XHTML 1.0 Transitional//EN"
    "http://www.w3.org/TR/xhtml1/DTD/xhtml1-transitional.dtd">
<html xmlns="http://www.w3.org/1999/xhtml" xml:lang="en" lang="en">
 <head>
  <title>
</title>
<meta http-equiv="Content-Type" content="text/html;charset=utf-8" />
  <meta name='ocr-system' content='tesseract 3.04.00' />
  <meta name='ocr-capabilities' content='ocr_page ocr_carea ocr_par ocr_line ocrx_word'/>
</head>
<body>
  <div class='ocr_page' id='page_1' title='image "./qhoratiusflaccu02baitgoog/qhoratiusflaccu02baitgoog_0047.png"; bbox 0 0 3080 4980; ppageno 0'>
   <div class='ocr_carea' id='block_1_1' title="bbox 291 413 989 479">
    <p class='ocr_par' dir='ltr' id='par_1_1' title="bbox 291 413 989 479">
     <span class='ocr_line' id='line_1_1' title="bbox 291 413 989 479; baseline 0.004 -17"><span class='ocrx_word' id='word_1_1' title='bbox 291 413 330 479; x_wconf 64' lang='grc'><strong>,12</strong></span> <span class='ocrx_word' id='word_1_2' title='bbox 675 415 802 464; x_wconf 74' lang='lat' dir='ltr'><strong>itonam</strong></span> <span class='ocrx_word' id='word_1_3' title='bbox 821 415 989 468; x_wconf 73' lang='lat' dir='ltr'><strong>cantilauit</strong></span> 
     </span>
    </p>
   </div>
   <div class='ocr_carea' id='block_1_2' title="bbox 289 565 1391 814">
    <p class='ocr_par' dir='ltr' id='par_1_2' title="bbox 289 549 1391 814">
     <span class='ocr_line' id='line_1_2' title="bbox 290 565 1391 645; baseline 0.002 -13"><span class='ocrx_word' id='word_1_4' title='bbox 290 583 361 642; x_wconf 84' lang='lat' dir='ltr'><strong>nula,</strong></span> <span class='ocrx_word' id='word_1_5' title='bbox 386 565 468 634; x_wconf 85' lang='lat' dir='ltr'><strong>immo</strong></span> <span class='ocrx_word' id='word_1_6' title='bbox 489 582 667 633; x_wconf 80' lang='lat' dir='ltr'><strong>abiectissima</strong></span> <span class='ocrx_word' id='word_1_7' title='bbox 688 581 781 632; x_wconf 77' lang='lat' dir='ltr'><strong>fuisset</strong></span> <span class='ocrx_word' id='word_1_8' title='bbox 796 580 924 641; x_wconf 79' lang='lat' dir='ltr'>adulatio,</span> <span class='ocrx_word' id='word_1_9' title='bbox 950 581 971 632; x_wconf 81' lang='lat' dir='ltr'><strong>si</strong></span> <span class='ocrx_word' id='word_1_10' title='bbox 994 593 1056 631; x_wconf 87' lang='lat' dir='ltr'><strong>eum</strong></span> <span class='ocrx_word' id='word_1_11' title='bbox 1075 581 1196 632; x_wconf 80' lang='lat' dir='ltr'>Horatius</span> <span class='ocrx_word' id='word_1_12' title='bbox 1213 595 1391 645; x_wconf 80' lang='lat' dir='ltr'><strong>magnorum</strong></span> 
     </span>
     <span class='ocr_line' id='line_1_3' title="bbox 289 663 1389 731; baseline 0.001 -15"><span class='ocrx_word' id='word_1_13' title='bbox 289 669 430 731; x_wconf 78' lang='lat' dir='ltr'><strong>poetarum</strong></span> <span class='ocrx_word' id='word_1_14' title='bbox 451 679 562 716; x_wconf 89' lang='lat' dir='ltr'><strong>numero</strong></span> <span class='ocrx_word' id='word_1_15' title='bbox 583 664 651 715; x_wconf 90' lang='lat' dir='ltr'><strong>uitro</strong></span> <span class='ocrx_word' id='word_1_16' title='bbox 673 668 850 729; x_wconf 76' lang='lat' dir='ltr'><strong>aggregasset.</strong></span> <span class='ocrx_word' id='word_1_17' title='bbox 886 667 978 729; x_wconf 79' lang='lat' dir='ltr'><strong>Neque</strong></span> <span class='ocrx_word' id='word_1_18' title='bbox 1000 663 1061 714; x_wconf 89' lang='lat' dir='ltr'><strong>aiibi</strong></span> <span class='ocrx_word' id='word_1_19' title='bbox 1079 665 1213 726; x_wconf 85' lang='lat' dir='ltr'><strong>Horatius,</strong></span> <span class='ocrx_word' id='word_1_20' title='bbox 1240 665 1389 730; x_wconf 77' lang='lat' dir='ltr'><strong>Virgilius,</strong></span> 
     </span>
     <span class='ocr_line' id='line_1_4' title="bbox 289 748 1391 814; baseline 0 -14"><span class='ocrx_word' id='word_1_21' title='bbox 289 751 440 814; x_wconf 79' lang='lat' dir='ltr'><strong>Propertius</strong></span> <span class='ocrx_word' id='word_1_22' title='bbox 457 749 605 800; x_wconf 86' lang='lat' dir='ltr'><strong>carminum</strong></span> <span class='ocrx_word' id='word_1_23' title='bbox 621 749 724 813; x_wconf 83' lang='lat' dir='ltr'><strong>patroni</strong></span> <span class='ocrx_word' id='word_1_24' title='bbox 741 749 782 798; x_wconf 87' lang='lat' dir='ltr'><strong>sui</strong></span> <span class='ocrx_word' id='word_1_25' title='bbox 800 749 963 798; x_wconf 88' lang='lat' dir='ltr'><strong>mentionem</strong></span> <span class='ocrx_word' id='word_1_26' title='bbox 980 748 1108 798; x_wconf 84' lang='lat' dir='ltr'><strong>ieeemnt.</strong></span> <span class='ocrx_word' id='word_1_27' title='bbox 1139 749 1223 798; x_wconf 88' lang='lat' dir='ltr'><strong>immo</strong></span> <span class='ocrx_word' id='word_1_28' title='bbox 1241 750 1308 800; x_wconf 87' lang='lat' dir='ltr'><strong>eius</strong></span> <span class='ocrx_word' id='word_1_29' title='bbox 1321 763 1391 800; x_wconf 86' lang='lat' dir='ltr'><strong>ora·</strong></span> 
     </span>
    </p>
   </div>
   <div class='ocr_carea' id='block_1_3' title="bbox 285 832 1391 1986">
    <p class='ocr_par' dir='ltr' id='par_1_3' title="bbox 285 832 1391 1986">
     <span class='ocr_line' id='line_1_5' title="bbox 289 832 1391 898; baseline 0.001 -15"><span class='ocrx_word' id='word_1_30' title='bbox 289 835 388 884; x_wconf 90' lang='lat' dir='ltr'><strong>tionem</strong></span> <span class='ocrx_word' id='word_1_31' title='bbox 405 832 562 896; x_wconf 73' lang='lat' dir='ltr'><strong><em>discinctam,</em></strong></span> <span class='ocrx_word' id='word_1_32' title='bbox 581 833 700 894; x_wconf 72' lang='lat' dir='ltr'><strong>totatuta,</strong></span> <span class='ocrx_word' id='word_1_33' title='bbox 725 833 888 898; x_wconf 75' lang='lat' dir='ltr'><strong>diffluentem,</strong></span> <span class='ocrx_word' id='word_1_34' title='bbox 906 833 1058 893; x_wconf 72' lang='lat' dir='ltr'><strong>involutam,</strong></span> <span class='ocrx_word' id='word_1_35' title='bbox 1076 836 1203 882; x_wconf 68' lang='lat' dir='ltr'><strong>mamam</strong></span> <span class='ocrx_word' id='word_1_36' title='bbox 1219 837 1243 882; x_wconf 78' lang='lat' dir='ltr'><strong>et</strong></span> <span class='ocrx_word' id='word_1_37' title='bbox 1261 833 1391 884; x_wconf 76' lang='lat' dir='ltr'><strong>licentiae</strong></span> 
     </span>
     <span class='ocr_line' id='line_1_6' title="bbox 286 916 1389 982; baseline 0 -15"><span class='ocrx_word' id='word_1_38' title='bbox 286 919 388 980; x_wconf 80' lang='lat' dir='ltr'><strong>plenam</strong></span> <span class='ocrx_word' id='word_1_39' title='bbox 404 920 478 967; x_wconf 78' lang='lat' dir='ltr'><strong>notet</strong></span> <span class='ocrx_word' id='word_1_40' title='bbox 494 919 594 967; x_wconf 85' lang='lat' dir='ltr'><strong>Seneca</strong></span> <span class='ocrx_word' id='word_1_41' title='bbox 612 917 692 982; x_wconf 81' lang='lat' dir='ltr'><strong>Epist.</strong></span> <span class='ocrx_word' id='word_1_42' title='bbox 712 916 769 968; x_wconf 78' lang='lat' dir='ltr'><strong>itt.</strong></span> <span class='ocrx_word' id='word_1_43' title='bbox 788 918 844 967; x_wconf 82' lang='lat' dir='ltr'><strong>Nee</strong></span> <span class='ocrx_word' id='word_1_44' title='bbox 860 918 924 967; x_wconf 84' lang='lat' dir='ltr'><strong>satia</strong></span> <span class='ocrx_word' id='word_1_45' title='bbox 941 917 1014 966; x_wconf 85' lang='lat' dir='ltr'><strong>recte</strong></span> <span class='ocrx_word' id='word_1_46' title='bbox 1032 916 1159 978; x_wconf 84' lang='lat' dir='ltr'><strong>Doering:</strong></span> <span class='ocrx_word' id='word_1_47' title='bbox 1184 916 1229 964; x_wconf 75' lang='lat' dir='ltr'><strong>«Si</strong></span> <span class='ocrx_word' id='word_1_48' title='bbox 1248 917 1389 968; x_wconf 75' lang='lat' dir='ltr'><strong>Horatius</strong></span> 
     </span>
     <span class='ocr_line' id='line_1_7' title="bbox 288 998 1389 1059; baseline 0 -9"><span class='ocrx_word' id='word_1_49' title='bbox 288 1015 314 1050; x_wconf 80' lang='lat' dir='ltr'><strong>v.</strong></span> <span class='ocrx_word' id='word_1_50' title='bbox 333 1002 374 1051; x_wconf 77' lang='lat'><strong>29.</strong></span> <span class='ocrx_word' id='word_1_51' title='bbox 393 1000 427 1051; x_wconf 91' lang='lat' dir='ltr'><strong>ad</strong></span> <span class='ocrx_word' id='word_1_52' title='bbox 444 1003 626 1051; x_wconf 82' lang='lat' dir='ltr'><strong>Maecenatem</strong></span> <span class='ocrx_word' id='word_1_53' title='bbox 643 1003 798 1051; x_wconf 81' lang='lat' dir='ltr'><strong>convertere</strong></span> <span class='ocrx_word' id='word_1_54' title='bbox 809 998 937 1051; x_wconf 84' lang='lat' dir='ltr'><strong>voluisset</strong></span> <span class='ocrx_word' id='word_1_55' title='bbox 952 1000 1108 1059; x_wconf 86' lang='lat' dir='ltr'><strong>orationem,</strong></span> <span class='ocrx_word' id='word_1_56' title='bbox 1127 999 1195 1048; x_wconf 86' lang='lat' dir='ltr'><strong>haee</strong></span> <span class='ocrx_word' id='word_1_57' title='bbox 1212 1000 1272 1048; x_wconf 88' lang='lat' dir='ltr'><strong>iere</strong></span> <span class='ocrx_word' id='word_1_58' title='bbox 1293 1001 1321 1049; x_wconf 93' lang='lat' dir='ltr'><strong>ei</strong></span> <span class='ocrx_word' id='word_1_59' title='bbox 1336 1013 1389 1050; x_wconf 81' lang='lat' dir='ltr'><strong>ex-</strong></span> 
     </span>
     <span class='ocr_line' id='line_1_8' title="bbox 287 1081 1387 1148; baseline 0.001 -15"><span class='ocrx_word' id='word_1_60' title='bbox 287 1084 427 1148; x_wconf 85' lang='lat' dir='ltr'><strong>primenda</strong></span> <span class='ocrx_word' id='word_1_61' title='bbox 444 1085 536 1135; x_wconf 87' lang='lat' dir='ltr'><strong>inisset</strong></span> <span class='ocrx_word' id='word_1_62' title='bbox 552 1085 695 1136; x_wconf 86' lang='lat' dir='ltr'><strong>sententia:</strong></span> <span class='ocrx_word' id='word_1_63' title='bbox 727 1085 782 1134; x_wconf 68' lang='lat' dir='ltr'><strong>«Te</strong></span> <span class='ocrx_word' id='word_1_64' title='bbox 799 1085 871 1134; x_wconf 85' lang='lat' dir='ltr'><strong>iuvat</strong></span> <span class='ocrx_word' id='word_1_65' title='bbox 891 1081 1167 1148; x_wconf 83' lang='lat' dir='ltr'><strong>rerumpublicarum</strong></span> <span class='ocrx_word' id='word_1_66' title='bbox 1185 1095 1244 1133; x_wconf 82' lang='lat' dir='ltr'><strong>essa</strong></span> <span class='ocrx_word' id='word_1_67' title='bbox 1265 1087 1387 1134; x_wconf 84' lang='lat' dir='ltr'><strong>curato-</strong></span> 
     </span>
     <span class='ocr_line' id='line_1_9' title="bbox 287 1165 1387 1232; baseline 0.001 -15"><span class='ocrx_word' id='word_1_68' title='bbox 287 1181 346 1218; x_wconf 85' lang='lat' dir='ltr'><strong>rem</strong></span> <span class='ocrx_word' id='word_1_69' title='bbox 364 1169 391 1217; x_wconf 85' lang='lat' dir='ltr'><strong>et</strong></span> <span class='ocrx_word' id='word_1_70' title='bbox 407 1169 622 1230; x_wconf 67' lang='lat' dir='ltr'><strong>administrum»</strong></span> <span class='ocrx_word' id='word_1_71' title='bbox 640 1181 703 1218; x_wconf 86' lang='lat' dir='ltr'><strong>nam</strong></span> <span class='ocrx_word' id='word_1_72' title='bbox 719 1169 853 1232; x_wconf 87' lang='lat' dir='ltr'><strong>potentiae</strong></span> <span class='ocrx_word' id='word_1_73' title='bbox 869 1168 979 1217; x_wconf 76' lang='lat' dir='ltr'><strong>startiam</strong></span> <span class='ocrx_word' id='word_1_74' title='bbox 994 1165 1037 1216; x_wconf 88' lang='lat' dir='ltr'><strong>iiie</strong></span> <span class='ocrx_word' id='word_1_75' title='bbox 1055 1165 1147 1216; x_wconf 87' lang='lat' dir='ltr'><strong>callide</strong></span> <span class='ocrx_word' id='word_1_76' title='bbox 1165 1165 1308 1226; x_wconf 81' lang='lat' dir='ltr'><strong>occulens,</strong></span> <span class='ocrx_word' id='word_1_77' title='bbox 1330 1169 1387 1218; x_wconf 88' lang='lat' dir='ltr'><strong>ho-</strong></span> 
     </span>
     <span class='ocr_line' id='line_1_10' title="bbox 288 1250 1382 1316; baseline -0.001 -15"><span class='ocrx_word' id='word_1_78' title='bbox 288 1251 397 1301; x_wconf 85' lang='lat' dir='ltr'><strong>noribus</strong></span> <span class='ocrx_word' id='word_1_79' title='bbox 414 1250 533 1302; x_wconf 81' lang='lat' dir='ltr'><strong>civilibus</strong></span> <span class='ocrx_word' id='word_1_80' title='bbox 550 1265 659 1316; x_wconf 84' lang='lat' dir='ltr'><strong>semper</strong></span> <span class='ocrx_word' id='word_1_81' title='bbox 675 1251 809 1303; x_wconf 83' lang='lat' dir='ltr'><strong>abstinuit.</strong></span> <span class='ocrx_word' id='word_1_82' title='bbox 835 1279 862 1288; x_wconf 93' lang='lat'><em>-</em></span> <span class='ocrx_word' id='word_1_83' title='bbox 885 1251 1050 1302; x_wconf 83' lang='lat' dir='ltr'><strong>Eichatadius</strong></span> <span class='ocrx_word' id='word_1_84' title='bbox 1071 1251 1098 1300; x_wconf 90' lang='lat' dir='ltr'><strong>in</strong></span> <span class='ocrx_word' id='word_1_85' title='bbox 1115 1251 1208 1300; x_wconf 84' lang='lat' dir='ltr'><strong>Parad.</strong></span> <span class='ocrx_word' id='word_1_86' title='bbox 1228 1252 1260 1300; x_wconf 88' lang='grc' dir='ltr'><strong>Η.</strong></span> <span class='ocrx_word' id='word_1_87' title='bbox 1283 1252 1332 1301; x_wconf 84' lang='lat' dir='ltr'><strong>IV.</strong></span> <span class='ocrx_word' id='word_1_88' title='bbox 1354 1265 1382 1316; x_wconf 89' lang='lat' dir='ltr'><strong>p.</strong></span> 
     </span>
     <span class='ocr_line' id='line_1_11' title="bbox 288 1332 1386 1399; baseline 0 -15"><span class='ocrx_word' id='word_1_89' title='bbox 288 1335 327 1384; x_wconf 88' lang='lat' dir='ltr'><strong>t3.</strong></span> <span class='ocrx_word' id='word_1_90' title='bbox 347 1348 379 1384; x_wconf 87' lang='lat' dir='ltr'><strong>ac</strong></span> <span class='ocrx_word' id='word_1_91' title='bbox 396 1335 580 1386; x_wconf 87' lang='lat' dir='ltr'><strong>Groteiendius</strong></span> <span class='ocrx_word' id='word_1_92' title='bbox 597 1337 622 1386; x_wconf 93' lang='lat' dir='ltr'><strong>in</strong></span> <span class='ocrx_word' id='word_1_93' title='bbox 639 1335 734 1386; x_wconf 79' lang='lat' dir='ltr'><strong>Athen.</strong></span> <span class='ocrx_word' id='word_1_94' title='bbox 754 1335 778 1385; x_wconf 89' lang='grc'><strong>3.</strong></span> <span class='ocrx_word' id='word_1_95' title='bbox 797 1348 824 1399; x_wconf 89' lang='lat' dir='ltr'><strong>p.</strong></span> <span class='ocrx_word' id='word_1_96' title='bbox 842 1335 884 1386; x_wconf 84' lang='grc'><strong>86.</strong></span> <span class='ocrx_word' id='word_1_97' title='bbox 901 1347 928 1384; x_wconf 82' lang='lat' dir='ltr'><strong>v.</strong></span> <span class='ocrx_word' id='word_1_98' title='bbox 948 1335 989 1385; x_wconf 80' lang='lat' dir='ltr'><strong>at.</strong></span> <span class='ocrx_word' id='word_1_99' title='bbox 1025 1335 1117 1397; x_wconf 69' lang='lat' dir='ltr'><strong>Quodsi</strong></span> <span class='ocrx_word' id='word_1_100' title='bbox 1134 1335 1185 1384; x_wconf 86' lang='lat' dir='ltr'><strong>eet.</strong></span> <span class='ocrx_word' id='word_1_101' title='bbox 1205 1332 1316 1394; x_wconf 83' lang='lat' dir='ltr'><strong>deleto,</strong></span> <span class='ocrx_word' id='word_1_102' title='bbox 1339 1337 1386 1384; x_wconf 83' lang='lat' dir='ltr'><strong>to-</strong></span> 
     </span>
     <span class='ocr_line' id='line_1_12' title="bbox 288 1417 1387 1480; baseline -0.002 -12"><span class='ocrx_word' id='word_1_103' title='bbox 288 1420 345 1468; x_wconf 87' lang='lat' dir='ltr'><strong>tum</strong></span> <span class='ocrx_word' id='word_1_104' title='bbox 367 1417 455 1468; x_wconf 84' lang='lat' dir='ltr'><strong>locum</strong></span> <span class='ocrx_word' id='word_1_105' title='bbox 476 1420 514 1469; x_wconf 87' lang='lat' dir='ltr'><strong>sic</strong></span> <span class='ocrx_word' id='word_1_106' title='bbox 536 1420 740 1470; x_wconf 83' lang='lat' dir='ltr'><strong>constituerunt:</strong></span> <span class='ocrx_word' id='word_1_107' title='bbox 762 1419 994 1469; x_wconf 77' lang='lat' dir='ltr'><strong>Me--aecemant</strong></span> <span class='ocrx_word' id='word_1_108' title='bbox 1010 1419 1113 1480; x_wconf 69' lang='lat' dir='ltr'><strong>populo.</strong></span> <span class='ocrx_word' id='word_1_109' title='bbox 1152 1417 1180 1466; x_wconf 84' lang='lat' dir='ltr'><strong>Si</strong></span> <span class='ocrx_word' id='word_1_110' title='bbox 1201 1417 1387 1478; x_wconf 70' lang='lat' dir='ltr'><strong>nequeuntes</strong></span> 
     </span>
     <span class='ocr_line' id='line_1_13' title="bbox 287 1501 1384 1566; baseline -0.002 -14"><span class='ocrx_word' id='word_1_111' title='bbox 287 1503 396 1565; x_wconf 71' lang='lat' dir='ltr'><strong>Euterpe</strong></span> <span class='ocrx_word' id='word_1_112' title='bbox 411 1503 504 1553; x_wconf 70' lang='lat' dir='ltr'><strong>cohibet</strong></span> <span class='ocrx_word' id='word_1_113' title='bbox 519 1518 564 1554; x_wconf 81' lang='lat' dir='ltr'><strong>nee</strong></span> <span class='ocrx_word' id='word_1_114' title='bbox 578 1504 741 1566; x_wconf 67' lang='lat' dir='ltr'><strong>Polytmnnia</strong></span> <span class='ocrx_word' id='word_1_115' title='bbox 756 1503 875 1552; x_wconf 76' lang='lat' dir='ltr'><strong>Lesboum</strong></span> <span class='ocrx_word' id='word_1_116' title='bbox 890 1502 983 1566; x_wconf 72' lang='lat' dir='ltr'><strong>resupit</strong></span> <span class='ocrx_word' id='word_1_117' title='bbox 1002 1503 1100 1552; x_wconf 60' lang='lat' dir='ltr'><strong>medere</strong></span> <span class='ocrx_word' id='word_1_118' title='bbox 1116 1501 1244 1562; x_wconf 78' lang='lat' dir='ltr'><strong>barbiton,</strong></span> <span class='ocrx_word' id='word_1_119' title='bbox 1263 1502 1384 1552; x_wconf 75' lang='lat' dir='ltr'><strong>Sublimi</strong></span> 
     </span>
     <span class='ocr_line' id='line_1_14' title="bbox 285 1585 1383 1651; baseline -0.001 -14"><span class='ocrx_word' id='word_1_120' title='bbox 285 1587 377 1650; x_wconf 71' lang='lat' dir='ltr'><strong>[erim</strong></span> <span class='ocrx_word' id='word_1_121' title='bbox 401 1589 485 1637; x_wconf 80' lang='lat' dir='ltr'><strong>sidera</strong></span> <span class='ocrx_word' id='word_1_122' title='bbox 507 1589 606 1638; x_wconf 81' lang='lat' dir='ltr'><strong>vertice.</strong></span> <span class='ocrx_word' id='word_1_123' title='bbox 641 1587 694 1638; x_wconf 86' lang='lat' dir='ltr'><strong>Sed</strong></span> <span class='ocrx_word' id='word_1_124' title='bbox 718 1600 744 1637; x_wconf 89' lang='lat' dir='ltr'><strong>v.</strong></span> <span class='ocrx_word' id='word_1_125' title='bbox 767 1588 807 1638; x_wconf 79' lang='lat'><strong>35.</strong></span> <span class='ocrx_word' id='word_1_126' title='bbox 832 1585 873 1637; x_wconf 89' lang='lat' dir='ltr'><strong>vei</strong></span> <span class='ocrx_word' id='word_1_127' title='bbox 895 1588 1005 1651; x_wconf 85' lang='lat' dir='ltr'><strong>propter</strong></span> <span class='ocrx_word' id='word_1_128' title='bbox 1025 1587 1103 1635; x_wconf 88' lang='lat' dir='ltr'><strong>metri</strong></span> <span class='ocrx_word' id='word_1_129' title='bbox 1123 1587 1253 1636; x_wconf 86' lang='lat' dir='ltr'><strong>rationem</strong></span> <span class='ocrx_word' id='word_1_130' title='bbox 1272 1601 1288 1636; x_wconf 88' lang='lat' dir='ltr'><strong>a</strong></span> <span class='ocrx_word' id='word_1_131' title='bbox 1310 1587 1383 1638; x_wconf 82' lang='lat' dir='ltr'><strong>Mei-</strong></span> 
     </span>
     <span class='ocr_line' id='line_1_15' title="bbox 286 1671 1381 1734; baseline 0 -14"><span class='ocrx_word' id='word_1_132' title='bbox 286 1672 364 1721; x_wconf 84' lang='lat' dir='ltr'><strong>nekia</strong></span> <span class='ocrx_word' id='word_1_133' title='bbox 391 1673 464 1722; x_wconf 84' lang='lat' dir='ltr'><strong>recte</strong></span> <span class='ocrx_word' id='word_1_134' title='bbox 490 1673 631 1722; x_wconf 81' lang='lat' dir='ltr'><strong>indicatam</strong></span> <span class='ocrx_word' id='word_1_135' title='bbox 658 1671 755 1723; x_wconf 83' lang='lat' dir='ltr'><strong>abesse</strong></span> <span class='ocrx_word' id='word_1_136' title='bbox 778 1685 830 1720; x_wconf 92' lang='lat' dir='ltr'><strong>non</strong></span> <span class='ocrx_word' id='word_1_137' title='bbox 851 1672 951 1734; x_wconf 86' lang='lat' dir='ltr'><strong>potest,</strong></span> <span class='ocrx_word' id='word_1_138' title='bbox 974 1671 1175 1728; x_wconf 67' lang='lat' dir='ltr'><strong>atteramus,</strong></span> <span class='ocrx_word' id='word_1_139' title='bbox 1199 1671 1238 1719; x_wconf 85' lang='lat' dir='ltr'><strong>aie</strong></span> <span class='ocrx_word' id='word_1_140' title='bbox 1255 1671 1381 1732; x_wconf 78' lang='lat' dir='ltr'><strong>gratuito</strong></span> 
     </span>
     <span class='ocr_line' id='line_1_16' title="bbox 286 1753 1380 1820; baseline 0 -16"><span class='ocrx_word' id='word_1_141' title='bbox 286 1755 404 1804; x_wconf 86' lang='lat' dir='ltr'><strong>amoveri</strong></span> <span class='ocrx_word' id='word_1_142' title='bbox 420 1757 592 1820; x_wconf 87' lang='lat' dir='ltr'><strong>praeeipuam</strong></span> <span class='ocrx_word' id='word_1_143' title='bbox 609 1757 688 1806; x_wconf 88' lang='lat' dir='ltr'><strong>totius</strong></span> <span class='ocrx_word' id='word_1_144' title='bbox 706 1755 830 1805; x_wconf 82' lang='lat' dir='ltr'><strong>carminis</strong></span> <span class='ocrx_word' id='word_1_145' title='bbox 847 1755 1019 1815; x_wconf 77' lang='lat' dir='ltr'><strong>sententiam,</strong></span> <span class='ocrx_word' id='word_1_146' title='bbox 1039 1767 1108 1817; x_wconf 81' lang='lat' dir='ltr'><strong>qnae</strong></span> <span class='ocrx_word' id='word_1_147' title='bbox 1126 1755 1178 1804; x_wconf 90' lang='lat' dir='ltr'><strong>est:</strong></span> <span class='ocrx_word' id='word_1_148' title='bbox 1207 1753 1263 1802; x_wconf 76' lang='lat' dir='ltr'><strong>«Te</strong></span> <span class='ocrx_word' id='word_1_149' title='bbox 1282 1754 1380 1804; x_wconf 87' lang='lat' dir='ltr'><strong>iudice</strong></span> 
     </span>
     <span class='ocr_line' id='line_1_17' title="bbox 286 1835 1378 1902; baseline -0.001 -15"><span class='ocrx_word' id='word_1_150' title='bbox 286 1837 374 1900; x_wconf 83' lang='lat' dir='ltr'><strong>iyricia</strong></span> <span class='ocrx_word' id='word_1_151' title='bbox 395 1840 493 1902; x_wconf 76' lang='lat' dir='ltr'><strong>potitis,</strong></span> <span class='ocrx_word' id='word_1_152' title='bbox 516 1838 608 1902; x_wconf 85' lang='lat' dir='ltr'><strong>quales</strong></span> <span class='ocrx_word' id='word_1_153' title='bbox 629 1839 736 1890; x_wconf 86' lang='lat' dir='ltr'><strong>inerunt</strong></span> <span class='ocrx_word' id='word_1_154' title='bbox 753 1850 852 1888; x_wconf 90' lang='lat' dir='ltr'><strong>novem</strong></span> <span class='ocrx_word' id='word_1_155' title='bbox 869 1835 904 1887; x_wconf 92' lang='lat' dir='ltr'><strong>ilii</strong></span> <span class='ocrx_word' id='word_1_156' title='bbox 921 1840 1095 1898; x_wconf 85' lang='lat' dir='ltr'><strong>Graecorum,</strong></span> <span class='ocrx_word' id='word_1_157' title='bbox 1119 1837 1290 1886; x_wconf 84' lang='lat' dir='ltr'><strong>annumerari</strong></span> <span class='ocrx_word' id='word_1_158' title='bbox 1310 1841 1378 1887; x_wconf 80' lang='lat' dir='ltr'><strong>ante</strong></span> 
     </span>
     <span class='ocr_line' id='line_1_18' title="bbox 286 1935 502 1986; baseline 0.005 -16"><span class='ocrx_word' id='word_1_159' title='bbox 286 1935 375 1971; x_wconf 81' lang='lat' dir='ltr'><strong>omnia</strong></span> <span class='ocrx_word' id='word_1_160' title='bbox 393 1935 479 1986; x_wconf 81' lang='lat' dir='ltr'><strong>cupio.</strong></span> <span class='ocrx_word' id='word_1_161' title='bbox 490 1941 502 1965; x_wconf 74' lang='lat' dir='ltr'><strong>n</strong></span> 
     </span>
    </p>
   </div>
   <div class='ocr_carea' id='block_1_4' title="bbox 0 0 1544 4980">
    <p class='ocr_par' dir='ltr' id='par_1_4' title="bbox 0 0 1544 4980">
     <span class='ocr_line' id='line_1_19' title="bbox 0 0 1544 4980; baseline 0 4"><span class='ocrx_word' id='word_1_162' title='bbox 0 0 1544 4980; x_wconf 95' lang='lat' dir='ltr'><strong> </strong></span> 
     </span>
    </p>
   </div>
  </div>
 </body>
</html>
