3078 4978
538 457 639 508 LlBEll.
692 457 788 510 canu.
808 458 849 508 lV.
875 511 883 522 ,

341 611 379 678 Ut
400 630 458 677 ora
480 621 583 679 vertat
604 612 668 682 buc
689 625 722 681 et
743 614 806 682 buc
829 616 973 682 euntium

383 732 560 800 Liberrima
583 734 784 822 indignatio?

338 853 455 921 Sectus
477 853 613 942 flagellis
633 855 686 924 bic
707 857 959 926 triumviralibus

381 976 555 1043 Praecouis
577 976 618 1044 ad
641 977 803 1046 festidium

335 1099 411 1163 Aret
432 1097 557 1164 Falerni
580 1097 666 1166 mille
689 1099 776 1166 fundi
801 1099 912 1188 iugera

378 1219 416 1286 Et
442 1219 577 1309 Appiam
599 1222 724 1288 mannis
747 1222 834 1299 terit,

338 1339 568 1430 Sedilibusque
591 1363 726 1431 magnus
749 1344 781 1409 in
803 1345 914 1432 primis
936 1366 1040 1433 eques
1214 1349 1253 1414 tit

165 1635 219 1691 tes,
242 1644 277 1681 ue
296 1635 321 1682 te
338 1631 472 1682 immerito
488 1631 690 1697 superbientem
726 1633 820 1686 lictore
838 1632 985 1698 flagellatur
1000 1637 1082 1686 borno
1098 1637 1251 1700 damnatus,

163 1705 303 1757 videant.»
335 1707 379 1756 Sic
402 1705 573 1758 scholiastae.
604 1709 690 1760 lllnus
726 1708 854 1760 altissima
871 1721 939 1760 voce
951 1709 1079 1764 delictum
1096 1713 1155 1765 eius
1171 1715 1251 1764 ratio-

163 1781 287 1845 apposite
310 1781 470 1831 contrariam
493 1781 624 1833 rationem
646 1780 688 1833 alli
726 1795 844 1847 nemque
861 1795 965 1848 paenae
982 1783 1088 1838 solebat
1102 1786 1251 1852 proclama·

163 1855 328 1918 sequuntur:
352 1855 472 1906 «Omnes
488 1855 515 1906 lu
532 1855 559 1906 te
575 1869 690 1908 conver-
725 1871 781 1909 re.»
803 1859 846 1909 stc
865 1859 1001 1922 Tartaronp
1018 1861 1083 1925 [mni
1098 1863 1253 1913 venditorem

163 1931 224 1980 tunt
244 1927 337 1980 oculos
357 1941 390 1980 ac
411 1927 546 1981 liberrime
567 1943 629 1982 cum
648 1932 690 1981 iu·
725 1933 871 1996 (homiuem
888 1932 1028 1998 fallacem),
1047 1934 1252 1987 Alexanderse·

163 2002 316 2066 dignatione
342 2003 370 2054 lu
395 2007 471 2055 tuum
495 2005 592 2056 tastum
614 2007 690 2057 iure·
724 2009 1143 2072 verussamoeppostto,paernec
1156 2011 1253 2073 aputu

165 2077 330 2128 liuntur.»·-
343 2077 614 2144 Sectam-militamt]
626 2080 691 2130 Ver·
725 2085 800 2144 morae
819 2083 928 2133 bomtdtr
947 2083 1022 2148 tipats
1045 2086 1102 2148 fleat
1126 2086 1249 2148 inarserat,

165 2151 199 2201 ba
218 2154 280 2202 eunt
302 2151 384 2212 haec,
410 2151 438 2202 in
455 2165 524 2216 quae
540 2156 691 2218 prorumpit
724 2158 834 2219 amaon,
844 2170 970 2218 praecone
981 2158 1088 2207 ware:
1102 2159 1254 2222 «monopo-

165 2224 255 2291 populi
272 2225 408 2278 liberrima
425 2227 577 2292 indignatio.
598 2257 625 2266 -
643 2229 691 2279 Se-
724 2231 806 2292 aaa,
830 2231 874 2293 pai
893 2231 1003 2281 vmdtdit
1018 2231 1142 2294 mum.»
1171 2234 1252 2284 Lam-

165 2303 348 2368 ctosflopettta}
362 2315 499 2356 amasus.»
516 2303 608 2355 Tibull.
623 2305 646 2366 l,
660 2306 689 2369 9,
724 2304 793 2368 prid.
816 2303 890 2356 Alex.
915 2307 975 2356 Ser.
1001 2306 1041 2356 36.
1071 2305 1144 2357 Plato
1170 2309 1249 2371 legg.

71 2423 79 2430 .
165 2377 689 2444 ttztotortooerbereterposeco.luven.
726 2381 766 2430 ll.
785 2391 812 2444 p.
831 2381 888 2430 art.
912 2381 954 2431 D.:
987 2379 1150 2444 (iraudator)
1176 2378 1252 2432 κατὰ

166 2452 214 2512 lt),
233 2451 295 2502 3t6:
314 2453 438 2503 recutitis
454 2455 563 2505 menda
581 2454 692 2506 Verberi-
725 2451 858 2525 δραχμὴν
869 2451 996 2520 ἑκάστην
1016 2451 1052 2528 τῇ
1067 2451 1186 2523 μάστιγι
1206 2471 1252 2508 τυ-

166 2525 219 2575 tue.
252 2553 280 2563 -
309 2527 522 2592 triumuiralibao]
550 2529 690 2580 'triumviri
726 2528 840 2578 πτέσθω
866 2525 977 2596 πληγὰς
998 2524 1056 2581 ὑπὸ
1077 2526 1205 2595 κήρυκος
1220 2530 1252 2582 ἐν

165 2597 294 2665 capitales
312 2599 433 2664 (salustia
454 2603 480 2652 iu
498 2603 555 2654 Cet.
573 2605 617 2655 tt:
636 2606 691 2654 otn-
724 2601 760 2675 τῇ
784 2601 878 2676 ἀγορᾷ
900 2601 1079 2676 κηρύξαντος
1101 2599 1144 2656 ὥν
1168 2599 1253 2657 ἕνεκα

163 2676 229 2724 dices
256 2689 343 2726 renam
375 2677 539 2739 capitolium
573 2691 689 2742 quomam
725 2677 822 2744 μέλλει
843 2675 1011 2731 τύπτεσθαι.
1041 2681 1181 2732 Manifesto
1202 2693 1252 2730 eu-

163 2751 338 2815 praecipuum
360 2763 458 2802 munus
475 2752 513 2802 sic
534 2752 627 2804 delinit
646 2753 691 2804 Ci-
726 2755 781 2803 tem
798 2752 915 2817 loquitur
931 2753 965 2804 de
984 2757 1119 2819 tompore,
1139 2767 1192 2818 quc
1205 2755 1252 2804 ho-

163 2837 227 2875 cero
245 2824 279 2875 de
296 2826 376 2888 Legg.
390 2824 419 2886 3,
438 2825 467 2875 3:
490 2825 603 2877 Vincta
615 2827 691 2877 SON-
724 2839 769 2877 mc
788 2827 850 2888 iste,
875 2829 902 2878 in
920 2840 1002 2891 quem
1019 2829 1166 2890 invehitur,
1196 2841 1253 2879 sen

164 2899 611 2950 riuussaranro:cnrim1.i
625 2901 690 2950 VIN·
724 2902 837 2952 vitutem
854 2901 998 2953 serviebat.

161 2973 331 3038 DICANTO.)
363 2974 398 3024 de
430 2973 533 3026 delictis
565 2976 690 3025 meretri-
758 2975 845 3025 tii-io.
863 2975 936 3040 Arai]
953 2975 1081 3040 possidet.
1110 2976 1252 3026 allaecre-

162 3061 238 3108 cum,
258 3047 395 3099 maleficiis
411 3060 552 3100 servorum
567 3047 691 3100 allorum-
724 3049 834 3100 terenda
851 3049 964 3100 suntad
984 3048 1073 3100 ltaliae
1091 3050 1185 3110 sinim,
1205 3049 1250 3101 ubi

162 3135 216 3186 que
234 3123 371 3174 bominum
390 3123 569 3184 humiliorum,
596 3123 689 3187 impri-
724 3123 809 3188 ligatis
826 3122 860 3174 ad
884 3122 995 3174 arbores
1027 3123 1126 3174 vitibus
1156 3137 1251 3174 ornnes

163 3199 214 3248 mis
232 3199 449 3262 peregrinorum,
476 3197 686 3262 cognoscebant,
724 3199 834 3248 arantur
849 3198 971 3248 vineae.»
989 3199 1082 3248 senon.
1098 3197 1248 3262 -Fotemtl
1297 3215 1301 3224 ·

161 3273 308 3335 noxiosque
337 3275 384 3322 aut
416 3273 503 3337 capite
536 3273 689 3338 plectebant
724 3272 847 3334 adeoque
883 3274 993 3336 propter
1025 3273 1086 3322 vina
1119 3281 1250 3334 generosa

160 3347 207 3396 aut
235 3345 360 3409 flagellari
392 3346 522 3398 iubebunt
553 3347 586 3398 ad
613 3346 688 3398 colu-
724 3347 826 3410 optimi.
853 3373 880 3382 -
904 3345 1026 3410 Appiano]
1051 3345 1175 3397 «Crebro
1199 3346 1250 3396 iter

160 3433 253 3470 mnam
275 3421 421 3482 llaeniem,
451 3423 481 3471 ut
508 3423 581 3471 certe
599 3425 689 3472 narrat
724 3420 785 3472 iacit
807 3433 857 3484 per
877 3420 948 3470 viam
969 3421 1083 3484 Appiam
1106 3419 1142 3470 ad
1158 3421 1250 3484 inspe-

160 3493 375 3545 Pseudascouius
387 3508 414 3560 p.
429 3496 486 3546 til.
499 3493 547 3545 Ed.
560 3493 625 3546 Bait.
645 3497 688 3545 Sic
723 3492 819 3546 cienda
837 3506 885 3545 sua
902 3493 1038 3558 praedia·
1059 3521 1086 3530 -
1100 3496 1138 3545 De
1149 3495 1250 3544 marma

160 3569 217 3619 sine
235 3567 318 3618 dubio
339 3569 471 3620 triumviri
494 3568 621 3632 capitales
639 3581 687 3620 ex·
722 3568 785 3619 ride
803 3567 851 3618 0d.
871 3567 901 3628 3,
920 3569 965 3630 27,
983 3568 1008 3618 i.
1026 3570 1105 3618 Lucr.
1119 3567 1148 3628 3,
1168 3568 1248 3619 icit:

160 3643 245 3692 secuti
263 3645 326 3694 sunt
343 3655 373 3693 ea
387 3645 486 3704 omnia,
506 3655 575 3706 quae
593 3644 687 3694 Cicero
723 3643 809 3696 ttrrrit
829 3653 906 3706 aperta
924 3654 1032 3692 moneor
1047 3641 1082 3692 od
1102 3641 1191 3692 auam
1211 3643 1251 3692 tic

160 3716 240 3766 tradit
262 3715 296 3767 dc
319 3721 347 3768 P.
367 3715 503 3769 Dolabella
523 3717 635 3781 Philipp.
656 3718 685 3775 t.
718 3715 934 3780 praecipitantem
971 3714 1155 3768 velocissimus
1178 3718 1250 3768 enim

159 3792 184 3841 Ξ.
203 3793 231 3841 et
252 3791 286 3841 ad
307 3793 360 3842 All.
380 3791 424 3853 it,
451 3793 491 3843 rt.
517 3793 582 3842 item
604 3792 685 3842 Tacit.
723 3792 765 3842 est
782 3803 876 3841 eorum
894 3802 998 3841 cursus.
1019 3818 1047 3829 -
1066 3791 1136 3855 terti]
1160 3791 1248 3842 Voss!

159 3867 225 3915 Anu.
244 3867 275 3927 2,
299 3867 339 3916 32.
358 3865 393 3916 de
410 3866 606 3916 mathematicis
622 3878 686 3916 saro
721 3863 898 3916 zermalmt.
926 3865 972 3915 Est
988 3865 1090 3929 potius:
1110 3865 1251 3928 «trequen-

159 3937 280 3989 deiectis.
300 3939 353 3990 Cir.
372 3938 455 3990 Plaut.
473 3941 546 3991 Asin.
561 3943 590 3999 l,
609 3941 636 4000 2,
656 3941 684 3990 t:
722 3941 784 3991 leta.
815 3939 885 4002 Virg.
905 3939 951 3988 Ge.
971 3939 999 4000 l,
1022 3939 1086 3990 380:
1111 3939 1250 4002 :inpactum

158 4013 213 4062 iam
236 4027 269 4064 aa
289 4015 334 4064 boc
351 4014 404 4064 loco
420 4013 462 4064 no
479 4027 524 4077 epo
540 4015 574 4064 od
593 4015 686 4064 Tritol-
720 4013 829 4077 [amica
856 4018 937 4062 taeta
963 4013 1019 4063 tter.
1058 4013 1100 4062 Sic
1131 4008 1246 4071 τιβειν.

158 4091 347 4148 resocatropae
357 4087 391 4136 tbi
403 4089 506 4138 nemim
516 4089 685 4138 Feroci-ont:
721 4088 794 4138 Arat.
813 4087 878 4136 att:
896 4082 1030 4138 Μεσσόθι
1046 4083 1078 4136 tt
1095 4027 1184 4155 spiriac
1200 4087 1250 4149 μέ-

158 4161 249 4223 ceptro
268 4167 292 4212 ta
312 4161 420 4225 perdom
440 4176 485 4227 epo
504 4167 528 4212 et
546 4162 633 4226 filiorm
655 4187 683 4198 -
722 4177 776 4228 γαν
797 4155 939 4231 οὐρανόν,
963 4160 1036 4224 quod
1059 4161 1153 4210 Cicero
1174 4161 1246 4210 Arat.

158 4237 293 4286 Praecoais
314 4238 348 4287 orl
364 4236 503 4300 [caudium]
527 4249 629 4298 «usque
651 4235 686 4286 ed
721 4237 746 4286 2.
761 4235 854 4286 vertit:
873 4236 1056 4286 caettowdtam
1070 4236 1246 4296 pertentarit.

159 4311 310 4362 satietatem
328 4312 481 4375 praeconis,
505 4311 563 4374 qui.
587 4311 652 4362 dum
670 4323 684 4360 a
725 4339 752 4348 -
766 4311 846 4376 apres]
865 4313 931 4364 Nam
948 4309 1009 4362 inde
1021 4323 1036 4360 a
1048 4310 1170 4361 Caesaris
1183 4311 1249 4362 tem-
