2986 4974
511 439 570 488 tis.
591 440 620 488 ll.
658 440 686 488 (ἶ.
706 441 759 489 Vll.

330 592 411 670 Quis
434 603 465 658 te
488 593 654 660 redonavit
675 595 832 673 Quiritem

370 713 427 778 Dis
449 714 561 800 patriis
582 713 728 802 Italoque
750 715 857 792 eaelo,

287 872 420 958 Pompei
441 892 588 938 meorum
609 873 713 960 prime
737 874 923 942 sodalium?

286 993 366 1058 Cum
388 1013 453 1080 quo
476 1003 653 1062 morantem
676 1015 777 1084 saepe
799 996 886 1064 diem
908 1019 997 1066 mero

327 1115 420 1202 Pregi
443 1125 615 1181 coronatus
637 1116 775 1182 nitentes

371 1235 569 1302 llalobethro
592 1237 688 1324 Syrio
710 1237 853 1324 capillos.

286 1397 403 1460 Tecum
426 1393 590 1482 Philippos
612 1406 646 1462 et
665 1396 806 1463 celerem
830 1397 936 1486 iugum

175 1597 200 1646 3.
223 1596 350 1659 Quirites
366 1595 496 1646 Heinsius.
513 1623 540 1632 -
553 1597 577 1646 4.
590 1597 694 1659 Pomptti
711 1595 738 1657 4),
757 1597 843 1660 Pompi
860 1599 927 1649 BTd.
944 1628 970 1635 —
985 1601 1007 1649 7.
1022 1604 1121 1654 4444444444
1137 1607 1164 1656 Τ.

104 1766 221 1828 antique
239 1761 351 1814 ior-mutu
367 1765 508 1828 praeconis
525 1765 551 1814 in
565 1763 639 1814 44444-
676 1764 716 1824 34,
736 1765 776 1814 ts.
795 1779 869 1816 4444444
885 1767 962 1830 Sora.
981 1769 1028 1820 Od.
1044 1771 1074 1830 i,
1094 1773 1137 1832 tt,
1158 1774 1198 1822 46.

104 1839 185 1890 n'bus
209 1836 341 1888 indictivis
363 1837 434 1901 opud
451 1838 559 1888 Festum
575 1851 635 1902 pag.
674 1840 771 1888 4444444444
794 1841 906 1903 Asturia.
950 1845 1027 1908 Prop.
1056 1847 1083 1907 4,
1110 1849 1141 1906 i,
1168 1848 1197 1898 3:

104 1915 165 1964 447.
188 1912 281 1964 4444.;
302 1912 370 1962 Ollius
387 1913 472 1974 0444444
488 1913 535 1962 teto
553 1914 634 1964 dutus.
676 1914 942 1977 04444444--4444444444,
962 1917 1197 1972 Philodemhuth.
1293 1921 1296 1928 '

104 1991 224 2051 Propter
235 1989 319 2051 ipsum
333 1985 482 2038 facilitatem
494 1987 637 2038 reticieuds
675 1987 728 2038 Pel.
737 1991 767 2038 ll.
778 1989 838 2040 329:
853 1988 984 2060 σμύρναν
995 1985 1072 2052 ἔχειν
1083 1995 1198 2066 Συρίην.

104 2067 147 2114 est
166 2062 271 2113 Heinsii
287 2063 367 2112 coni:
384 2064 511 2124 Quiritum
526 2064 581 2112 Dis.
675 2062 759 2113 hlium
777 2064 855 2114 huius
872 2067 985 2118 nominis
1001 2068 1148 2133 explicandi
1160 2083 1202 2120 rs-

136 2138 164 2190 4.
197 2138 247 2186 Dis
268 2137 368 2200 potr-its]
397 2137 500 2202 imperii
527 2138 638 2188 Romani
675 2139 774 2188 tionem
787 2140 843 2188 iniit
854 2140 1131 2200 schroetsrus,euius
1140 2158 1201 2194 sen-

105 2210 266 2272 Penatibus,
285 2211 331 2274 qui
349 2213 438 2262 tumen
455 2209 534 2262 simul
551 2213 638 2275 siugu-
675 2211 784 2262 tentiam
797 2212 982 2265 exhibebimus
997 2215 1023 2264 in
1034 2217 1153 2268 Excursu
1166 2217 1200 2267 ad

104 2288 144 2338 los
174 2287 251 2336 cives
275 2287 392 2336 tuentur.
438 2285 508 2348 virg.
536 2287 581 2336 Ge.
612 2287 634 2346 4,
674 2285 766 2344 ede,
787 2287 832 2346 tt,
852 2287 939 2352 resq.
961 2315 988 2325 -
1007 2290 1200 2341 4444444444

104 2363 173 2414 l98:
196 2363 233 2410 ns
245 2361 342 2423 patrii,
361 2361 481 2424 lndipetes
497 2365 521 2410 444
535 2362 638 2412 4444444444
675 2361 722 2410 cir.
736 2361 824 2426 Eurip.
840 2361 913 2424 Cyol.
928 2365 988 2412 sot:
1004 2358 1198 2435 μυρόχρισνος

108 2439 234 2497 testaque
257 2439 347 2486 4444444.
378 2459 404 2473 -
426 2435 546 2499 iratoque]
570 2436 635 2486 Note
674 2431 795 2507 lunapdv
820 2433 994 2508 βόστρυχον.
1016 2465 1044 2476 -
1072 2440 1197 2490 Ceterum

104 2511 225 2562 litteram
252 2511 260 2557 i
286 2510 313 2559 h.
340 2507 356 2558 l.
381 2509 502 2571 brevem,
522 2509 583 2560 elibi
602 2511 634 2574 (2,
674 2525 736 2562 oum
745 2513 901 2576 metaphora
920 2511 960 2563 4444
971 2514 1036 2578 tropi
1048 2515 1112 2564 diem
1123 2529 1198 2564 oom-

105 2587 154 2646 43,
179 2583 221 2634 48.
248 2585 280 2644 3,
304 2584 350 2646 30,
376 2583 416 2634 43.
435 2583 465 2644 4,
489 2584 520 2646 4,
545 2584 585 2636 ii.
604 2585 634 2646 4,
673 2600 768 2651 perure
796 2587 867 2636 iuvat
889 2589 1005 2638 comicus
1031 2587 1087 2640 illes
1116 2585 1198 2640 Pluuti

106 2663 152 2720 44,
174 2659 226 2720 43.)
245 2657 360 2720 longam.
673 2662 881 2722 Asinzhiit:
900 2662 1087 2724 tenu-quor
1098 2665 1199 2727 44444444

139 2737 165 2784 d.
190 2733 283 2797 pnme]
310 2734 414 2784 Po‘eties
438 2735 505 2783 rutio
530 2734 634 2794 44444444,
673 2739 768 2788 taceret
785 2737 858 2795 4444444,
873 2738 1015 2798 sitient,
1030 2738 1112 2798 sto:
1132 2740 1196 2789 444444

105 2813 136 2859 44
155 2810 271 2871 prinum
292 2808 498 2872 interpretemur
520 2809 636 2873 aprime·
673 2811 849 2860 4444444444444444
865 2811 938 2871 dien,
957 2812 1081 2874 potando,

106 2885 192 2944 rium,
222 2883 434 2946 praecipuum»;
464 2895 530 2932 non:
554 2875 635 2946 ¹equo
706 2885 729 2934 9.
748 2885 879 2948 Philippos]
899 2885 975 2934 iiedit
991 2886 1197 2936 adsenteutiem

105 2957 258 3009 diutissime
282 2969 347 3008 usus
371 2969 432 3006 suni
454 2957 516 3006 iude
535 2969 551 3006 4
567 2969 636 3020 pue·
672 2971 698 3008 v.
718 2960 757 3018 4.,
782 2971 869 3020 neque
887 2972 951 3008 vero
974 2958 1055 3020 haec,
1080 2961 1110 3010 ut
1130 2973 1197 3010 nou-

106 3033 196 3083 44444·
672 3031 736 3084 nulli
754 3033 803 3081 reti
820 3034 896 3091 sunt,
920 3035 1090 3096 opponuntur
1106 3036 1196 3096 344444

140 3107 198 3158 6-8.
217 3104 366 3168 morantur]
386 3104 488 3164 «diem,
515 3106 560 3168 qui
585 3106 635 3156 nisi
673 3104 857 3156 consuetudini
870 3105 895 3154 444
908 3104 1052 3168 praecedd.
1065 3109 1198 3170 44444844-

106 3195 161 3232 uns
193 3180 271 3242 genio
305 3179 524 3240 indulsissemus,
557 3181 636 3230 nimis
673 3181 775 3230 4444444.
804 3181 871 3229 Cum
889 3178 939 3229 sub
959 3179 1041 3230 tinem
1058 3182 1119 3230 anni
1137 3181 1194 3231 ils.

105 3256 203 3319 longus
232 3252 309 3304 uobis
337 3254 410 3304 visus
439 3255 524 3313 44444,
554 3254 635 3318 tropi,
673 3253 836 3307 debellatum
853 3257 926 3304 esset
936 3253 970 3303 ed
982 3253 1123 3320 Philippos,
1142 3257 1198 3306 tne-

106 3329 262 3382 breuiorem
279 3327 396 3388 reddidi,
416 3340 515 3378 corona
529 3325 637 3378 redimi·
673 3333 735 3379 unte
753 3343 778 3378 4.
801 3327 858 3378 743.
883 3329 1004 3378 Horatius
1030 3329 1057 3378 in
1082 3330 1196 3393 petriani

107 3409 150 3456 tus
177 3403 283 3453 circum
306 3401 415 3468 cepillos
438 3403 531 3452 unctos
553 3403 636 3452 444444-
672 3404 758 3454 rediit.
777 3401 938 3454 perridicula
950 3405 1101 3464 edentem,
1115 3417 1196 3468 quem

107 3479 210 3540 tethro,
247 3475 305 3527 oleo
340 3489 468 3542 expresso
501 3490 534 3526 ex
569 3475 635 3527 loliis
673 3491 759 3541 nuper
787 3477 896 3540 quidum
924 3490 973 3542 pro
1000 3491 1064 3527 44444
1092 3478 1194 3542 hebuit,

106 3555 210 3604 44444444
228 3552 340 3602 cassies.
377 3551 495 3602 Verbum
513 3552 636 3603 Latinum
673 3552 1198 3617 444444444444444444444444444444444444-

108 3627 265 3691 corruptum
291 3628 332 3676 444
362 3639 395 3676 ex
424 3625 514 3676 indico
542 3626 636 3676 Tamd-
672 3627 778 3677 testicu:
803 3627 926 3690 «Captus,
945 3629 986 3677 est
1002 3641 1018 3676 u
1036 3629 1152 3678 Caesare
1171 3633 1197 3678 et

107 3703 250 3765 tapacrnn,
276 3701 292 3749 i.
312 3713 336 3750 4.
361 3698 560 3752 Tsmtlitolium.
596 3701 634 3752 Ci.
672 3701 850 3766 proscriptus,
875 3701 956 3750 etium
978 3701 1104 3753 omnibus
1127 3716 1196 3766 quae

108 3779 208 3828 444444
226 3774 283 3825 lud.
301 3772 351 3825 Alt.
364 3775 384 3824 1.
400 3787 427 3838 p.
441 3774 498 3824 483.
517 3775 638 3838 unguen·
673 3773 791 3826 habebat
803 3774 937 3838 direptis.»
954 3775 1001 3838 (De
1013 3777 1065 3826 4444
1077 3775 1135 3838 iuge
1146 3777 1194 3826 444.

108 3855 164 3902 tum
191 3849 244 3898 hoo
269 3850 349 3899 etism
374 3849 491 3911 [4444444444
518 3849 637 3900 vocabe-
673 3849 774 3900 Weber
794 3849 880 3900 Horas
897 3862 923 3913 p.
943 3849 993 3912 40.)
1023 3877 1050 3886 -
1074 3851 1198 3913 Philippos

107 3929 157 3974 tur.
177 3922 287 3976 blertial.
302 3924 342 3983 44,
362 3925 402 3984 27,
422 3925 446 3974 o.
473 3924 571 3975 Confer
588 3923 637 3976 Pli-
673 3929 695 3974 et
712 3925 814 3974 celerem
830 3923 926 3988 [upum]
945 3925 970 3974 iu
991 3924 1110 3988 pedestri
1128 3928 1194 3976 oret.

107 3998 232 4054 44444444,
246 3998 328 4046 46.-
342 3999 445 4060 8444444444
456 3997 508 4048 dici
519 3998 633 4060 videtur,
674 3997 778 4062 «iugem
801 3997 1034 4064 Philippensem»,
1062 3999 1111 4050 sed
1134 3998 1197 4048 illud

108 4072 182 4136 quod
210 4071 320 4122 omuino
348 4073 438 4123 indiae
467 4075 495 4122 et
522 4071 634 4124 44444444
673 4087 706 4124 ex
722 4087 773 4124 usu
793 4075 933 4136 poetarum
951 4076 1030 4136 etque
1050 4075 1129 4124 etiem
1145 4075 1196 4124 Te-

108 4159 216 4198 msrees
244 4161 259 4196 4
288 4147 482 4200 mercatoribus
511 4150 635 4200 Romanis
673 4149 726 4209 citi,
745 4149 810 4198 ltist.
825 4149 853 4208 4,
873 4149 916 4198 t8:
936 4149 1049 4198 4444444444
1060 4153 1083 4198 44
1092 4147 1196 4210 4444444444

109 4219 304 4281 exhutiochis,
322 4223 403 4272 totius
415 4223 635 4286 Orientisempo-
672 4229 696 4272 et
712 4224 826 4274 4444444444
842 4225 933 4273 otinas.
963 4221 1030 4273 thid.
1044 4224 1088 4272 4οε
1107 4221 1197 4282 ubique

110 4293 161 4352 444,
182 4295 292 4346 Romam
310 4295 522 4346 advehebantur.
547 4294 595 4346 Od.
611 4297 633 4359 4,
672 4297 745 4347 husto
756 4303 778 4346 et
790 4303 868 4347 444444
876 4303 899 4347 44
910 4298 1020 4358 inquieta
1032 4297 1092 4344 Urbs
1102 4297 1197 4344 4444444-
