3002 4974
533 458 592 508 ΗΒ.
611 458 653 508 lll.
690 459 719 509 C.
738 459 780 510 lll.

296 615 364 680 Non
387 613 507 680 civium
527 613 626 680 ardor
646 635 748 703 prava
773 613 971 692 iubentium,

337 737 406 802 Non
427 733 533 803 voltus
555 735 702 802 instantis
723 737 851 826 tyranni

378 858 484 925 liente
506 857 611 944 quatit
631 855 735 924 solida
757 879 866 946 neque
888 860 1019 936 Auster,

292 1017 365 1082 Dux
387 1015 520 1104 inquieti
543 1013 692 1082 turbidus
716 1015 876 1090 Hadriae.

293 1139 360 1204 Neo
382 1135 577 1202 fulminantis
599 1157 717 1224 magna
739 1157 854 1203 manus
876 1137 979 1216 lovis;

335 1257 368 1325 Si
390 1257 509 1324 [raetis
532 1256 681 1324 illabatur
701 1257 809 1336 orbis,

376 1377 579 1466 lmpavidum
600 1379 716 1447 ferient
737 1379 860 1446 ruinae.

189 1597 212 1646 t.
229 1595 293 1646 louis
303 1609 394 1645 monas
404 1593 498 1656 Aldus,
517 1595 570 1646 Lct
582 1597 673 1646 contra
686 1595 770 1646 Codd.
785 1596 905 1660 Cruquii‚
925 1594 1045 1656 Bentleii,
1064 1609 1140 1648 meos
1152 1602 1179 1649 et

157 1671 276 1721 Pottien'i.
298 1697 326 1706 -
345 1670 369 1721 'l.
388 1669 504 1720 litatem
520 1670 553 1730 T,
571 1682 614 1734 pr.
632 1667 710 1735 hyra.
731 1697 758 1706 -
774 1669 799 1720 8.
817 1670 967 1732 limaviclom
983 1671 1044 1720 STo.

129 1876 283 1930 magnopere
296 1863 386 1924 tollor,
405 1865 493 1915 taetus
505 1862 648 1928 aliquando
686 1865 741 1916 Cio.
768 1865 845 1916 Tuae.
873 1864 904 1927 l,
928 1865 960 1916 8:
994 1865 1211 1917 emerentianam

128 1941 277 2003 eogitatione
289 1938 432 2002 malorum,
444 1952 514 2004 qrrae
523 1941 647 1991 Romanis
684 1944 779 1989 metron
789 1941 954 1989 amnentur
966 1941 1079 2004 eoyitota
1093 1941 1209 2004 (dicunt).

128 2015 175 2064 iam
198 2015 262 2064 tune
287 2013 418 2065 infixisset
442 2013 578 2065 translatio
605 2013 647 2065 illu
686 2013 753 2077 (asie
775 2009 949 2079 ἐκπλήττειν.
973 2014 1098 2078 Aeschyl.
1121 2017 1208 2067 Proin.

127 2089 237 2152 imperii,
268 2101 351 2153 quam
374 2089 516 2140 ermenius
540 2092 582 2140 eet
598 2088 648 2138 de·
685 2082 805 2151 36οτὋς
817 2082 907 2138 aizoi
919 2085 1055 2154 ἐξέπληξε
1065 2087 1123 2140 τῶν
1135 2084 1212 2156 ὕψη-

128 2175 196 2214 mum
213 2163 419 2223 Constantinus,
446 2163 515 2214 hano
535 2177 647 2225 φαντα-
684 2157 778 2232 γόρων
796 2161 1033 2227 Κομπασμάτων.
1069 2164 1210 2215 idiotam

126 2239 187 2288 utar
203 2239 308 2302 poetice
322 2237 467 2286 exornavit.
495 2237 548 2287 Cir.
562 2238 648 2288 Luca·
685 2237 824 2300 stropham
841 2237 888 2286 etr.
903 2238 956 2288 Cio.
969 2251 1019 2302 pro
1034 2238 1087 2300 Lig.
1104 2237 1132 2299 9,
1150 2239 1210 2287 26.»

126 2325 184 2363 num
208 2314 236 2374 9,
255 2314 330 2371 eor..
356 2311 403 2361 ubi
429 2313 529 2362 Caesar
554 2312 646 2362 Troiae
685 2311 777 2374 tiana.)
793 2338 820 2347 -
833 2312 926 2376 solido]
946 2314 1047 2362 Seneca
1066 2311 1100 2362 de
1118 2313 1209 2362 Consi.

126 2386 219 2451 degens
236 2389 305 2438 haec
323 2387 439 2451 proteri:
457 2388 594 2437 tartunam
602 2400 649 2448 po-
685 2387 745 2449 Sap.
764 2385 796 2435 3:
825 2388 1038 2448 Ouermdmodom
1057 2388 1163 2450 proiecti
1183 2387 1210 2436 ta

122 2465 196 2526 polea
237 2467 322 2516 &ato
345 2465 399 2514 vice
423 2465 524 2514 montio
546 2465 649 2514 reddent
684 2461 951 2524 altwnaoopulimore
966 2463 1105 2526 fronouot,
1122 2461 1212 2511 itaeo-

124 2539 258 2590 rlrooatdae
294 2539 446 2603 Ρὴηρίὸιω,
485 2541 648 2601 normaque
681 2535 773 2596 pientia
789 2537 889 2585 animus
912 2537 1005 2586 elicito
1029 2541 1078 2598 ert,
1106 2535 1133 2586 id
1154 2538 1209 2594 est,

124 2615 241 2679 Pernam
256 2619 368 2679 meent.
392 2613 467 2663 Adde
492 2612 599 2665 Loebell
621 2615 646 2664 in
685 2611 1012 2675 uunquamperturbatus,
1026 2612 1209 2661 utiTac.Ann.

124 2688 253 2740 llaumer's
282 2688 451 2738 modiatam
478 2687 648 2738 lancinatori
686 2684 729 2744 ll,
748 2683 794 2734 at:
824 2685 904 2736 solida
921 2687 988 2735 domi
1006 2687 1090 2748 quma,
1118 2698 1209 2735 «nun-

124 2761 238 2828 timp.
260 2764 320 2814 266.
342 2789 369 2799 -
390 2763 590 2826 (Argumentum
608 2764 647 2814 sio
684 2759 1209 2823 quaminterrupta.»SimonideeFrngm.

123 2837 306 2902 complectitur
327 2836 530 2900 Dillenburger:
563 2838 647 2888 «laus
684 2833 724 2882 2⁴.
744 2833 907 2883 Schneider.
925 2847 950 2897 p.
968 2827 1210 2903 ⁴6:31vdp’etya-

123 2915 148 2960 et
163 2911 243 2976 gloria
261 2913 378 2963 nominis
396 2912 522 2973 Romani,
541 2910 576 2962 ab
594 2913 647 2962 lio-
683 2901 739 2955 θὸν
755 2906 809 2971 μὲν
825 2899 956 2970 ἀλαθέως
975 2908 1109 2973 γενέσθαι
1126 2905 1213 2967 χαλε-

123 2986 190 3036 mulo
205 2989 299 3052 parte,
329 2998 378 3049 per
396 2998 526 3037 annorum
548 2987 646 3037 seriem
685 2977 740 3031 πὸν
756 2981 865 3052 Χερσίν
882 2997 913 3031 τε
929 2983 978 3032 καὶ
996 2983 1067 3033 ποσὶ
1083 2983 1133 3032 καὶ
1150 2978 1210 3050 νόῳ

123 3060 242 3122 adaucta,
270 3059 306 3111 ab
323 3062 442 3122 Augusto
459 3060 493 3111 ad
509 3073 647 3110 summum
683 3053 876 3127 τετράγωνον,
903 3051 972 3107 ἄνευ
1000 3056 1101 3124 ψόγου
1128 3071 1210 3108 raro-

123 3133 249 3199 laatigium
268 3133 373 3196 elata»)
403 3134 502 3183 Franke
519 3134 573 3184 hoo
590 3146 649 3183 oar*-
683 3132 799 3198 γμένον.

123 3221 181 3260 men
196 3210 231 3261 ad
249 3225 277 3260 a.
296 3221 323 3258 u.
343 3221 366 3258 o.
385 3209 459 3269 iti,
478 3209 607 3258 llirehuer
621 3209 648 3258 et
717 3207 741 3255 o.
768 3205 842 3269 Dite]
868 3208 898 3255 ut
915 3204 962 3255 0d.
982 3207 1011 3268 2,
1032 3205 1078 3267 47,
1098 3207 1146 3256 to:
1166 3212 1208 3269 ty-

122 3281 162 3333 alii
178 3283 212 3335 nd
230 3297 255 3334 a.
276 3282 333 3332 733.
354 3281 481 3332 tolerunt.
683 3294 782 3330 runata
806 3281 939 3342 Hesperiae
965 3281 1135 3343 Gaudeamus
1160 3295 1211 3332 aet-

154 3359 177 3408 i.
195 3360 294 3409 laetmn
311 3362 334 3407 et
350 3355 417 3422 oet]
435 3358 500 3406 Oeto
520 3357 569 3407 hoa
585 3369 648 3406 ver·
685 3357 741 3405 dae.
762 3383 790 3392 -
809 3355 935 3419 turbidae]
955 3357 1071 3419 «impetu
1088 3367 1137 3405 suo
1154 3357 1211 3405 tur-

122 3445 165 3484 aua
183 3435 254 3484 inter
272 3430 358 3482 eculei
376 3433 509 3481 tormenta
529 3431 649 3482 recitavit
685 3430 734 3481 bas
746 3431 772 3480 in
785 3431 850 3480 mari
863 3431 1020 3481 suscitans.»
1041 3457 1069 3466 -
1089 3430 1210 3495 Hadriae]

122 3517 231 3570 magnus
254 3504 298 3556 ille
321 3507 434 3557 Batavus
458 3503 597 3556 Cornelius
614 3505 649 3555 de
685 3504 733 3554 od.
754 3504 821 3565 t‚3‚
844 3505 889 3554 to:
915 3505 968 3567 ooo
984 3518 1034 3554 aon
1051 3503 1212 3555 arbtterlio-

122 3579 200 3632 Witte
222 3579 512 3643 -teaoeempropotitiJ
525 3577 649 3630 Similiter
685 3580 757 3628 drioe
772 3579 864 3627 amtor.

122 3655 195 3706 Caes.
209 3658 239 3706 B.
255 3656 285 3706 C.
300 3655 382 3717 t‚8e.
401 3655 649 3717 tmerepropoaitom
719 3653 742 3701 6.
767 3666 864 3716 maaria
878 3653 983 3717 moue]
1008 3651 1210 3704 «validissima»

121 3728 191 3780 dixit.
204 3727 650 3793 lliopereeintelligiturvirtmnr
686 3727 751 3778 Mire
777 3725 894 3777 nonnulli
920 3729 1093 3778 construunt:
1122 3741 1214 3778 monor

118 3806 253 3868 properio,
283 3804 356 3868 quod
379 3817 413 3855 ex
432 3804 546 3854 iustitiae
567 3816 647 3855 sensu
685 3802 751 3851 loeis
778 3801 937 3864 minantia
961 3814 1071 3865 mona,
1103 3801 1131 3852 id
1156 3803 1210 3862 aot,

120 3880 206 3929 ortum
223 3891 336 3943 prorsus
354 3889 416 3928 oum
435 3891 467 3929 ea
484 3879 613 3941 congruit.
686 3874 744 3926 looa
762 3873 875 3926 excelsa.
911 3875 1005 3926 Obstat
1029 3874 1071 3926 vel
1099 3887 1212 3927 oaeeura

152 3953 177 4002 2.
199 3952 224 4003 3.
250 3951 341 4016 ordor]
362 3951 535 4003 «luribuudus
552 3950 649 4002 tumul·
685 3948 819 4001 versiculi.

121 4027 162 4077 lus
187 4028 214 4078 in
245 4026 375 4079 seditione
401 4040 483 4090 prava
509 4025 648 4092 postulan-
718 4026 742 4075 i.
776 4023 897 4075 illatam
924 4024 1003 4090 orbis]
1040 4025 1078 4075 «si
1106 4021 1211 4074 caelum

122 4101 213 4151 tium.»
238 4101 374 4165 -voltor1
398 4100 582 4152 «muculentus
604 4113 649 4150 ur-
684 4101 769 4148 ruat.»
796 4099 912 4162 Theogn.
939 4098 996 4148 869.
1019 4099 1066 4148 B.:
1088 4089 1141 4146 Ἕν
1156 4110 1210 4161 μοι

121 4176 226 4237 guenilo
243 4178 271 4226 et
286 4177 432 4228 minitantis
448 4175 580 4239 twanni.»
684 4165 783 4223 ἔπειτα
793 4173 879 4223 πέσοι
889 4174 980 4239 μέγας
991 4165 1117 4246 οᾷρανός
1128 4163 1212 4239 εὐρὺς

153 4248 177 4299 i.
203 4251 298 4315 qumi]
330 4263 408 4302 neum
425 4249 589 4301 conturbans
612 4248 646 4299 de
685 4239 808 4319 ὕπερθεν
831 4245 891 4298 κτλ.
927 4246 988 4309 (Cir.
1009 4245 1090 4296 etiam
1110 4245 1212 4294 Grimm

121 4325 253 4374 sententia
270 4327 343 4376 certa
360 4337 393 4374 ae
404 4324 481 4376 firma
493 4322 645 4374 demovet.»
685 4323 770 4373 Garat.
784 4323 810 4372 d.
822 4323 847 4372 cl.
861 4322 920 4385 sur.
932 4334 960 4386 p.
974 4321 1043 4383 toa.)
