3002 4974
620 500 627 511 Ι
685 430 813 480 ΗΟΗΑΤΙΙ
831 430 1001 482 casilinum

470 586 513 652 Te
536 586 604 650 suis
626 597 746 652 matres
767 595 914 652 metuunt
937 587 1100 660 iuvencis,

471 709 514 774 Te
538 728 633 773 senes
656 708 744 796 parci
767 707 973 795 miseraeque
997 728 1102 796 nuper

467 829 612 916 Virgines
634 837 765 915 nuptae,
792 839 847 896 tua
872 851 912 894 ne
936 830 1077 896 retardet

598 953 684 1016 Aura
707 952 848 1018 maritos.

366 1153 406 1204 31.
426 1153 495 1202 Cura
511 1151 591 1202 dubia
610 1150 719 1202 Bentleii
737 1151 868 1214 suspicio.
889 1155 917 1200 et
934 1150 973 1202 sic
990 1150 1059 1214 Lips.
1080 1151 1102 1200 l.

300 1328 453 1380 lescentulis
471 1327 549 1379 etde
566 1325 661 1390 puellis
679 1325 822 1378 nubilibus.
862 1328 1038 1389 consociavit,
1058 1340 1109 1378 nec
1120 1339 1187 1378 vero
1199 1325 1312 1378 dedecet
1322 1341 1381 1378 cer-

301 1405 375 1456 Ovid.
388 1407 447 1456 Am.
461 1405 490 1465 3,
503 1406 533 1466 11,
552 1403 592 1453 37.
611 1403 676 1454 ltlire
688 1403 826 1454 Mitscher-
863 1413 926 1452 men
952 1402 1083 1452 iocosum.
1127 1402 1174 1451 Est
1198 1401 1284 1452 «odor
1306 1400 1347 1453 ille
1368 1417 1382 1450 a

301 1477 368 1530 lich:
399 1479 531 1539 «1333331,
565 1491 617 1527 nou
643 1478 701 1527 sine
726 1478 825 1528 virtute
863 1477 976 1526 iuvenca
994 1477 1123 1537 emissus,
1142 1489 1196 1539 quo
1215 1478 1319 1539 captato
1331 1479 1383 1526 tau·

304 1553 461 1626 (ἐναργείᾳ),
480 1555 506 1603 iu
523 1565 552 1602 re
566 1549 723 1616 turpicula.»
749 1552 827 1614 Equi·
863 1563 910 1600 rus
927 1552 953 1600 in
974 1563 1104 1601 venerem
1125 1551 1209 1602 ruit.»
1243 1550 1312 1601 Talia
1335 1563 1382 1600 nou

303 1629 366 1680 dem
391 1626 455 1678 nihil
480 1625 604 1691 turpiculi
629 1627 695 1691 puto
721 1627 825 1686 inesse;
863 1623 897 1674 ad
928 1628 1051 1675 nostrum
1077 1637 1187 1676 sensum
1206 1624 1381 1682 diiudicanda;

302 1705 386 1754 immo
410 1715 476 1753 usus
502 1704 544 1752 est
572 1700 670 1750 eodem
695 1699 827 1751 vocabulo
864 1698 999 1762 siquidem
1016 1698 1050 1748 ab
1063 1698 1216 1749 huiusmodi
1230 1699 1383 1762 imaginibus
1479 1699 1480 1726 t

302 1780 424 1844 poetico,
443 1787 496 1840 quo
509 1777 612 1826 Rhesus
629 1775 656 1824 in
668 1776 827 1837 cognomine
865 1787 896 1823 ex
914 1774 971 1838 ipsa
987 1787 1079 1824 rerum
1095 1777 1190 1824 natura
1200 1775 1289 1838 petitis
1301 1775 1383 1824 minus

302 1851 392 1904 tabula
408 1865 433 1902 v.
453 1849 510 1900 381.
535 1843 748 1919 ὁΣτρυμόνιος
767 1844 828 1898 ao·
865 1847 1048 1899 abhorrebant
1081 1849 1175 1899 Graeci
1209 1852 1237 1899 et
1270 1848 1382 1900 itomani.

303 1925 354 1989 λος
370 1919 472 1975 ἀοιδοῦ
491 1918 613 1988 Μούσης
629 1925 750 1973 vocatur.
864 1924 935 1986 virg.
955 1925 1001 1973 Ge.
1020 1923 1049 1984 3,
1068 1923 1129 1973 3501
1156 1923 1244 1974 Nonne
1259 1924 1341 1985 31333,
1358 1927 1382 1971 ut
1480 1948 1481 1982 2

865 2003 918 2048 toto
934 2003 1028 2048 memor
1040 2003 1163 2060 ponant
1183 2009 1306 2060 epitom
1327 1997 1384 2048 Cor-

861 2086 941 2135 poro,
968 2073 1111 2122 3113313331
1132 2077 1205 2122 news
1227 2073 1290 2122 odor
1307 2073 1383 2122 attulit

865 2147 962 2197 carros?
973 2147 1015 2196 Sic
1027 2148 1108 2197 etiam
1120 2145 1269 2198 Orientales
1281 2147 1383 2211 antiqui.

335 2038 376 2087 33.
405 2034 519 2100 munuc]
549 2037 689 2086 «maestae
717 2037 828 2099 propter

303 2113 447 2175 coniugum
482 2107 695 2170 infidelitatemp
728 2110 829 2172 paellae

303 2189 394 2238 autem
411 2190 439 2237 et
453 2187 563 2250 cirpinas
579 2184 651 2236 haud
668 2199 730 2236 raro
747 2187 827 2236 etism

302 2267 396 2324 neptae
413 2262 552 2330 dicuntur,
572 2261 659 2310 utOd.
673 2260 701 2322 3,
722 2259 766 2320 ll,
786 2261 826 2310 ll:

300 2337 400 2400 mnae
420 2337 473 2386 qam
492 2337 577 2384 vim
593 2340 719 2398 mm
755 2335 826 2398 Vim·
866 2294 1386 2357 1333313311333133331131313-

865 2373 998 2434 pretatur:
1023 2370 1103 2420 Sicuti
1119 2383 1215 2434 onoper
1231 2371 1348 2420 33333133
1362 2370 1385 2416 in

304 2410 358 2462 Ecl.
378 2411 406 2470 6,
425 2410 466 2461 tt.
480 2409 514 2458 do
529 2410 658 2473 Pasiphae
675 2411 737 2473 post
747 2422 829 2458 vene-
865 2445 995 2495 mmm
1012 2445 1089 2495 mm
1109 2445 1136 2494 in
1153 2445 1274 2494 desim
1292 2445 1387 2494 mm
1482 2472 1483 2488 ἵ

304 2498 364 2535 rem
381 2497 443 2534 cum
461 2485 538 2532 tauro
556 2484 686 2533 iunctam:
703 2483 829 2546 3139313-

302 2560 374 2624 scite.
405 2559 546 2616 Ceterum,
568 2569 630 2607 cum
647 2558 674 2606 iu
690 2557 742 2607 hoc
759 2569 830 2620 quo-

305 2646 358 2697 que
387 2630 505 2683 nonnulli
533 2632 663 2690 errarint,
699 2633 762 2682 note
790 2632 829 2682 sie

305 2706 517 2758 construendum
545 2719 621 2756 esse:
652 2706 763 2770 Voptoas
778 2707 829 2756 mi-

304 2795 376 2833 seros
392 2795 473 2843 asper·
488 2785 590 2844 nuptae.

865 2533 925 2570 3333
940 2525 1040 2570 ventum
1055 2519 1095 2569 cel
1109 2520 1227 2581 spiritum
1242 2521 1339 2570 3313113
1353 2516 1387 2567 sut

865 2595 996 2656 3311133333
1007 2598 1050 2656 eat,
1063 2594 1106 2655 qui
1118 2607 1176 2644 eum
1184 2599 1299 2644 avertere
1306 2593 1386 2656 poatt.

869 2695 896 2706 -
910 2670 981 2719 Heec
994 2670 1072 2731 igitur
1083 2669 1147 2718 milii
1163 2667 1270 2718 videtur
1285 2671 1387 2731 antiqua

866 2743 1048 2808 interpretatio
1067 2746 1094 2792 et
1109 2755 1174 2794 vere
1190 2743 1325 2802 Romanu
1348 2753 1387 2791 ve·

866 2831 928 2868 rum
945 2818 1132 2868 calamistratis
1155 2821 1310 2869 nostrorum
1328 2821 1388 2868 1331-

337 2893 378 2944 31.
396 2893 475 2958 Astra]
493 2894 567 2942 varie
579 2893 746 2957 interpretati
758 2895 828 2954 suut,
867 2906 965 2956 porum
987 2893 1172 2942 Grammaticis
1195 2893 1281 2955 magis
1306 2892 1389 2958 placet

304 2968 386 3020 veluti
403 2968 437 3019 de
461 2967 543 3032 gratia
569 2966 606 3031 (at
631 2981 698 3017 aare
719 2968 831 3030 popolo-
867 2968 994 3017 Serviane
1005 2965 1061 3028 illa,
1075 2979 1124 3030 pro
1136 2979 1188 3028 qua
1201 2966 1317 3018 afferunt
1329 2969 1388 3017 Pro·

304 3043 369 3108 ris);
397 3043 431 3093 de
456 3041 599 3106 splendore
625 3056 658 3092 ac
681 3040 831 3106 pulchritu-
868 3043 1041 3107 3311331,
1061 3043 1104 3092 ⁴5:
1124 3041 1389 3092 Simododcmnotmt

305 3118 367 3169 dine
394 3118 516 3181 (Servius
543 3116 576 3166 ad
602 3119 668 3166 lien.
693 3117 723 3178 e,
751 3115 828 3179 301.);
866 3117 1101 3167 rariocaooitaura
1114 3115 1214 3178 puellae
1232 3115 1290 3178 (clr.
1305 3117 1390 3168 llerlr-

306 3192 340 3243 de
357 3191 440 3242 odore
457 3193 671 3255 unguentorum
693 3191 727 3241 de
746 3190 829 3241 odore
867 3192 952 3255 ber-gii
970 3191 1095 3254 Commi.
1118 3189 1171 3240 Sed
1188 3191 1260 3240 omni
1278 3191 1322 3241 1311
1338 3189 1389 3240 ele-

306 3269 333 3317 in
344 3267 461 3329 vestigiis
480 3265 610 3326 lerarum,
630 3266 675 3328 qul
689 3277 739 3329 per
750 3277 830 3316 auras
868 3269 972 3331 gantiae
993 3265 1105 3316 firmiter
1122 3265 1212 3315 obstet
1229 3278 1314 3316 uuum
1331 3263 1388 3316 illud

306 3341 341 3390 ad
364 3351 462 3390 cenum
485 3352 565 3390 nares
587 3338 692 3390 delatus
710 3353 756 3389 eos
773 3339 831 3389 alli-
867 3342 984 3391 iuvencis.
1021 3341 1101 3404 (turo
1122 3352 1188 3390 vero
1211 3339 1321 3404 proban·
1344 3351 1389 3389 ne-

307 3415 357 3472 311;
384 3412 419 3464 (13
441 3413 532 3463 alllatu
555 3413 612 3463 sive
632 3413 715 3464 halitu
732 3415 831 3465 amoris
868 3417 925 3479 quit
946 3417 1057 3480 propter
1083 3427 1109 3464 v.
1132 3415 1172 3475 8.,
1196 3417 1227 3464 ut
1248 3415 1315 3465 vidit
1337 3417 1388 3478 ipse

308 3489 477 3551 (comparatis
489 3501 531 3537 vv.
545 3486 593 3538 Od.
606 3487 631 3548 l,
646 3488 690 3549 13,
705 3488 748 3538 ⁴9:
762 3489 832 3550 0333
868 3489 1011 3541 Bentleius.
1047 3491 1128 3540 113313
1140 3487 1283 3540 nobiscum
1295 3489 1389 3540 iaciens

306 3559 421 3624 spirabat
446 3561 573 3626 memes);
599 3561 641 3612 alii
667 3561 832 3613 advocarunt
867 3563 1069 3615 Wernsdorllus
1104 3562 1138 3613 ad
1173 3563 1254 3614 Prisc.
1291 3565 1386 3624 Perieg.

307 3635 396 3699 Eurip.
416 3635 499 3698 lphig.
520 3637 546 3685 in
563 3634 621 3686 Aul.
635 3637 680 3687 69:
698 3633 831 3702 μνηστή-
870 3639 947 3689 10303
972 3640 1058 3688 «Auro
1074 3639 1222 3702 generatim
1239 3637 1291 3687 dici
1309 3637 1389 3702 poetis

305 3725 365 3796 pov
399 3703 450 3759 ’ἕνα
477 3703 561 3760 ‘Oreo
596 3711 683 3760 πνοαὶ
715 3713 832 3781 φέροιεν
869 3713 949 3776 33131,
968 3712 1099 3778 quidquid
1116 3725 1198 3764 seusu
1210 3711 1299 3776 aliquo
1312 3711 1387 3770 tenui,

310 3781 471 3854 Αφροδιτης
496 3783 593 3846 φίλαι,
621 3787 711 3836 «cairo
731 3799 830 3836 muer.»
868 3791 941 3850 visu,
960 3790 1066 3852 odoro,
1084 3789 1176 3839 auditu
1193 3789 1270 3852 quasi
1288 3787 1339 3838 levi
1353 3784 1389 3836 el-

309 3859 389 3909 fleu.
409 3859 509 3909 Verum
528 3873 560 3909 ex
577 3873 602 3908 v.
621 3861 833 3911 3113313333-
870 3865 934 3914 llatu
946 3865 1107 3928 percipitur,
1121 3866 1151 3913 ut
1161 3862 1234 3928 apud
1244 3864 1315 3926 virg.
1327 3864 1387 3911 Aen.

307 3933 343 3982 cia
359 3934 386 3983 in
403 3932 472 3982 hanc
488 3934 632 3997 imaginem
643 3932 712 3983 ultro
724 3933 833 3985 devenit
870 3939 898 3998 7,
924 3937 984 3988 646:
1014 3939 1052 3989 Ad
1076 3952 1122 3988 nor
1142 3942 1188 3990 otc
1210 3938 1292 3988 131313
1310 3937 1389 4000 samoe

309 4010 387 4071 poeta
416 4009 496 4071 atque
524 4021 586 4059 eam
614 4006 649 4058 illi
674 4011 703 4057 ut
725 4009 832 4061 affinem
867 4011 1010 4074 portabitur
1027 4013 1132 4076 aaron)

760 4181 944 4207 Q

866 2223 945 2272 Certe
973 2222 1153 2286 Hieronymus
1179 2222 1331 2272 comment.
1355 2220 1386 2270 ad
1481 2217 1482 2224 ’
