3014 4978
672 431 801 501 aonlrn
819 432 989 485 44444444

458 595 509 662 Sis
532 591 606 660 licet
628 590 715 668 felix,
738 589 926 676 ubicunque
949 587 1064 663 mavis,

456 717 494 782 lit
515 734 640 781 memor
661 712 774 789 nostri,
800 709 945 786 Galatea,
972 709 1076 782 vivas,

457 839 567 924 Teque
590 854 651 902 nec
673 811 785 902 laevus
806 840 893 898 vetet
916 831 963 896 ire
986 830 1079 916 picus

582 958 649 1024 Nec
670 975 752 1042 vaga
774 953 893 1020 cornix.

458 1118 523 1186 Sed
544 1115 655 1192 vidos,
678 1121 798 1202 quanto
821 1111 961 1199 trepidet
984 1109 1121 1177 tumultu

457 1241 582 1305 Pronus
605 1237 715 1305 Orion.
760 1237 827 1323 Ego
849 1230 929 1320 quid
950 1232 991 1299 sit
1013 1241 1082 1299 ater

458 1359 599 1428 Hadriae
620 1357 695 1424 novi
718 1357 808 1424 sinus
831 1354 965 1443 etquid
987 1352 1081 1466 albus

356 1544 395 1593 45.
414 1542 497 1593 laeuos
514 1541 622 1604 antiqua
640 1537 770 1602 scriptura
787 1535 816 1585 B.
837 1561 865 1570 -
881 1539 945 1586 44444
967 1535 1137 1597 ileTc,ClF:
1159 1539 1227 1586 44444
1243 1547 1259 1585 4
1277 1535 1342 1586 Cod.

295 1637 301 1646 ·
322 1618 458 1756 mem
469 1616 546 1755 {Pota
565 1612 616 1675 47.)
634 1614 667 1675 L,
693 1609 777 1663 Benll.
795 1613 829 1664 44.
861 1609 901 1672 llll
924 1624 986 1675 nos,
1011 1611 1045 1673 J.)
1065 1639 1092 1648 -
1112 1610 1152 1660 l'l.
1171 1609 1282 1674 trepidat
1296 1610 1344 1660 lis.

323 1850 363 1900 43.
389 1851 430 1900 sis
453 1849 517 1914 licat]
543 1849 703 1900 Tenerrimis
726 1849 813 1900 versi·
850 1847 924 1898 libet.
960 1845 1013 1896 Sed
1029 1841 1377 1903 illudinterimnonrides,

290 1925 354 1986 bus,
381 1923 502 1974 dolorem
520 1923 554 1974 dc
572 1924 674 1974 amicae
691 1923 813 1974 discessu
851 1920 925 1986 quod
941 1918 1067 1971 omnibus
1082 1917 1207 1982 auspiciis
1219 1917 1309 1968 maius
1321 1917 1378 1968 4444

289 2011 429 2064 premens,
454 1999 529 2059 huic,
554 1997 702 2049 dummodo
719 2009 814 2048 aman-
851 1997 920 2047 cet.»
946 1992 1092 2058 -corcic1
1114 1992 1185 2056 virg.
1205 1988 1260 2041 Eel.
1280 1990 1311 2052 9,
1334 1989 1376 2042 il:

290 2072 323 2123 tie
351 2071 510 2122 memoriam
538 2073 666 2132 retineat,
700 2071 814 2122 liberam
851 2071 923 2133 Qtsod
938 2069 987 2119 44444
1002 2081 1042 2118 nac
1056 2094 1071 2104 -
1084 2093 1100 2104 -
1115 2065 1178 2118 Auta
1193 2066 1301 2116 44444444
1316 2079 1380 2116 carro

289 2146 476 2213 proficiscendi
488 2147 624 2212 optionem
636 2147 694 2208 dal,
713 2146 816 2196 denuo-
850 2144 983 2194 mensuret
999 2141 1102 2192 chilim
1118 2140 1217 2190 4444444.
1233 2165 1262 2175 -
1276 2140 1379 2190 liorem

290 2233 343 2284 que
360 2224 447 2286 optat,
466 2233 500 2271 ne
517 2219 602 2271 ullum
619 2233 700 2272 oman
716 2219 815 2270 aduer-
851 2219 901 2270 ista
926 2218 1016 2269 omina
1043 2216 1140 2281 partim
1165 2212 1250 2274 laeta,
1280 2213 1380 2277 partim

291 2307 352 2345 sum
377 2295 485 2346 abeunti
511 2297 631 2356 eveniat,
658 2294 708 2344 sed
732 2293 815 2344 maris
851 2293 981 2354 adversa,
1000 2285 1379 2344 nimianonnullisvisasnnt;

291 2367 473 2432 periculorum
495 2369 572 2419 anxia
595 2381 656 2420 eam
677 2368 813 2418 admonet.
851 2367 901 2418 sed
925 2369 995 2418 hanc
1025 2363 1242 2429 superstitionem
1265 2359 1380 2426 popula·

294 2470 320 2478 —
347 2443 415 2492 44444
441 2443 467 2492 h.
491 2441 508 2492 l.
530 2455 583 2493 non
613 2454 813 2506 «quamquam,
851 2455 911 2493 rem
928 2438 1013 2492 semel
1034 2438 1147 2504 poeticis
1173 2434 1313 2486 coloribus
1333 2447 1380 2486 or·

291 2515 374 2575 etsi»,
393 2516 442 2565 sed
459 2517 485 2566 in
502 2517 639 2581 precando
655 2519 814 2580 usurpatur,
852 2531 916 2568 nare
934 2529 983 2568 suo
1000 2515 1058 2565 iure
1078 2510 1162 2563 voluit
1176 2512 1265 2576 poeta.

290 2589 321 2638 ul
346 2588 401 2639 lere
427 2589 500 2639 idem
525 2591 559 2640 sit
583 2591 664 2654 atque
685 2591 713 2641 in
734 2602 814 2654 prosa
886 2593 926 2642 li.
938 2591 978 2642 48.
989 2585 1216 2652 trspidctlumultu]
1225 2597 1268 2650 pr.
1280 2599 1381 2650 «qusn-

291 2665 359 2713 orat.
373 2676 442 2728 «per
456 2677 525 2714 men.
544 2665 620 2716 Ouid.
633 2666 695 2717 4444.
709 2665 736 2726 3,
750 2662 815 2715 loti:
853 2669 880 2718 to
897 2666 978 2716 Orion
995 2665 1110 2728 agitetur
1128 2659 1270 2718 tumultu»,
1289 2660 1318 2710 id
1331 2663 1379 2722 est,

291 2737 333 2788 Sic
350 2743 416 2788 44444
432 2739 477 2788 istc
493 2738 561 2800 44444,
587 2739 623 2789 sic
638 2752 689 2788 444
701 2740 817 2802 potietur
854 2740 983 2806 «quantas
1000 2737 1176 2802 tempestates
1193 2735 1316 2798 inquieta
1333 2747 1381 2786 sua

291 2817 386 2864 444444.
852 2817 878 2866 vi
906 2814 1041 2866 concitans
1063 2825 1160 2877 pransu
1180 2810 1215 2860 ad
1252 2823 1380 2862 occasum

325 2889 365 2938 45.
378 2887 418 2938 46.
437 2887 632 2952 amau-piac]
648 2888 726 2952 Apud
737 2887 816 2939 Plau·
853 2891 971 2952 festinet,
990 2890 1076 2939 ruat.»
1095 2914 1123 2924 -
1140 2887 1250 2946 44444444,
1268 2889 1301 2936 ut
1312 2887 1381 2937 daos·

291 2962 817 3026 tumlasin.2,l,l2.llaustrmeslau-
851 2979 902 3015 caes
922 2965 970 3016 0d.
992 2964 1020 3025 l,
1038 2962 1084 3023 48,
1102 2961 1143 3011 24.
1163 2961 1191 3010 Α.
1212 2959 1239 3010 (4.
1258 2960 1291 3010 V.
1319 2960 1381 3011 idus

290 3037 404 3101 gnrium.
432 3037 485 3087 Sed
502 3049 567 3088 num
584 3039 611 3087 in
628 3037 669 3088 bis
681 3035 815 3087 ominibus
853 3038 1008 3099 Novembr.,
1020 3039 1090 3088 teste
1099 3033 1180 3086 Plinio
1190 3035 1230 3096 48,
1241 3033 1296 3096 aa,
1309 3035 1382 3086 Orio·

241 3145 243 3148 -
291 3111 441 3162 doctrinam
473 3110 628 3174 auguralcm
659 3109 727 3162 ulter
753 3111 815 3161 uter
853 3115 894 3165 nis
911 3112 1014 3178 gladius
1030 3109 1155 3161 occidere
1166 3109 1266 3174 incipit.
1297 3111 1377 3160 Leon

290 3187 370 3250 pcata
395 3188 518 3236 accurate
544 3186 671 3247 servarit,
698 3183 815 3235 dubitari
853 3189 911 3239 Tar.
925 3187 1004 3250 anth.
1018 3183 1072 3237 Pal.
1086 3187 1105 3234 1.
1115 3198 1142 3250 p.
1154 3183 1217 3235 385:
1235 3180 1382 3256 δνοφερῆς

290 3262 389 3326 potest.
425 3261 472 3323 (De
493 3259 543 3309 bac
564 3274 594 3310 re
615 3259 814 3310 accuratissima
852 3259 969 3328 κύματα
980 3251 1382 3329 ιανδυσιηςἜβλαψἚριυ

291 3333 437 3399 disputati.
447 3334 548 3384 Grimm
557 3334 641 3384 Gcscb.
650 3336 675 3384 d.
686 3333 816 3384 4444444444
852 3351 945 3400 νος.-
956 3334 1019 3399 cler]
1029 3333 1175 3394 «funestus,
1184 3329 1380 3396 periculosus.»

290 3410 350 3472 spr.
368 3423 427 3474 cap.
445 3409 496 3459 XL.
515 3409 589 3459 liccbt
611 3409 665 3458 uad
681 3407 767 3473 44444.)
785 3435 813 3444 -
886 3411 927 3462 49,
945 3406 1149 3471 Hadriae-sinus]
1167 3404 1330 3471 Simpliciter
1342 3407 1383 3457 cst

289 3485 362 3549 44444]
381 3485 509 3535 Tenerior
525 3484 568 3534 bic
585 3495 681 3534 sensus
697 3483 813 3545 videtur,
854 3497 944 3536 «mare
970 3482 1165 3543 Hadriaticum,
1192 3479 1266 3546 quod
1291 3483 1382 3532 sinum

290 3559 321 3608 ut
349 3571 442 3610 rursus
472 3559 585 3610 inlausta
614 3559 688 3622 signa
716 3558 816 3623 depre-
852 3560 935 3612 maris
959 3557 1040 3609 elficit
1062 3557 1132 3607 inter
1152 3553 1254 3606 ltaliam
1274 3557 1304 3606 44
1320 3556 1382 3620 lipi-

292 3635 381 3693 cetur,
408 3645 490 3695 quarn
507 3634 530 3683 si
546 3633 673 3684 lambino
691 3633 718 3683 et
733 3633 816 3682 Bent-
853 3647 914 3686 rum
938 3632 1161 3697 Illyricumqueap
1188 3643 1254 3681 non:
1289 3643 1380 3682 444444

291 3706 343 3758 4444
370 3699 545 3770 probantibus
575 3720 637 3757 cum
666 3719 720 3757 una
747 3705 813 3756 Cod.
853 3708 1049 3767 Hadriaticum,
1080 3717 1143 3756 curn
1168 3705 1194 3755 in
1216 3709 1289 3755 coos
1313 3706 1382 3756 44444

291 3780 374 3830 vatic.
393 3778 466 3842 legas
481 3785 556 3831 44444.
586 3783 625 3831 lta
640 3782 713 3832 enim
728 3783 816 3832 tolum
853 3783 994 3844 curvetur,
1007 3779 1339 3831 fluctibusintumescat»
1353 3805 1379 3817 -

291 3855 381 3907 locum
397 3855 459 3906 inde
476 3869 491 3905 a
509 3869 526 3904 v
549 3857 572 3906 7.
587 3857 696 3921 exponit
711 3857 816 3907 Britan-
853 3859 917 3909 Tota
935 3859 1027 3907 autam
1044 3855 1176 3906 sententia
1194 3855 1220 3904 in
1237 3865 1321 3918 prosa
1341 3867 1379 3904 or.

292 3943 356 3982 nus:
376 3931 458 3980 «Siste
472 3928 630 3994 paullisper,
650 3929 816 3981 dnmomina
854 3934 905 3983 hoc
922 3929 1066 3994 significat:
1094 3929 1178 3991 «Ego,
1204 3939 1287 3992 quam
1307 3927 1381 3993 peri·

292 4005 421 4071 cepimus.
440 4005 472 4055 Et
488 4004 608 4070 prolecto
626 4003 711 4054 444444
729 4006 818 4055 conci·
853 4004 977 4056 culosum
993 4015 1103 4069 semper
1119 4003 1154 4054 sit
1170 4003 1222 4052 iter
1236 4013 1288 4067 per
1306 4013 1380 4053 mare

292 4083 492 4133 nueruntavcs.
508 4077 815 4143 Salvisauspiciisabire
855 4078 1051 4138 Hadriaticum,
1086 4077 1251 4142 experientia
1285 4076 1380 4127 doctus

292 4155 392 4222 poteris
402 4156 442 4214 et,
454 4155 594 4217 4444444444
602 4154 692 4216 moola,
704 4152 817 4205 feliciter
855 4153 946 4213 norim
963 4152 1076 4217 propter
1086 4153 1178 4202 cautas
1189 4151 1263 4201 enim
1278 4151 1307 4200 44
1317 4163 1379 4200 saxa

291 4232 373 4282 vitam
390 4243 479 4294 agere.
514 4230 570 4281 Nec
586 4228 672 4280 444444
685 4230 757 4292 picus
770 4241 817 4280 na-
854 4226 990 4291 44444344
1007 4226 1189 4290 frequentiora
1206 4224 1264 4276 4444
1282 4225 1379 4275 suntin

293 4319 345 4370 que
362 4318 430 4370 copo
446 4304 537 4356 conix
552 4308 620 4356 44444
640 4308 663 4357 tc
684 4304 735 4368 irc,
762 4316 816 4368 quo
854 4303 914 4356 sinu
929 4302 1012 4354 maris
1029 4313 1110 4365 quam
1124 4301 1151 4352 in
1168 4300 1226 4365 ipso
1238 4297 1292 4352 4444
1304 4299 1377 4351 mari.
