3080 4980
633 439 818 492 paterano.
1236 441 1268 490 lli

179 601 319 666 tieorum
332 596 577 685 explicationes,
598 598 667 663 sine
687 596 752 664 ulla
776 608 883 663 tamen
907 597 937 662 in
965 618 1162 685 quemquam
1185 597 1271 663 inse-

181 719 319 787 ctatione
350 728 405 784 aut
433 717 640 785 contumelia:
674 718 753 807 quin
780 719 811 783 in
835 717 896 786 hoc
926 738 1058 806 quoque
1081 739 1201 806 genere
1223 728 1271 784 ta-

182 841 252 907 citis
275 839 467 927 plerumque
491 838 701 916 adversariis,
729 859 814 927 quae
833 840 962 906 veriora
982 839 1104 927 ubique
1121 840 1272 906 videren-

182 973 249 1039 tur,
279 959 475 1048 argumentis
501 959 618 1028 additis
640 961 791 1048 exposui,
810 981 851 1028 ne
875 959 1137 1049 tranquillissima
1161 960 1273 1049 dispu-

185 1083 261 1149 tatio
283 1081 370 1150 aoris
393 1083 482 1148 rixae
508 1101 583 1148 cum
608 1079 670 1148 hoo
689 1081 741 1148 vel
765 1080 818 1148 illo
840 1082 968 1150 inimico
991 1091 1174 1150 contractae
1198 1103 1273 1170 spe-

185 1204 269 1271 ciem
296 1223 440 1290 unquam
469 1223 548 1290 prae
571 1223 607 1268 se
629 1201 742 1282 ferret3
773 1223 838 1290 quo
865 1202 999 1291 quidem
1021 1225 1096 1270 cum
1125 1203 1196 1270 aliis
1224 1203 1274 1269 di-

185 1323 349 1412 gladiandi
373 1333 405 1390 et
428 1321 635 1412 depugnandi
659 1323 766 1391 studio
791 1324 824 1389 in
850 1322 1033 1392 huiusmodi
1058 1325 1185 1412 seriptis
1208 1333 1276 1391 stu-

188 1446 301 1513 diosae
324 1445 478 1512 iuventuti
500 1444 676 1532 propositis
699 1443 775 1510 nihil
799 1445 944 1533 prolecto
968 1446 1154 1532 perversius
1180 1466 1275 1533 repe-

185 1567 241 1633 riri
263 1577 379 1654 potest.

252 1689 427 1754 Praeterea
442 1687 590 1754 crebrius
612 1708 711 1776 quam
733 1688 868 1755 tortasse
891 1687 1051 1755 nonnullis
1075 1686 1274 1777 probabitur,
1356 1661 1359 1670 ,

186 1811 277 1878 locos
301 1807 423 1875 similes
444 1807 496 1876 vel
522 1808 652 1876 aliunde
674 1819 820 1898 sumptos
842 1809 893 1878 vel
915 1831 935 1879 a
958 1831 1011 1878 me
1034 1810 1107 1899 ipso
1129 1819 1275 1898 repertos

186 1929 338 1997 omnibus
361 1928 472 1996 verbis
497 1930 634 2008 inserui,
670 1932 747 2018 quia
773 1930 924 1998 diuturna
949 1931 1147 2020 experientia
1168 1929 1275 2008 didici,

187 2052 249 2118 hoc
272 2050 334 2117 nisi
358 2050 472 2128 iacias,
497 2051 550 2116 vix
574 2049 616 2117 ab
639 2050 723 2129 aliis,
748 2061 976 2141 praeterquam
997 2051 1038 2119 ab
1053 2073 1119 2118 uno
1134 2051 1276 2119 alterove

187 2173 342 2260 magistro
378 2171 455 2238 satis
487 2171 655 2261 religioso,
694 2172 769 2240 talia
798 2174 946 2262 exempla
980 2173 1067 2262 apud
1101 2174 1277 2261 scriptores

187 2294 277 2381 ipsos
308 2293 427 2382 inquiri
462 2303 560 2382 atque
591 2295 773 2362 accuratius
802 2297 988 2364 examinari.
1033 2297 1100 2364 Nee
1130 2316 1209 2362 vero
1244 2296 1276 2360 in

188 2415 259 2502 ipso
282 2413 361 2481 ludo
384 2413 537 2481 litterario
566 2435 642 2482 oum
668 2415 835 2505 discipulis
864 2417 905 2486 de
935 2419 974 2484 iis
993 2419 1156 2486 disserere
1184 2415 1274 2492 licet,

187 2536 250 2602 nisi
266 2537 414 2623 ipsorum
436 2535 539 2602 oculis
565 2536 710 2606 subiecta
731 2550 814 2605 sunt.
859 2538 982 2620 Quodsi
1011 2549 1112 2607 totum
1133 2539 1195 2606 hoo
1221 2559 1277 2626 ge-

186 2677 249 2723 nus
272 2655 380 2722 multis
407 2667 440 2724 et
464 2677 743 2745 supervacaneum
768 2663 898 2728 omnino
926 2672 959 2729 et
984 2661 1131 2750 putidum
1153 2660 1278 2728 videbi-

188 2789 255 2857 tur,
281 2778 445 2846 diversam
469 2780 654 2866 opinionem
676 2783 769 2870 sequi
791 2782 868 2850 mibi
884 2781 998 2851 saltem
1018 2802 1210 2850 eoncessum
1226 2783 1275 2848 sit.

189 2898 385 2968 lndioandae
409 2901 495 2966 enim
511 2901 598 2988 apud
621 2900 707 2969 hunc
726 2911 856 2990 poetam
878 2904 1065 2972 necessario
1087 2911 1162 2969 sunt
1177 2903 1277 2969 Grae-

189 3042 303 3089 corum
333 3020 568 3110 exemplarium
602 3023 791 3092 manifestae
821 3024 1031 3104 imitationes;
1067 3025 1154 3091 iuvat
1181 3024 1278 3091 etiam

189 3141 329 3210 subinde
363 3141 558 3230 significare,
591 3142 649 3211 ubi
681 3164 759 3210 casu
787 3145 894 3233 potius
925 3165 1023 3232 quam
1053 3143 1189 3212 consilio
1219 3141 1277 3209 has

189 3262 301 3330 illasve
322 3263 498 3330 sententias
520 3284 596 3332 oum
615 3263 686 3331 aliis
711 3286 814 3352 prope
836 3285 1024 3332 communes
1046 3263 1177 3341 habeat,
1209 3275 1277 3331 tum

190 3384 395 3472 praesertim,
422 3405 496 3452 cum
519 3385 551 3451 in
570 3385 729 3454 similibus
745 3387 941 3474 argumentis
955 3385 1190 3474 pertractandis
1204 3407 1278 3454 ver-

191 3515 289 3572 satur.
333 3507 369 3570 ln
393 3505 506 3592 primis
537 3517 645 3574 autem
676 3507 850 3576 lectoribus
878 3509 984 3575 minus
1013 3508 1195 3576 exercitatis
1220 3506 1279 3574 de-

191 3625 436 3694 monstrandum
450 3637 513 3705 est,
537 3628 710 3716 permulta,
735 3649 820 3717 quae
836 3629 915 3717 ipsis
931 3629 1104 3717 singularia
1116 3629 1168 3696 vel
1184 3647 1278 3716 pror-

191 3767 247 3813 sus
276 3747 404 3814 insolita
429 3748 611 3828 videantur,
645 3751 762 3838 partim
782 3751 901 3818 Gracco
917 3751 1002 3836 forde
1023 3749 1164 3817 candore
1179 3769 1278 3838 parce

190 3868 327 3950 ἅπαντα,
350 3869 465 3956 partim
488 3869 605 3938 eadem
621 3871 758 3957 reperiri
778 3871 876 3938 modo
899 3872 986 3960 apud
1001 3873 1199 3960 antiquiores
1218 3873 1279 3938 La-

191 3990 287 4068 tinos,
312 3990 410 4058 modo
430 3990 518 4078 apud
542 3993 663 4058 Horatii
685 3992 856 4081 aequales,
884 3993 982 4060 modo
1003 4003 1135 4081 recepta
1149 4015 1223 4061 esse
1240 4015 1278 4062 ac

191 4112 328 4199 repetita
362 4132 380 4178 a
410 4112 655 4199 posterioribus.
711 4115 954 4201 Saepenumero
991 4116 1087 4182 etiam
1118 4115 1278 4203 pedestris

192 4233 345 4300 orationis
368 4233 569 4301 consuetudo
589 4234 677 4302 velut
699 4237 892 4324 opponenda
917 4246 966 4304 est
991 4237 1152 4324 poeticae,
1178 4245 1214 4300 ut
1236 4234 1277 4302 dc
