2998 4980
677 403 807 454 Hortarii
824 404 993 456 conminuit

446 545 561 626 'Duces
584 558 644 624 sub
666 559 795 636 umbra,
818 579 879 626 noc
902 558 1081 627 Semeleius

495 683 576 749 Cum
597 682 695 748 Marte
717 681 890 748 contundet
912 680 1084 770 Thyoneus

495 802 635 881 Proelia,
658 822 719 870 nec
742 813 867 870 metues
889 813 1075 890 protervum

438 957 613 1048 'Suspecta
636 961 771 1051 Cyrum,
795 981 836 1028 ne
858 961 942 1027 male
966 961 1087 1049 dispari
1346 967 1388 1032 25

350 1179 391 1228 22.
410 1177 521 1228 ssulatim
536 1178 566 1227 B.
587 1205 615 1214 -
633 1177 674 1227 25.
691 1190 737 1227 two
753 1177 801 1227 BT.

324 1365 364 1414 44.
383 1363 424 1414 23.
440 1362 531 1426 Duces]
545 1363 665 1426 Propert.
678 1362 704 1424 4,
720 1363 745 1425 9,
762 1363 810 1412 tt:
849 1359 942 1412 Tibuil.
961 1361 987 1425 4,
1004 1365 1044 1425 40,
1061 1365 1092 1414 2:
1115 1366 1182 1416 muto
1196 1367 1301 1430 inepto,
1328 1367 1385 1427 uhi,

284 1439 362 1490 mutto
379 1439 486 1488 dotatis
498 1437 592 1500 ροοιιῑα
605 1437 674 1496 ran·
692 1437 811 1499 itemque
849 1438 879 1485 ut
910 1437 937 1486 h.
972 1436 1005 1500 4.,
1037 1442 1079 1489 est
1105 1440 1310 1504 homonymum
1340 1456 1385 1491 vv.

286 1529 348 1565 cunr
364 1513 506 1578 voluptatis
522 1513 630 1562 notione
646 1514 669 1572 4,
685 1510 710 1574 4,
727 1511 771 1561 43ε
790 1516 813 1562 ot
851 1510 955 1572 «valde,
973 1513 1146 1576 admodump»
1164 1529 1226 1566 cum
1242 1515 1386 1567 vocabulo

286 1602 351 1653 quoe
365 1587 466 1638 Gaudio
480 1587 525 1637 aab
542 1587 621 1636 tacito
640 1587 730 1636 ducere
745 1591 811 1637 vesta
849 1587 965 1650 ingratae
981 1587 1122 1650 qualitatis.
1158 1591 1205 1640 Est
1217 1592 1304 1654 igitur
1328 1593 1388 1641 «ni-

285 1664 350 1714 tuor.
385 1661 461 1727 aput.
480 1663 542 1713 Met.
562 1662 603 1722 40,
620 1663 649 1710 t:
662 1661 782 1722 poculum
798 1688 813 1699 -
848 1661 933 1711 mium
958 1661 1065 1725 dispari,
1088 1662 1189 1714 viribus
1209 1662 1292 1728 longa
1314 1666 1386 1717 inie-

285 1739 402 1788 oonttnuo
413 1737 535 1800 perduxit
550 1736 649 1785 torota.
672 1735 756 1798 Epod.
770 1733 810 1795 44,
849 1736 945 1794 riorin;
973 1749 1042 1786 non:
1070 1739 1118 1787 «in
1134 1751 1226 1789 amore
1242 1753 1303 1790 non
1321 1753 1387 1790 oon-

286 1813 317 1864 t:
340 1811 645 1863 Pocula-attraxerim.
678 1811 767 1874 Eurip.
786 1809 813 1858 in
849 1810 998 1860 sentientia
1022 1811 1099 1861 Hand
1115 1813 1189 1862 Turs.
1208 1814 1251 1863 111.
1272 1827 1302 1877 p.
1323 1813 1383 1864 4584.

286 1884 360 1948 cycl.
387 1885 450 1936 tri:
485 1877 614 1934 ἔσπασέν
637 1885 661 1932 π
687 1877 813 1948 ἄμυστιν
881 1884 922 1934 36.
946 1885 1134 1950 Inoontiuentos]
1152 1899 1205 1936 non
1222 1889 1281 1938 tam
1300 1888 1337 1938 de
1352 1887 1385 1938 ii·

286 1956 419 2022 ἑλκύσας.
439 1961 523 2009 Etiam
540 1961 659 2022 inprosa
675 1960 741 2007 orat.
757 1958 810 2008 Cio.
848 1957 939 2009 bidine
963 1961 1131 2024 interpretor,
1158 1973 1240 2023 quam
1263 1962 1302 2013 do
1329 1964 1386 2012 ira-

285 2036 363 2086 Tuso.
384 2035 407 2096 4,
423 2033 468 2085 4οε
494 2047 615 2084 venenuo
631 2033 759 2082 obducere.
784 2060 811 2069 -
850 2033 945 2084 cundia
971 2038 999 2084 ot
1021 2035 1165 2105 παροινίᾳ.
1201 2035 1254 2086 Cir.
1282 2034 1382 2087 Tibuli.

287 2111 358 2160 «Nee
377 2123 393 2158 a
411 2108 526 2173 poculis,
548 2108 611 2158 rixis
631 2106 815 2158 incalescenti-
851 2111 874 2170 4,
892 2110 932 2171 40,
952 2109 999 2160 53:
1026 2111 1147 2160 ἀεοιειιιιε
1170 2123 1271 2162 maora.
1310 2114 1384 2174 Aga-

285 2185 352 2248 bus,
376 2185 411 2234 ad
428 2184 529 2235 terrum
546 2185 574 2233 et
589 2185 745 2246 sanguinem
763 2196 814 2232 ve·
849 2183 918 2234 thias
943 2185 969 2234 in
994 2184 1100 2235 anthol.
1130 2183 1183 2234 Pal.
1211 2187 1230 2234 l.
1259 2199 1288 2250 p.
1323 2184 1382 2235 447.

285 2261 400 2310 utetur.»
435 2261 582 2322 Iunguntur
597 2257 651 2307 duo
665 2272 813 2330 μητρωνυ-
849 2257 906 2318 448,
933 2257 963 2307 3:
989 2257 1130 2324 Πολέμων
1154 2255 1191 2308 τὰ
1218 2254 1383 2324 Ῥοδάνθης

285 2333 369 2400 μικά,
387 2334 460 2398 quod
472 2333 590 2384 imitatus
607 2334 649 2382 est
668 2335 748 2396 po'eta
761 2333 814 2382 An·
849 2327 1005 2402 Βόσιροχα
1049 2331 1226 2399 παντόλμοις
1277 2335 1383 2405 χερσὶν

287 2408 350 2460 thol.
370 2409 425 2458 Lat.
440 2409 467 2469 4,
481 2409 527 2458 at:
546 2407 662 2458 Saneloia
675 2408 813 2456 Barchon
849 2405 986 2472 ἐληΐααιο
1011 2436 1026 2448 -
1048 2439 1063 2449 -
1087 2404 1231 2472 Μάστιξεν
1257 2404 1384 2478 ῥαδινῆς

285 2484 350 2534 taeta
375 2483 496 2544 Πιμσπσιι.
543 2480 664 2545 Apollod.
691 2481 716 2540 3,
740 2481 768 2530 3;
796 2475 812 2530 ὁ
850 2472 933 2547 ἅψεα
957 2482 1125 2554 daturam.
1161 2482 1257 2534 Paulus
1281 2483 1328 2534 Sit.
1353 2484 1381 2532 in

285 2553 427 2618 Διόνυσος
438 2550 592 2622 ἀναγαγὼν
603 2551 634 2618 ἐξ
648 2547 748 2605 Ἅιδου
759 2549 813 2619 τὴν
849 2557 929 2606 Anth.
953 2557 1006 2608 Pal.
1026 2560 1045 2608 Ι.
1063 2573 1091 2622 p.
1108 2559 1171 2609 toa:
1193 2550 1229 2608 Ὦ
1254 2554 1381 2624 παλάμῃ

284 2633 397 2704 μητέρα
413 2633 463 2682 καὶ
481 2625 718 2718 προσαγορεύσας
730 2627 813 2680 Θοώ-
851 2628 1010 2696 πάντολμε,
1040 2629 1078 2683 σι)
1111 2627 1163 2682 τὸν
1190 2630 1381 2704 παγχρύσεον

285 2723 348 2774 νην,
360 2710 420 2773 μετ’
433 2700 524 2772 αὐτῆς
536 2701 713 2774 εἰςονρανὸν
722 2699 813 2771 ciarii-
850 2700 935 2772 ἔτλης
952 2699 1047 2796 Ἀπρὶξ
1063 2703 1227 2779 δραξαμένη
1246 2705 1380 2780 βόστρυ-

285 2784 346 2834 θεν.
381 2781 485 2833 Semele
507 2795 522 2831 a
542 2781 647 2831 Baccho
672 2781 698 2830 in
725 2779 814 2843 Olym·
850 2795 905 2840 χον
921 2775 1072 2852 αὗερνσαι.
1100 2809 1128 2820 -
1155 2783 1253 2831 tnttctat
1274 2781 1379 2844 manus]

285 2871 351 2924 pum
372 2857 451 2907 ducta
472 2859 513 2906 est
530 2857 557 2906 in
574 2853 684 2918 speculo
702 2855 813 2906 Etrusco
851 2858 976 2906 «intentet
994 2869 1118 2916 manuspi
1137 2859 1167 2906 ut
1183 2857 1257 2906 Ouid.
1274 2861 1338 2908 Am.
1353 2858 1377 2917 4,

285 2933 358 2998 apud
374 2930 467 2983 titillor
480 2931 586 2984 Dantem
604 2933 624 2980 4,
638 2932 669 2980 N.
680 2929 737 2980 308.
757 2930 811 2981 Cir.
850 2931 880 2992 4,
902 2931 947 2982 4οι
965 2932 1126 2993 tnttctornque
1142 2945 1241 2980 munau.
1260 2931 1379 2983 Pulsatio
1489 2985 1490 2988 ,

285 3007 626 3068 Weicaersanearupan.
639 3005 671 3054 N.
685 3005 729 3054 444.
742 3005 813 3055 Mus.
849 3007 1010 3064 amicarum,
1037 3008 1067 3054 ut
1081 3007 1134 3058 iarn
1147 3005 1263 3056 vidimus
1281 3007 1332 3057 0d,
1352 3007 1376 3064 4,

285 3085 304 3133 1.
322 3095 350 3147 p.
372 3081 430 3134 433.
443 3082 513 3133 -Ut
527 3079 814 3140 dicuntmisceroproo-
851 3081 890 3143 43,
909 3081 944 3142 9.,
962 3079 1115 3132 amoribus
1133 3081 1261 3132 iuvenum
1277 3083 1378 3133 Roma-

285 3158 330 3218 lto,
352 3157 391 3208 sio
406 3158 433 3206 h.
452 3156 468 3206 4.
487 3155 647 3218 οοπῖνπσενε,
667 3156 694 3204 et
707 3167 813 3225 παροι-
849 3169 946 3205 norum
968 3155 1078 3212 minime
1101 3152 1273 3205 abhorrebat.
1311 3159 1378 3206 Pro·

285 3233 350 3282 νίαν
367 3231 471 3282 confert
485 3228 587 3294 proelio
595 3230 666 3279 inter
675 3230 812 3280 Bacchum
849 3233 917 3294 pert.
930 3231 955 3291 2,
969 3231 994 3293 t,
1006 3232 1052 3280 at:
1075 3231 1128 3280 Noc
1138 3229 1183 3279 u'tt
1192 3231 1300 3291 portia-o
1313 3229 1378 3278 sdra-

286 3309 314 3356 et
330 3307 442 3358 Martem
462 3307 530 3354 orto.
850 3305 909 3354 dom
935 3306 965 3354 do
989 3317 1094 3366 corporo
1116 3309 1222 3365 σεειονι,
1248 3306 1301 3355 Neo
1320 3313 1378 3353 moa

847 3378 994 3440 moechans
1019 3379 1124 3442 deperit
1148 3379 1191 3429 tro
1214 3379 1298 3442 fores,
1325 3379 1377 3428 Noc

354 3454 360 3466 '
558 3434 570 3459 ‘¹
863 3455 868 3465 ·
887 3453 893 3464 ·
1062 3455 1067 3466 ·
1317 3454 1323 3466 .

286 3416 352 3554 nii
375 3414 545 3540 titii
560 3416 812 3554 ctttitttt
849 3453 893 3502 ‘u
912 3466 1037 3502 ναν
1058 3459 1140 3504 ναν
1158 3467 1264 3515 ναν
1283 3463 1374 3510 ema

286 3564 330 3615 illo
346 3565 476 3624 amatore,
493 3565 538 3626 qui
555 3565 581 3613 in
598 3563 705 3616 Urbate
721 3578 813 3629 perse·
848 3529 900 3612 Ne?
920 3528 991 3577 dum
1012 3530 1094 3578 mm
1114 3528 1212 3626 “Q‘’
1233 3527 1373 3612 mum?

286 3643 332 3705 qui
350 3640 442 3692 solet.»
468 3643 564 3704 Cyrus,
584 3641 814 3705 irequensservo-
849 3601 1134 3728 ffimzlmmwa’nz'
1157 3603 1374 3726 Jfflwf'm’f

286 3729 347 3766 rum
373 3719 400 3765 et
419 3714 603 3768 libertinorum
625 3729 737 3778 nomen,
766 3729 812 3766 re·
1364 3711 1370 3733 '

287 3792 370 3841 curat
385 3792 409 3854 ι,
428 3791 469 3852 aa,
488 3791 512 3841 o.
848 3749 974 3888 ΜΕᾝ
986 3752 1168 3888 {imm
1182 3751 1374 3885 ww,

318 3905 360 3955 25.
387 3904 514 3970 δαιμεοὶα]
540 3905 639 3968 «cyro,
667 3902 811 3967 suspicanti
848 3899 971 3962 ooptttu?
988 3897 1371 3950 Luoian.Dia1.mar.8.tnit.:

286 3977 398 4030 aliuma
421 3981 448 4030 te
470 3980 579 4030 amari.»
614 3980 665 4029 Pro
689 3977 812 4038 artoptam
848 3967 930 4036 ὅστις
954 3971 986 4023 δὲ
1008 3969 1083 4039 μήτε
1107 3972 1272 4040 ζηλοτυπεῖ,
1297 3967 1371 4038 μήτε

286 4054 357 4119 apud
373 4055 536 4118 posteriores
553 4055 656 4103 tautum
671 4050 811 4114 aliquoties
849 4043 1003 4120 ὀργίζεται,
1020 4044 1095 4113 μήτε
1112 4041 1248 4118 appuimus
1265 4061 1335 4098 ποτε
1350 4037 1372 4109 ἤ

286 4130 427 4193 reperitur.
449 4156 476 4165 -
495 4129 563 4178 moto
578 4125 682 4190 disputa]
700 4126 765 4188 Epp.
785 4127 809 4187 4,
849 4127 1019 4197 περιέκειρεν
1044 4118 1065 4190 ἢ
1089 4119 1126 4175 τὰ
1151 4119 1251 4188 indata
1279 4119 1371 4194 περιέ-

286 4205 311 4266 3,
327 4204 374 4254 at:
398 4203 464 4254 molo
486 4203 561 4252 lasau
574 4201 679 4252 catam
716 4197 809 4250 Catull.
848 4215 965 4264 σχισεν,
991 4194 1088 4253 οὐκέτι
1113 4193 1237 4271 ἐραστὴς
1262 4197 1370 4254 ἐκεῖνος

287 4279 328 4340 40,
352 4277 377 4339 3,
400 4277 430 4327 3;
459 4277 555 4327 amna
571 4275 637 4327 muto
656 4281 680 4328 et
697 4277 808 4328 nulrrta.
849 4274 944 4334 soro,-
