3002 4974
687 431 816 484 ttotttrtt
834 430 1001 481 cnntttttttn

672 901 1011 966 omn·

469 1074 555 1156 Quid
576 1073 752 1141 bellicosus
775 1070 935 1140 Cantaber
956 1081 988 1137 et
1009 1069 1162 1160 Scythes,

469 1197 602 1286 Hirpine
625 1194 750 1275 Quinti,
774 1193 892 1280 cogitet
915 1189 1035 1258 Hadria

511 1318 642 1384 Divisus
665 1316 811 1392 obieet0‚
835 1313 979 1380 remittas

364 1494 406 1543 444.
424 1493 507 1542 inser.
525 1487 594 1552 vulg.
620 1487 659 1539 Ad
677 1486 813 1549 0444444444.
828 1511 856 1520 -
868 1485 906 1534 Ad
923 1483 1058 1546 Hirpinum
1073 1495 1175 1532 4444444444
1191 1495 1347 1544 4444444444

332 1581 379 1630 qus
395 1565 498 1616 utititoti
514 1577 575 1614 44444
590 1563 717 1613 consulere
727 1563 756 1611 B.
778 1587 805 1598 -
821 1559 859 1610 Ad
871 1559 998 1622 Quintium
1009 1558 1143 1620 Hit-pintan
1153 1571 1254 1608 4444444444
1264 1571 1348 1606 4444444-

332 1655 453 1704 queisque
469 1638 682 1705 (unamquamque
699 1635 726 1698 Τ)
742 1661 755 1672 -
769 1634 918 1684 -44444444444
933 1633 981 1684 bT.
1012 1660 1039 1669 -
1065 1633 1103 1682 Ad
1126 1633 1254 1694 (4444444444
1269 1633 1349 1694 Hirpi

331 1729 392 1766 444444
410 1717 435 1765 S.
456 1742 484 1752 -
502 1713 540 1765 ,444
551 1713 680 1775 Quinetiam
695 1711 830 1772 Hirpinus
845 1721 947 1758 44444444
962 1721 1012 1758 non
1024 1721 1074 1757 esso
1084 1707 1245 1770 copitotiones
1255 1711 1349 1756 44444444

331 1792 358 1840 in
381 1791 506 1840 4444444444
525 1788 659 1837 mittendus
681 1799 705 1835 4.
727 1811 754 1820 -
774 1783 798 1833 4.
817 1782 934 1833 44444444
955 1784 983 1832 T.
1005 1809 1032 1818 —
1051 1783 1076 1832 3.
1096 1782 1195 1844 Quincti
1215 1783 1294 1833 LCtF.
1314 1783 1350 1844 tot

332 1879 394 1926 nos,
413 1864 496 1914 nostri
514 1861 608 1924 Codd.)
629 1887 656 1897 —
673 1858 754 1910 Adria
769 1857 813 1907 ed.

332 2013 374 2062 444.
402 2011 536 2071 Quintium
561 2010 715 2073 Hirpinum,
743 2006 824 2058 soda-
861 2019 938 2066 uum,
957 2009 987 2056 ut
1003 2007 1070 2057 44444
1088 2004 1198 2070 qnidam
1211 2005 1378 2056 calumniatus

299 2086 353 2137 iem
362 2099 450 2146 suum,
463 2085 498 2135 ad
509 2086 655 2150 sapientem
665 2084 734 2134 vitae
743 2096 824 2134 usum
862 2083 910 2132 est.
938 2107 965 2116 —
989 2081 1111 2144 4444444444]
1135 2081 1243 2130 Rariore
1267 2095 1317 2132 usu
1335 2093 1378 2145 pro

300 2161 412 2212 comiter
435 2159 599 2212 adhortatur.
634 2161 691 2209 Non
713 2171 823 2222 prorsus
862 2157 1010 2206 «omittas»
1035 2156 1140 2205 Terent.
1159 2153 1241 2205 444444.
1260 2157 1288 2216 5,
1308 2157 1335 2216 t,
1352 2157 1378 2204 ti:

299 2237 409 2300 quidem
427 2237 544 2296 eertum,
569 2247 664 2285 verum
684 2232 823 2298 probabile
860 2232 928 2281 Num
952 2232 973 2280 si
997 2232 1103 2295 sopitus,
1132 2233 1246 2281 remittas
1270 2232 1323 2280 ium
1345 2243 1380 2280 444

299 2316 354 2372 444,
385 2311 501 2361 eundem
525 2310 660 2370 Quintium
686 2322 759 2368 esse,
790 2307 824 2356 ud
861 2319 968 2356 44444444
991 2307 1099 2355 iniuriis.
1142 2304 1236 2356 Salust.
1261 2307 1315 2370 ing.
1338 2307 1377 2356 di:

299 2399 381 2449 quern
399 2387 470 2436 misit
486 2386 552 2448 Epp.
572 2385 602 2444 4,
622 2383 662 2432 46.
682 2385 774 2445 Aeque
786 2382 825 2431 in·
861 2382 939 2431 444444
960 2386 1069 2431 evomat
1088 2395 1167 2444 nequo
1186 2382 1303 2443 remittit,
1327 2381 1380 2443 quid

299 2462 402 2510 certum
425 2461 465 2509 est
487 2458 685 2521 compositionis
702 2459 822 2520 tempus;
860 2456 950 2518 ubique
966 2457 1042 2506 tostis
1059 2462 1158 2520 494444,
1177 2457 1322 2518 nuptorum.

299 2535 411 2585 tortasse
424 2534 479 2583 438.
493 2535 540 2581 aut
550 2533 652 2581 initium
665 2531 725 2580 tet:
746 2543 824 2581 rcum
893 2531 918 2582 t.
955 2531 1072 2596 trepides]
1102 2529 1178 2581 «Noli
1206 2529 1332 2582 sollicitus
1358 2533 1381 2580 44

300 2606 425 2658 Cantabri
442 2604 604 2656 rebellarent
621 2607 648 2655 et
659 2606 773 2667 Scythae
786 2606 825 2654 in-
861 2609 954 2658 anxius
971 2608 1070 2658 esseio
1082 2606 1244 2670 quaerendis
1258 2605 1381 2658 rebusad

300 2683 411 2742 stigonte
434 2681 545 2730 Phraate
569 2684 659 2729 contra
680 2679 822 2729 Tiridatem
861 2683 930 2731 ritue
952 2695 1031 2732 usum
1054 2685 1133 2744 atque
1155 2683 1381 2732 conservationem

300 2755 496 2819 expeditionem
517 2755 650 2818 pararent.
686 2753 733 2802 Od.
753 2753 783 2813 3,
808 2755 823 2804 8
861 2757 1046 2807 necessariis.»
1065 2756 1112 2805 0d.
1128 2756 1157 2816 3,
1176 2757 1221 2816 39,
1241 2755 1286 2806 344
1305 2757 1382 2807 4444444-

300 2832 327 2880 et
343 2830 371 2892 4,
390 2830 447 2878 tt.»
475 2831 581 2879 Fnrnrre.
611 2827 659 2879 niti
676 2826 824 2878 retulerunt
861 2845 922 2892 que,
947 2831 1099 2880 simortotis
1115 2831 1184 2880 uitro
1200 2831 1251 2879 Fus
1267 2831 1378 2893 trepidet

299 2906 334 2955 ad
359 2919 383 2955 a.
408 2904 464 2955 334.
502 2906 638 2968 (Ceterum
663 2904 823 2967 scripturam
863 2907 1043 2968 trepidaretis
1064 2919 1137 2954 4444444
1153 2907 1195 2955 est
1213 2907 1305 2956 «anxie
1323 2919 1381 2970 pro·

300 2981 429 3044 Quinctius
461 2977 586 3044 praetulit
618 2980 644 3028 in
680 2979 752 3028 Livio
778 2976 824 3027 41-
860 2981 952 3030 videre
971 2981 1056 3031 usui.»
1075 2981 1114 3030 De
1131 2993 1156 3028 v.
1176 2981 1304 3041 trepidare
1321 2993 1381 3030 cou-

299 3055 412 3107 scireiski
430 3055 486 3106 Lib.
506 3056 534 3116 3,
554 3055 588 3118 t.)
861 3052 917 3105 sute
941 3056 1053 3104 GronoV.
1074 3057 1101 3104 et
1121 3053 1254 3104 Drakeub.
1279 3055 1313 3105 ud
1330 3055 1379 3104 444.

332 3131 356 3180 4.
385 3130 520 3194 Cantaber]
546 3129 591 3180 diu
616 3127 732 3180 rebellis.
769 3127 821 3179 Cir.
861 3129 908 3188 37,
937 3130 964 3192 4,
992 3129 1016 3178 8.
1052 3130 1093 3178 Sic
1117 3129 1277 3180 πτοεῖσθαι.
1314 3129 1381 3180 Plato

299 3205 347 3256 Od.
366 3206 397 3266 3,
416 3206 446 3266 o,
465 3207 489 3255 3.
520 3205 567 3255 od.
587 3205 617 3264 3,
636 3205 665 3264 8,
684 3205 725 3253 33,
755 3203 821 3267 Epp.
862 3202 960 3253 Phued.
980 3203 1020 3252 63.
1041 3203 1081 3252 C.:
1099 3197 1134 3252 τὸ
1151 3199 1382 3274 nsptrdge'xtdr

299 3280 326 3340 4,
351 3282 395 3341 43,
418 3281 460 3330 36.
489 3307 517 3316 -
544 3277 652 3342 Seuthes]
678 3280 720 3328 Sio
744 3279 824 3328 vocat
860 3278 930 3342 μίας
945 3273 988 3342 μὴ
1006 3274 1177 3342 ἐπτοῆσθαι.
1199 3279 1379 3336 dirimentem,

298 3353 410 3418 populos
435 3354 461 3402 in
487 3351 686 3416 septentrionali
709 3351 823 3402 Danubii
860 3355 890 3404 ut
907 3352 961 3402 444.
981 3353 1009 3414 6,
1037 3353 1081 3402 at:
1109 3365 1161 3412 qua
1184 3366 1307 3414 quemque
1328 3366 1381 3403 suo-

299 3429 355 3492 ripa
373 3427 535 3488 habitantes,
555 3430 689 3478 Sarmatas
707 3429 734 3478 et
749 3425 824 3476 Gelo-
859 3441 918 3477 444444
941 3440 1033 3476 4444444444
1048 3439 1140 3476 consue
1155 3427 1257 3490 ferrent.
1294 3429 1381 3490 Neque

299 3515 356 3552 nos.
383 3503 431 3552 Od.
450 3503 478 3563 3,
498 3502 527 3563 9,
546 3502 587 3552 33.
861 3515 926 3552 vero
944 3515 977 3552 ex
994 3503 1045 3552 bae
1062 3501 1382 3565 generaliseutentiucot-

331 3578 356 3626 3.
367 3577 391 3626 3,
403 3577 507 3638 44444444
520 3576 612 3640 Quinti]
625 3575 725 3640 Hirpini
735 3574 823 3625 adhue
860 3574 903 3639 ligi
915 3579 1004 3640 potest
1015 3577 1149 3636 Quintium
1160 3577 1240 3626 tuisse
1250 3577 1382 3628 homiuem

300 3651 379 3714 ignoti
403 3651 428 3700 in
452 3654 529 3713 gente
553 3652 664 3710 Quintia.
703 3651 825 3712 Hirpinus
862 3653 988 3701 4444444444
1018 3665 1049 3700 44
1077 3650 1163 3715 pusilii
1192 3653 1285 3712 animi,
1316 3651 1381 3702 curis

299 3739 363 3778 sane
374 3739 423 3789 pro
436 3739 511 3775 mero
524 3727 694 3788 cognomine,
713 3738 765 3773 non
777 3737 824 3787 po-
861 3739 970 3791 semper
987 3726 1145 3786 obnoxium,
1164 3729 1194 3776 ut
1205 3726 1299 3777 volout
1310 3725 1382 3792 pieri·

298 3799 353 3865 puli
366 3801 485 3860 nomine,
504 3798 669 3860 babendum,
688 3799 823 3848 utusitata
861 3815 924 3865 que.
946 3803 1030 3852 immo
1048 3803 1074 3851 iu
1092 3801 1135 3851 tali
1153 3801 1281 3854 sinendo
1300 3802 1381 3852 4444444

299 3877 375 3924 44444
393 3875 473 3924 etiam
487 3875 588 3934 4444444,
607 3873 728 3932 Sabinis,
747 3873 825 3922 Soro-
862 3875 963 3928 abusus
980 3879 1053 3926 esset
1076 3877 1206 3927 eiusmodi
1224 3877 1382 3927 exhortatio-

298 3962 353 3998 nus.
373 3951 411 3999 De
429 3947 522 3998 ordine
545 3949 682 3998 nominum
704 3947 766 3998 vide
790 3947 824 3997 ud
862 3949 952 4012 uibus,
972 3949 1070 4014 quibus
1087 3951 1190 4002 indoles
1204 3953 1284 4014 utque
1298 3961 1382 4002 mores

299 4023 347 4074 Od.
374 4025 404 4083 3,
431 4024 462 4084 3,
489 4023 519 4073 3:
554 4023 639 4085 Crispe
664 4023 765 4072 84444444.
795 4049 822 4059 -
861 4027 1001 4076 hominurn
1019 4027 1061 4076 4444
1078 4040 1198 4090 unquam
1216 4029 1359 4076 mutantur.

298 4098 401 4162 sopitat]
432 4098 633 4158 «machinetur,
669 4097 823 4148 moliatur.»
895 4103 919 4151 5.
932 4100 1382 4166 Posomtisueviputoeuittametiam

301 4201 328 4210 —
354 4175 452 4224 41444444
474 4173 585 4240 Divino]
611 4187 663 4224 444
681 4177 824 4239 propterea
862 4175 1010 4240 quaeinira
1026 4178 1222 4236 memorantur,
1236 4173 1380 4225 Falernum.

299 4248 377 4300 nobis
390 4250 498 4300 minime
513 4249 725 4300 tormidolosus.»
745 4251 824 4301 444444
863 4252 962 4302 nardus
979 4253 1060 4315 utque
1077 4265 1124 4310 ea,
1149 4250 1238 4314 quibus
1258 4249 1323 4300 dotet
1337 4260 1381 4296 444-

299 4323 334 4373 ad
345 4335 371 4373 r.
382 4325 483 4386 84444444
494 4324 618 4386 44444444,
632 4337 684 4374 444
697 4325 731 4375 444
740 4325 825 4389 Hirpi-
861 4330 922 4376 44444
936 4325 1045 4388 manto,
1063 4337 1149 4389 pauoa
1166 4327 1228 4376 suut
1238 4325 1318 4391 atque
1330 4321 1381 4373 444·-
