3002 4974
687 417 814 468 HORATH
833 416 1003 468 conuincti

427 575 461 640 in
485 575 557 640 sinu
579 573 686 639 serens
709 572 790 639 deos

471 696 508 762 Et
530 716 612 761 uxor
633 703 666 762 et
686 695 736 758 vir
757 692 973 780 sordidosque
996 701 1097 758 natos.

429 853 520 920 Nulla
543 853 661 920 certior
682 863 789 918 tamen

469 975 607 1062 Rapacis
629 974 704 1042 Orci
727 973 791 1039 fine
814 972 972 1040 destinata

426 1095 506 1164 Aula
530 1096 662 1163 divitem
684 1104 793 1162 manet

364 1286 405 1336 28.
418 1299 465 1348 qus
477 1299 531 1337 onr.
544 1286 573 1336 T.
588 1312 616 1322 —
626 1284 667 1338 30.
678 1284 784 1347 Capacis
794 1282 904 1334 Bentleii
916 1285 1039 1347 suspicio.
1054 1311 1079 1320 —
1088 1286 1138 1348 ltro
1150 1283 1270 1347 BbSTcd,
1285 1288 1347 1337 Pott.

331 1373 435 1424 ornnes,
454 1361 538 1412 LCtF:
557 1361 612 1411 sedo
629 1373 661 1411 ex
678 1356 695 1408 d
712 1361 739 1410 et
755 1357 841 1409 tribus
858 1357 966 1422 Cruquii
985 1359 1046 1421 (non
1064 1357 1169 1419 Bland.)
1181 1359 1264 1410 Benti.
1284 1363 1316 1411 u.

298 1520 375 1569 cicini
392 1521 524 1582 cocapttan
540 1523 625 1569 nostro
636 1519 688 1568 soto
699 1519 822 1580 ordimur,
859 1514 931 1580 quod
950 1515 1018 1566 Orco
1036 1517 1176 1578 convenit,
1195 1521 1327 1582 quatenus
1343 1519 1379 1570 io-

297 1600 325 1644 ut
341 1596 385 1656 qui
401 1595 518 1646 totostoto
534 1608 600 1644 rura
619 1599 726 1644 metatus
747 1593 824 1656 fitadt
860 1604 922 1642 cum
939 1591 1083 1655 significat,
1113 1594 1144 1640 ut
1159 1591 1215 1642 Tib.
1236 1595 1265 1655 t,
1285 1594 1314 1655 3,
1333 1596 1377 1644 65:

297 1670 414 1732 utroquo
439 1670 537 1733 tontnm
564 1671 675 1733 mouit
707 1668 822 1728 molar,
858 1679 946 1728 ropac
961 1680 1046 1729 mors,
1074 1668 1164 1716 contra
1183 1668 1258 1718 Ovid.
1278 1671 1337 1719 niet.
1356 1667 1377 1726 i,

297 1750 374 1804 quoto
408 1749 536 1796 terram
573 1749 649 1807 parta
689 1741 824 1808 paucam?
859 1739 916 1791 tta.
937 1742 964 1791 et
980 1742 1041 1791 Seu.
1061 1741 1138 1790 itere.
1159 1741 1207 1792 tur.
1227 1743 1291 1792 66⁴:
1319 1744 1379 1793 Ditis

297 1818 454 1883 Exemplum
466 1817 585 1883 perbene
598 1820 736 1868 narratum
746 1831 824 1882 prae·
858 1829 965 1879 rapaton
988 1830 1082 1879 ropac.
1114 1845 1141 1852 -
1174 1817 1239 1881 floro]
1270 1819 1380 1868 Firmant

298 1893 346 1944 bet
370 1892 496 1957 Apuleius
520 1894 582 1944 Met.
609 1893 640 1954 9,
663 1893 704 1942 35.
740 1893 821 1955 Quid,
859 1892 928 1941 bunc
945 1890 1007 1945 ieci.
1021 1891 1105 1942 Codd.
1119 1891 1379 1943 meicumomnibns

301 1967 375 2031 quod
400 1967 451 2016 iam
478 1965 616 2017 Hebraeus
641 1967 756 2030 scriptor
784 1969 823 2018 sic
858 1967 983 2016 Pottierii.
1019 1965 1155 2017 Vocabuio
1180 1966 1311 2031 explicatu
1336 1966 1380 2016 dii-

297 2041 331 2091 de
358 2054 390 2091 eo
417 2040 533 2091 iocinore
559 2039 663 2092 locutus
689 2042 730 2092 est
756 2043 822 2091 Pro-
859 2037 959 2090 ticiliori
971 2039 1088 2090 nonnulii
1098 2040 1293 2092 substituerunt
1303 2040 1376 2106 gloss.

297 2114 371 2166 verb.
391 2115 437 2177 23,
457 2115 505 2166 ⁴0:
534 2117 573 2165 Nc
593 2117 703 2180 ottinpos
721 2129 822 2179 ponm-
857 2115 919 2164 κᾶε.
934 2115 986 2164 Sed
995 2116 1088 2180 poich.
1102 2114 1286 2166 testacertus
1296 2116 1379 2166 tenni-

296 2193 379 2242 torum
404 2191 522 2242 tonninor
546 2197 569 2241 et
593 2205 686 2256 comm
709 2193 822 2255 pupilto-
858 2202 921 2249 nus,
935 2203 1016 2254 quem
1028 2190 1111 2241 Orous
1129 2191 1378 2242 statuitbominibus

296 2281 355 2316 rum
378 2280 410 2317 no
434 2267 558 2327 immam
583 2267 741 2330 propinqum
756 2267 822 2317 anim
858 2263 994 2327 rebusque
1020 2265 1144 2315 humanis
1169 2279 1249 2316 suum
1275 2265 1377 2316 tandem

298 2342 400 2392 tuorum
423 2342 497 2405 tortis
520 2347 556 2391 est
580 2347 604 2392 at
626 2343 678 2405 ipsc
702 2341 823 2391 indicabit
857 2337 884 2386 iu
901 2338 1232 2401 regnumrecidentibus.»
1260 2341 1379 2390 Finirau·

296 2420 386 2466 corba
402 2421 426 2465 tc
441 2429 546 2466 coruom
563 2417 671 2466 ittonam
857 2413 913 2461 tem
930 2412 974 2462 bic
991 2414 1109 2475 manat,
1129 2413 1265 2478 designat,
1285 2415 1379 2466 descri-

328 2491 369 2540 27.
396 2491 437 2541 28.
467 2491 579 2554 traina]
603 2492 683 2541 Tacit.
702 2491 769 2542 Anu.
789 2491 819 2551 t,
857 2485 1376 2554 bitiimite(cmprdnstwrciaulam

296 2564 345 2616 to:
375 2565 503 2615 incedebat
524 2567 635 2629 prosopa
660 2567 729 2616 ducis
753 2579 822 2615 recor
857 2561 884 2612 id
910 2565 964 2622 est,
999 2563 1074 2613 «Orci
1100 2563 1160 2614 auia
1185 2567 1273 2615 certos
1302 2564 1379 2615 habet

291 2641 430 2703 porcetum
440 2641 692 2704 dnofltiumperrnr.
716 2667 743 2676 -
765 2653 821 2690 ror-
856 2635 967 2696 limites,
994 2638 1064 2687 intra
1082 2651 1149 2702 qnos
1167 2638 1213 2688 ubi
1230 2639 1315 2690 semei
1337 2638 1376 2689 tati

295 2715 413 2776 diuosque
431 2715 511 2779 numa]
536 2727 711 2779 «pannosos»
734 2715 818 2766 Voss:
856 2707 914 2772 lega
932 2713 1118 2774 pervenimus,
1147 2712 1224 2763 nobis
1242 2715 1267 2763 in
1284 2727 1378 2778 parpe-

296 2789 666 2840 dionccisteniit'ndieio.
702 2788 821 2839 Vonder
857 2785 1376 2851 tuummnnendumest.u-cesttnara]

294 2863 418 2914 becken:
444 2866 494 2914 dic
511 2864 650 2914 tteiciton
662 2864 818 2914 Kindtsin.
856 2857 937 2909 ablat.
948 2863 1152 2925 comparationis
1162 2861 1375 2926 iungenduscnm

294 2936 429 3002 Gargallo:
448 2939 457 2988 i
473 2939 527 3003 tiptr'
543 2940 639 3003 ipoudi.
675 2940 762 2990 Ausus
780 2941 822 2989 est
857 2934 1005 3000 supplenda
1017 2949 1083 2986 voce
1098 2937 1174 2998 ortt,
1193 2951 1246 2987 non
1262 2951 1323 2988 cum
1332 2939 1377 3002 ttae

294 3015 395 3063 Garve:
414 3014 640 3064 scamatzvotta
661 3013 818 3064 Kindtein-
858 3011 937 3074 (quod
953 3023 1012 3061 voc.
1027 3010 1111 3061 semei
1129 3011 1267 3063 dumtaxat
1283 3025 1376 3076 genera

293 3088 379 3138 Minus
405 3101 487 3152 quam
513 3101 562 3140 nos
588 3091 616 3139 in
639 3089 689 3139 bac
706 3089 821 3151 imagine
857 3085 919 3135 iem.
939 3088 1077 3149 usurpavit
1095 3087 1218 3138 Horatius
1235 3089 1318 3152 Epod.
1339 3089 1375 3146 tt,

293 3162 467 3214 offendebant
483 3165 600 3228 antiqui,
631 3165 676 3227 qui
694 3164 821 3226 trequen-
857 3160 906 3210 36:
926 3161 996 3222 (tuoe
1004 3160 1084 3225 finis?
1102 3164 1130 3211 ut
1146 3163 1235 3213 statim
1248 3163 1377 3228 accipera-

293 3241 334 3288 ter
350 3251 412 3290 reos
429 3239 579 3290 sordidatos
590 3237 725 3288 videbant.
745 3236 818 3288 0vid.
859 3238 901 3284 tur
925 3235 953 3286 rt
976 3233 1075 3298 τέλος,
1102 3248 1154 3286 non
1176 3237 1219 3300 τίς
1241 3233 1375 3300 aaronem

293 3313 351 3362 Am.
372 3315 400 3375 t,
419 3314 448 3375 8,
467 3314 512 3364 39:
531 3315 675 3364 immundos
687 3340 715 3349 -
729 3340 756 3349 -
769 3313 822 3362 So-
857 3322 946 3373 neque
969 3309 1050 3360 ullam
1073 3311 1259 3362 auctoritatem
1282 3312 1377 3362 babent

292 3387 373 3436 Mona.
857 3385 910 3435 duo
928 3385 995 3435 Fene
1008 3386 1092 3437 Codd.
1111 3387 1234 3437 &adnoto
1251 3387 1376 3437 exhiben-

324 3461 441 3512 29-32.
475 3461 553 3512 Notio
586 3460 692 3525 certior]
730 3461 819 3521 «Quid
856 3461 905 3510 tes.
932 3460 1065 3510 Destincre
1077 3464 1167 3511 autem
1184 3462 1210 3510 h.
1224 3461 1241 3511 1.
1254 3461 1376 3512 limitibus

292 3533 406 3596 migrare
418 3535 518 3587 moliris
529 3538 639 3587 naturae
652 3533 720 3586 flues
731 3533 820 3599 teges·
855 3535 1092 3597 circumscribere,
1118 3539 1149 3586 ut
1159 3537 1229 3600 virg.
1243 3536 1301 3588 Cui.
1315 3537 1375 3587 389:

292 3621 345 3671 quc
371 3609 559 3660 mortaiitatis?
595 3611 646 3659 Pro
672 3613 746 3660 certo
771 3610 818 3661 tibi
854 3610 937 3659 torm
955 3611 1024 3672 capit
1040 3612 1164 3675 impiper:
1181 3613 1247 3662 tuno
1265 3613 1376 3662 eticor-

291 3683 460 3733 moriandum
473 3687 540 3734 ast.»
559 3683 819 3736 Hunelocumcom·
855 3685 908 3734 bom
932 3686 1054 3736 Destinat.
1083 3713 1110 3724 -
1137 3687 1217 3752 Arda]
1252 3687 1377 3750 «quaevis

257 3789 259 3794 -
291 3769 402 3806 munem
426 3759 453 3808 et
474 3756 634 3822 imaginibus
652 3761 679 3808 et
695 3761 818 3809 constru-
854 3759 935 3810 sedes
950 3758 1069 3824 amplam
1088 3763 1149 3826 apte
1167 3763 1248 3812 etiam
1266 3761 1300 3812 de
1318 3760 1378 3810 inie-

291 3831 378 3881 ctione
403 3829 537 3896 aliquanto
563 3831 711 3883 difficiliore
730 3833 814 3896 poeti-
854 3847 946 3884 rorum
963 3834 1038 3885 sede.
1057 3835 1147 3900 Eurip.
1161 3835 1217 3886 iiic.
1231 3835 1293 3886 259:
1304 3829 1376 3901 'dyo

291 3921 353 3958 cum
362 3908 484 3960 reddidit.
496 3937 523 3945 -
537 3909 652 3973 Rapacis]
664 3907 815 3959 callimach.
853 3909 891 3974 μέ
911 3924 955 3972 τις
971 3937 987 3948 -
1003 3936 1017 3946 -
1042 3907 1150 3961 νεκύων
1172 3909 1203 3973 ἐς
1220 3905 1322 3961 αὐλάν.
1349 3937 1374 3946 -

291 3983 338 4047 Ep.
364 3985 393 4044 ἰ,
418 3985 450 4033 6:
474 3978 565 4050 Ἀΐδης
589 3977 750 4054 ἁρπακτήρ.
786 3985 817 4035 Et
852 3985 951 4049 tarum]
979 3985 1036 4046 «te,
1064 3983 1209 4035 multorum
1231 3985 1375 4050 mancipio-

290 4071 353 4109 cum
371 4059 455 4110 Orcus
473 4059 500 4109 b.
519 4058 536 4110 l.
565 4060 689 4122 (maxime
707 4061 816 4124 propter
853 4057 1373 4124 rumdominumiooupiatissimum.»-

290 4147 315 4183 v.
334 4133 385 4196 ³6.)
409 4147 541 4198 personae
565 4134 652 4184 vicem
677 4135 814 4196 sustineat,
853 4135 908 4184 inm
916 4133 1055 4186 videamus
1064 4135 1306 4186 constructionem:
1319 4133 1375 4184 Nut-

290 4207 385 4258 meiior
413 4209 505 4272 utique
541 4210 582 4260 est
616 4208 699 4260 codd.
737 4207 815 4260 lectio
851 4209 878 4258 tn
894 4209 956 4260 cuia
971 4211 1065 4260 certior
1079 4214 1164 4259 most
1180 4209 1374 4260 tnumdtrritm

290 4295 371 4347 quam
400 4281 509 4335 Bentleii
544 4284 660 4349 suspicio
695 4285 812 4348 capeat,
850 4281 910 4334 auli
924 4285 1049 4335 daritim
1066 4283 1371 4350 (quamauladestinata)
