2998 4980
523 448 581 498 Llll.
601 448 620 496 l.
656 448 685 497 C.
704 447 767 496 xvi.

379 605 521 692 luppiter
542 604 612 691 ipse
634 623 732 670 ruens
754 601 899 668 tumultu.
939 659 942 664 .

294 765 407 830 Fertur
428 761 651 839 Prometheus,
676 761 799 828 addere
819 761 956 850 principi

293 885 384 950 Limo
406 893 537 952 coactus
557 883 749 972 particulam
771 883 915 970 undique

335 1007 523 1083 Desectam,
547 1016 579 1072 et
600 1006 702 1073 insani
724 1004 827 1072 leonis

190 1215 231 1266 tt.
250 1219 363 1266 coectom
379 1213 497 1264 malebat
511 1213 654 1264 Bentleius.

115 1399 163 1442 ter
178 1405 240 1455 quos
255 1391 366 1456 (iratres)
375 1392 465 1442 Helene
476 1393 550 1442 nudis
562 1405 652 1453 cepere
688 1391 808 1452 videtur,
826 1393 962 1457 scriptoris
979 1393 1091 1456 nomen)
1109 1394 1136 1443 tn
1152 1393 1213 1444 Pro-

116 1481 201 1518 arrno
232 1467 336 1530 papillis
364 1467 456 1517 Fertur
486 1480 532 1516 nec
558 1467 652 1531 fratres
688 1466 781 1516 nwdteo
801 1467 838 1516 ait
862 1469 920 1517 deos
937 1467 1037 1531 ειιιφιιε
1052 1482 1100 1518 seio
1118 1469 1212 1518 homini

118 1541 254 1593 mecine
278 1543 343 1592 deos.
378 1541 431 1592 Sed
453 1545 572 1607 praestat
596 1543 649 1594 sie:
688 1539 816 1600 etcum·
835 1540 889 1591 hue
907 1555 959 1592 non
977 1543 1083 1592 iaciunt.
1119 1543 1212 1593 Differt

120 1616 299 1666 «Prmnetheru
330 1617 423 1668 addere
450 1622 551 1667 εοεειιιι
583 1621 650 1680 cet,
689 1615 769 1665 etiam
786 1613 860 1666 locus
877 1615 1038 1668 Philemonis
1051 1617 1153 1680 Pragm.
1172 1618 1212 1667 in-

120 1691 365 1756 sementiam,
383 1695 413 1741 ut
429 1693 495 1756 Epp
515 1693 539 1752 4,
556 1693 597 1750 40
615 1690 650 1754 4.)
689 1691 755 1739 cert.
772 1689 797 1740 3.
816 1703 842 1754 p.
862 1691 919 1741 333.
937 1691 1032 1741 Heia:
1057 1691 1174 1743 Ttrrod'
1192 1685 1210 1740 ὁ

119 1767 373 1828 mundasset-
345 1767 508 1818 --uddere
518 1765 651 1830 -eoeetosJ
687 1761 879 1853 prpqudg,
914 1759 949 1816 ὃν
985 1764 1099 1832 λέγεινεί
1132 1760 1211 1831 ἡμᾶς

120 1842 221 1892 Cum'
214 1855 240 1890 ιιι
263 1839 365 1905 relique
382 1839 505 1892 animalia
530 1840 599 1892 vel'
592 1855 650 1907 ipse
688 1835 796 1890 πλάσαι
828 1840 885 1892 liat
908 1831 999 1892 τᾶλλα
1024 1838 1118 1892 πάντα
1141 1837 1210 1907 ζῷα,

119 1913 167 1966 vel
184 1915 357 1980 Epimetheus
371 1916 582 1980 consumpsisset
594 1929 651 1966 cre-
687 1919 749 1976 τοῖς
769 1913 824 1980 μὲν
846 1915 904 1988 οηρ
903 1917 960 1979 tote
974 1910 1081 1977 'Edon'
1098 1912 1211 2006 ἑκάστῳ

120 1989 186 2040 andi
205 1988 351 2052 elementa,
368 2003 479 2042 necesse
496 1989 590 2042 habuit
604 2005 652 2040 ιιιι-
687 1985 762 2040 mre
786 1991 868 2058 γένος
892 1993 963 2056 μίαν
986 1988 1093 2054 etorm-
1109 1983 1212 2044 ’Ἀπαν-

120 2067 213 2127 ἄφιε,
232 2063 259 2114 id
282 2067 337 2124 est,
356 2079 390 2116 ex
406 2065 531 2117 omnibus
547 2067 650 2116 anima-
687 2079 733 2128 τις
760 2065 791 2116 οἱ
822 2063 936 2130 λέοντές
968 2068 1041 2118 εἰσιν
1074 2061 1210 2132 ἄλκιμοι,

120 2139 191 2190 lium
215 2139 359 2202 generibus
384 2139 473 2191 denuo
497 2140 651 2202 portienlem
687 2139 784 2192 Δειλολ
808 2136 895 2192 πάλιν
919 2138 987 2207 ἑξῆς
1011 2137 1116 2204 πάντες
1137 2143 1211 2194 εἰσιν

121 2215 194 2264 hanc
209 2213 251 2265 vel
270 2213 341 2266 illam
355 2227 477 2276 sumere,
497 2229 551 2279 quo
568 2217 650 2266 homo
688 2216 719 2266 oi
741 2214 834 2282 λαγοί.
877 2209 937 2267 Οὐκ
961 2209 1020 2267 eof
1046 2211 1209 2283 ἀλώπηξ*
1190 2234 1210 2282 η

121 2289 260 2355 perlectos
287 2289 415 2342 evaderet
439 2293 467 2342 et
494 2289 648 2354 exemplari,
686 2289 741 2356 pir
763 2289 846 2377 εἴρων
862 2287 898 2362 τῇ
915 2287 1019 2354 φύσει,
1040 2285 1076 2342 H
1088 2291 1112 2342 δ’
1121 2287 1211 2343 αὐθέ-

122 2364 197 2428 quod
215 2365 300 2416 lictori
327 2369 388 2416 ente
414 2363 506 2417 oerilos
528 2363 653 2415 versaba-
687 2381 805 2429 κασιος,
818 2360 904 2416 ἀλλ’
889 2383 940 2418 εαν
948 2369 1118 2438 τρισμυρίας
1126 2361 1210 2419 'Aial-

124 2443 183 2501 tur,
201 2440 428 2505 responderei.-
399 2438 536 2492 -Fahula
553 2439 587 2489 de
604 2439 652 2490 ho-
688 2437 778 2505 rcexeig
795 2456 838 2505 τις
855 2439 1014 2514 συναγάγῃ,
1031 2445 1102 2508 μιαν
1119 2438 1210 2505 φύσιν

124 2515 242 2566 minibus
266 2529 282 2566 a
305 2516 467 2568 Prometheo
489 2527 522 2565 ex
542 2512 606 2566 limo
623 2517 651 2564 et
684 2510 898 2582 Ἆπαξωιάσαις
921 2497 1029 2583 lipsien
1050 2515 1158 2608 τρόπον
1180 2520 1209 2570 c'

124 2603 193 2654 aqua
216 2591 329 2650 crenis,
354 2590 472 2640 Homero
492 2590 519 2639 et
534 2587 650 2640 Hesiodo
687 2585 747 2643 iva·
762 2589 899 2657 ‘Hpnivri'
915 2587 1084 2644 ὅσακειιτεί
1099 2589 1209 2660 σώματ’

124 2666 230 2728 ignota,
273 2666 390 2728 primum
426 2664 588 2728 significatur
615 2661 649 2712 ab
687 2667 749 2719 ἐστι
765 2663 817 2718 τὸν
830 2663 960 2756 ἀριθμὸν
977 2668 1050 2720 Καθ’
1068 2665 1142 2732 ἑνός,
1160 2682 1211 2719 το-

125 2739 221 2790 Erinna
238 2737 344 2789 Anthol.
365 2737 418 2788 Pel
434 2741 454 2790 Ι.
470 2753 497 2805 p.
516 2739 573 2790 304.
600 2739 647 2802 Ep.
687 2739 813 2806 σούτοες
830 2736 892 2794 ἔστι
912 2745 962 2794 και
984 2739 1110 2814 τρόπους
1130 2741 1209 2794 ideis.

125 2813 181 2864 352.
223 2813 339 2876 (Luciam
357 2813 493 2864 Prometh.
518 2814 548 2864 3:
576 2813 650 2864 Σεν-
688 2819 814 2868 Ceterum
828 2818 980 2870 Promethei
998 2821 1025 2868 et
1040 2819 1159 2883 Psyches
1173 2820 1212 2868 vi·

126 2883 270 2959 ειργάζετο
303 2881 382 2954 αὐτῷ
417 2888 467 2938 καὶ
500 2881 520 2954 ἡ
544 2880 650 2955 Ἀθηνᾶ
687 2893 856 2944 cissitudines
881 2905 979 2956 resque
998 2895 1103 2954 gestae,
1130 2895 1211 2944 etiam

126 2963 294 3028 ἐμπνέουσα
313 2957 365 3012 τὸν
382 2957 475 3028 πηλὸν
491 2961 564 3027 κτλ.)
598 2965 651 3014 Ho-
687 2969 802 3019 hominis
819 2969 996 3027 creationem,
1015 2968 1151 3030 ingeniose
1167 2981 1211 3017 ex-

127 3039 184 3088 retii
209 3051 276 3087 vero
310 3030 533 3108 dvdpeiroyovta
556 3038 649 3104 procul
685 3053 794 3107 pressas
811 3040 950 3092 mdehism
962 3040 1127 3105 sarcophago
1139 3041 1211 3104 apud

125 3113 240 3163 duhioe
265 3115 365 3162 Graeco
380 3110 468 3176 aliquo
484 3116 577 3179 poeta,
596 3127 649 3164 non
686 3115 780 3167 Hitller
800 3117 905 3166 Derion.
932 3117 952 3166 1.
978 3117 1008 3165 N.
1030 3113 1088 3165 406.
1123 3115 1210 3178 Atque

125 3189 216 3238 tamen
243 3200 258 3236 e
283 3187 449 3248 stesichoro,
472 3190 502 3237 ut
519 3192 592 3239 ratus
609 3191 651 3239 est
687 3191 862 3241 Prometheus
909 3191 1047 3242 hominem
1095 3189 1209 3252 tingens,

125 3268 269 3324 Hesperus,
286 3265 398 3327 repetita
414 3264 494 3314 hodie
511 3264 583 3329 apud
605 3279 652 3315 ne-
687 3277 770 3328 quem
788 3264 921 3328 papilione
939 3266 979 3315 ori
998 3263 1106 3315 admoto
1125 3264 1153 3314 iu
1168 3265 1210 3313 vi-

125 3341 227 3390 minem
243 3339 413 3402 antiquorum
431 3340 591 3403 scriptorum
607 3353 652 3390 ex·
687 3339 742 3388 tam
756 3342 835 3389 vocat
850 3340 987 3400 itinerum·
1001 3341 1043 3389 est
1058 3340 1084 3389 4ιι
1101 3339 1210 3390 Viseon-

124 3417 190 3474 stat;
217 3415 339 3478 proxime
357 3417 446 3465 ιειιιειι
462 3414 566 3464 accedit
584 3416 651 3465 Pro-
688 3415 714 3464 tii
746 3416 812 3465 Hos.
833 3415 975 3466 Pio-Cleo.
1000 3415 1043 3465 1v.
1070 3413 1110 3466 34.
1154 3413 1210 3466 Alia

124 3493 232 3554 tagoree
257 3485 354 3552 μῦθος
378 3489 412 3539 de
440 3489 600 3539 Prometheo
623 3490 650 3539 in
687 3488 810 3540 eiusdem
823 3489 1208 3553 imagoeernardmnnttuo.

125 3565 283 3629 cognomine
296 3563 399 3627 dialogo
410 3563 580 3629 Platouioop
591 3566 648 3616 340.
687 3565 844 3614 T..-LX1
858 3565 971 3627 principi
985 3563 1099 3628 nmo]«
1087 3578 1140 3616 «ex
1156 3578 1210 3628 qno

125 3639 205 3690 4444444
229 3637 317 3688 Schol
344 3639 425 3703 Cruq.
453 3651 486 3688 ex
501 3640 649 3704 antiquiore
686 3639 803 3724 primum
818 3639 956 3690 hominem
969 3639 1067 3690 finxit.»
1055 3639 1208 3704 »Sophocl

124 3715 223 3779 aliquo,
243 3715 273 3762 ut
288 3714 391 3777 opinor,
412 3715 571 3778 interprete.
593 3717 650 3766 «Sic
686 3713 713 3762 in
730 3713 850 3765 Pandora
872 3715 914 3764 Fr
935 3713 997 3764 432.
1023 3715 1074 3766 καλ
1097 3707 1210 3803 apciton

124 3791 251 3840 timorem
276 3788 442 3853 deprompsit
463 3803 479 3839 a
500 3787 608 3854 lepore,
634 3805 649 3841 a
687 3778 780 3878 ἆρχεν
814 3789 941 3854 (Huschlr.
975 3783 1084 3861 ἀρχὸν)
1117 3785 1210 3856 πηλὸν

124 3863 202 3928 volpe
228 3863 386 3914 estunam.»
427 3863 520 3926 Neque
542 3877 651 3928 meguo-
687 3857 818 3936 ὀργὰζειν
834 3869 942 3936 χεροῖν.

124 3951 188 4004 pere
218 3937 346 3988 abhorret
370 3949 479 3988 carmen
510 3939 651 3992 Simonidis

125 4013 259 4076 nmorgmi
285 4011 319 4063 de
342 4011 499 4064 mulieribus
514 4015 650 4066 variorum
721 4017 761 4065 444.
795 4015 879 4065 immi
902 4015 979 4065 4εοιιιι
997 4013 1059 4078 Vtro]
1083 4015 1209 4064 «iracun-

124 4086 278 4138 auimalinm
310 4086 429 4138 indolem
462 4087 648 4141 referentibus.
687 4089 750 4140 dnm
767 4091 942 4152 saevitiam»,
965 4103 1032 4153 non,
1054 4089 1084 4139 ut
1101 4087 1210 4151 quidam

125 4163 245 4214 Advocot
273 4161 383 4226 quidem
410 4163 498 4214 lanius
531 4163 648 4227 Fulgent.
687 4163 861 4215 calumniatus
894 4167 951 4226 est,
985 4166 1015 4214 ut
1047 4164 1116 4214 hane
1143 4163 1211 4213 stro-

126 4235 235 4300 ilythol.
249 4237 273 4298 3,
287 4237 312 4287 7.
347 4236 400 4286 Sed
417 4250 486 4302 quae
503 4237 539 4288 ihi
556 4237 650 4303 legun·
686 4239 769 4304 phem
784 4242 938 4304 suspectam
955 4239 1089 4301 redderet,
1112 4234 1210 4286 «robur

128 4313 181 4360 tur:
211 4313 288 4362 etiem
313 4311 457 4362 Tiberianus
482 4311 596 4375 (ticum,
622 4317 652 4365 ul
687 4314 797 4366 leonis.»
1180 4360 1181 4366 ,
