2998 4980
468 469 527 520 Llll.
546 471 565 520 l.
603 471 632 521 C.
652 471 704 522 XV.

289 626 511 714 Nequicquam
532 625 671 694 thalamo
692 649 807 715 graves
890 659 895 672 ·

249 748 363 815 Hastae
385 757 417 814 ct
439 747 553 814 calami
575 749 699 836 spicula
721 751 828 818 Cnosii

249 869 369 936 Vitabis
391 869 625 957 strepitumque
647 881 680 937 ct
701 871 842 938 celerem
865 873 957 959 sequi

220 991 391 1068 ·hiacem;
414 1001 520 1057 tarnen
541 991 606 1058 heu
629 1013 722 1058 serus
744 992 907 1059 adulteros
946 1001 952 1014 '

150 1215 186 1265 te.
203 1215 290 1280 prava
305 1215 373 1266 aer.
393 1243 420 1252 -
440 1216 479 1266 ir.
498 1217 579 1280 peaes
598 1215 725 1278 aceres.

93 1417 250 1482 explicando:
270 1421 392 1472 «cantus
405 1418 505 1472 vocalis
521 1422 549 1470 el
564 1421 604 1471 ci·
639 1419 671 1470 ἐν
688 1418 713 1470 δ’
726 1414 785 1493 ἄρα
802 1423 876 1494 χειρλ
891 1415 977 1489 ἔγχος
992 1417 1034 1484 ἔχ’
1052 1421 1164 1475 ἑνδεκά-

92 1492 172 1544 iharae
196 1496 255 1546 soni
270 1496 341 1547 inter
356 1509 386 1546 se
409 1495 542 1546 coniuncti
561 1496 604 1545 to-
640 1509 728 1561 πηχσ.

93 1567 138 1616 am
164 1569 279 1621 efficiunt
312 1569 515 1633 symphoniam
549 1570 603 1619 iam
673 1572 713 1620 tr.
726 1571 827 1635 calami]
838 1572 962 1623 Harundo
974 1573 1118 1634 cretensis,
1132 1588 1164 1624 cx

95 1641 228 1704 shgdatim
251 1643 379 1708 spectetis
403 1643 444 1694 his
474 1641 602 1706 partibus,
639 1655 691 1708 σοι
701 1647 808 1708 sagittas
816 1645 957 1704 faciebant,
967 1659 1099 1710 perquam
1107 1652 1165 1697 erat

97 1709 182 1798 ξοιιλὴν
220 1720 309 1770 dividit
342 1719 458 1768 citharae
494 1719 601 1778 motus,
639 1719 716 1782 dura,
735 1721 812 1771 nodis
828 1719 906 1784 longe
921 1722 990 1772 inter
1006 1733 1035 1771 se
1048 1721 1166 1772 dictami

96 1788 164 1858 αοιλή
176 1795 293 1846 citharae
308 1807 398 1854 sonos,
416 1793 443 1844 id
455 1796 504 1854 eet,
520 1791 603 1843 altera
639 1793 699 1846 bus.
734 1797 792 1846 Non
809 1797 899 1846 umen
914 1796 941 1846 h.
959 1792 976 1846 l.
994 1796 1164 1858 cogitandam

95 1867 344 1920 nmdmtdiatotius
355 1871 531 1934 symphoniae
541 1883 603 1935 pars
640 1870 674 1920 de
691 1869 846 1930 Idomeneo,
865 1871 910 1933 qui
928 1883 981 1920 non
995 1871 1042 1920 luit
1057 1871 1166 1934 sagitta-

94 1943 148 1989 esl.»
179 1943 219 1994 hd
235 1957 262 1992 v.
276 1945 386 1994 dhidm
400 1957 526 2008 compara
538 1947 604 1994 Pro-
639 1945 703 1996 rius.
725 1945 869 2009 -spiculcl
888 1945 960 2008 apud
975 1947 1068 2008 poetas
1084 1945 1166 2009 sagit·

94 2019 149 2074 pert.
173 2017 198 2080 Ξ,
224 2018 249 2079 l,
275 2017 305 2068 9:
329 2018 388 2067 Sive
404 2017 479 2079 iprae
502 2031 604 2068 comat
640 2021 691 2068 iae.
716 2019 786 2082 Virg.
806 2018 860 2069 Ecl.
880 2020 921 2080 to,
936 2020 984 2069 59:
1002 2019 1059 2069 tibet
1073 2021 1165 2072 Partho

94 2087 165 2151 dicitis
176 2093 298 2154 percussit
313 2092 420 2142 ιὸεκνλι.
456 2092 507 2142 Sed
532 2092 603 2157 ploni
638 2099 754 2154 torquere
794 2094 906 2154 Cedonia
942 2107 1022 2143 coma
1053 2095 1165 2156 spicato.

93 2167 264 2216 commentarii
275 2167 359 2216 instar
370 2169 412 2216 est
422 2165 485 2216 illud
497 2168 603 2218 Luciani
642 2169 709 2217 -ln
721 2169 840 2218 numeris
850 2171 892 2217 est
900 2167 1084 2228 ΚΝΩΣΙΩΝ,
1094 2169 1166 2220 unde

93 2235 177 2302 lmagg.
191 2239 236 2291 ti:
255 2234 380 2312 εὔκαὶρῳ
396 2239 432 2311 τῇ
452 2231 537 2312 ἄρσει
554 2243 604 2292 καλ
640 2243 778 2305 praestaro
796 2242 902 2292 videtur
918 2243 1050 2306 scriptura
1068 2242 1165 2302 Cnosit3

92 2309 161 2363 θέσει
186 2311 435 2386 διαμεμετρῆσθαι
459 2311 493 2365 τὸ
521 2307 605 2384 ᾆσμα
641 2315 673 2365 al.
704 2316 798 2365 cnosi.
833 2315 907 2366 Illam
937 2315 1061 2380 praetth
1086 2318 1166 2368 etiam

92 2387 133 2436 καὶ
153 2386 281 2456 συνῳδὸν
304 2387 377 2441 εἶναι
402 2385 456 2456 τὴν
480 2387 605 2462 κιθάραν
642 2389 789 2453 Hertzberg
811 2390 846 2439 ad
865 2393 943 2455 Prop.
965 2391 990 2451 2,
1009 2392 1050 2453 ih,
1070 2392 1110 2441 tc.
1135 2405 1167 2442 ac

92 2461 134 2510 καλ
166 2457 340 2536 ὁμοχρονεῖν
366 2462 402 2536 τῇ
430 2460 540 2536 γλώττῃ
568 2461 604 2515 τὸ
641 2477 720 2514 nemo
746 2464 867 2528 prolecto
887 2465 911 2526 l,
938 2466 979 2527 hi,
1004 2465 1028 2516 8.
1056 2468 1168 2532 recipiet

92 2533 231 2608 πλῆκτρον.
267 2541 340 2592 hicat
363 2542 407 2591 hic
429 2553 538 2604 quoque
558 2541 606 2590 du·
641 2539 722 2602 Grapt
739 2551 771 2588 ax
788 2539 909 2589 BbSTcd.

92 2608 176 2674 plicam
192 2617 311 2666 statuere
335 2619 434 2666 constr.
458 2629 483 2666 v.
507 2616 605 2679 [arants
674 2614 713 2663 i8.
741 2613 844 2663 celerent
862 2613 939 2678 mom]
964 2612 1035 2664 iliad.
1053 2612 1082 2676 β,
1100 2617 1164 2665 527:

92 2692 157 2748 pato
172 2691 198 2738 et
214 2691 310 2740 dwtdea
323 2690 429 2755 smair,
446 2689 497 2740 alio
514 2694 604 2741 mmen
637 2683 754 2753 Ὀϊλῆος
764 2684 856 2750 ταχὺς
872 2685 951 2751 Αἴας.
978 2691 1110 2754 imprimis
1123 2704 1170 2741 au-

93 2773 162 2812 scnsu
177 2777 259 2828 quam
271 2763 324 2824 illo,
345 2778 427 2829 quem
443 2778 524 2829 supra
537 2768 606 2817 reie-
640 2765 695 2814 tem
707 2765 752 2814 hic
764 2765 821 2814 eius
834 2765 933 2814 mentio
946 2763 1060 2826 quadrat
1071 2767 1132 2830 post
1140 2779 1165 2816 v.

93 2836 178 2888 timus:
204 2839 312 2901 «lyram
335 2838 453 2903 pulsabis
473 2839 604 2904 simulque
640 2839 734 2900 haam,
745 2839 845 2888 etenim
856 2839 988 2890 Homerus
997 2837 1061 2889 ibid.
1069 2853 1094 2888 v.
1103 2839 1165 2890 tao:

94 2912 208 2975 mutabis,
227 2915 262 2963 ita
281 2915 385 2966 etcum
398 2914 604 2966 Heleneomncs
640 2913 738 2983 ἐγχείῃ
755 2910 779 2961 δ’
799 2912 949 2964 ἐκέκαστο.
975 2912 1024 2963 Alii
1042 2913 1076 2963 do
1088 2915 1168 2964 Aiace

94 2987 143 3036 tuae
157 3001 265 3040 sorores
281 2991 363 3053 atque
380 2989 491 3040 hairum
508 2989 605 3040 mulie·
641 2990 752 3050 maiore,
772 2985 923 3038 Telamonis
942 2986 1010 3048 filio,
1036 2989 1169 3052 interpre-

93 3073 128 3111 rae
140 3062 245 3114 dulcem
259 3077 357 3114 sonum
368 3065 541 3128 percipiant.»
560 3065 606 3115 hli-
641 3065 744 3122 tantur3
768 3063 815 3126 qui
840 3075 904 3112 sana
926 3060 998 3125 apud
1022 3063 1169 3111 liomerum

95 3147 133 3186 ntis
147 3140 271 3188 accurate
283 3137 417 3201 explicant
427 3140 485 3189 aut:
507 3137 606 3189 calter-
642 3139 683 3189 est
699 3138 787 3200 potius
802 3136 926 3186 statarius
943 3132 1069 3195 bellator,
1088 3147 1169 3199 prae·

95 3211 156 3262 nabis
181 3213 300 3262 carmina
325 3225 392 3262 voce
417 3225 476 3264 assa
499 3214 604 3262 cantata
641 3211 734 3262 sertim
749 3210 796 3260 ubi
819 3208 964 3259 lentissima
983 3222 997 3258 e
1016 3221 1102 3272 pugna
1123 3223 1168 3258 re-

96 3287 166 3336 sonitn
190 3289 345 3346 citharae·;
375 3289 433 3337 ant:
464 3287 604 3337 «carmina
642 3281 1166 3346 cedenscumasinocomparaturiliad.

95 3363 196 3413 numeris
219 3363 276 3414 suis
297 3360 477 3420 dimotionem
505 3361 604 3411 etenim
642 3359 666 3422 λ,
689 3360 746 3410 sta.

95 3435 137 3484 itm
158 3435 209 3488 lata
235 3450 291 3488 non
310 3439 384 3502 patet
398 3435 473 3488 verbi
496 3437 605 3486 divim
673 3435 713 3486 49.
750 3433 841 3498 tomen]
867 3433 942 3484 «Etsi
959 3431 1071 3482 Veneris
1092 3445 1169 3496 prae·

96 3507 242 3570 significatio.
640 3511 708 3562 sidio
735 3511 819 3562 frctus
844 3509 890 3559 diu
918 3509 1034 3559 mortem
1061 3505 1166 3566 vitabis,

121 3585 154 3634 it.
176 3587 296 3652 ιλσλσσιο]
312 3588 412 3638 Rursus
428 3585 604 3650 contemptim
640 3589 730 3636 nmen
751 3584 894 3648 aliqnando
917 3582 1022 3645 (decem
1042 3584 1103 3645 post
1119 3593 1169 3631 an·

96 3655 122 3706 de
150 3661 257 3714 homine
284 3661 435 3711 effeminato
461 3659 512 3710 illic
540 3672 603 3710 cum
640 3661 712 3722 nos),
735 3657 850 3716 adulter,
877 3657 1011 3707 occides.»
1036 3681 1063 3690 -
1086 3653 1165 3717 screa]

96 3732 198 3786 adultera
223 3749 253 3787 se
279 3735 470 3787 abscondente.
513 3735 603 3784 Venus
639 3735 774 3787 Adiectiva
809 3731 966 3798 temporalia
998 3743 1080 3794 saepe
1113 3743 1163 3792 pro

96 3807 201 3861 Paridem
224 3810 298 3861 Iliad.
325 3827 352 3876 γ,
381 3810 444 3860 38⁴:
472 3806 603 3872 ἐκάλυψε
640 3807 781 3860 adverbiis.
823 3807 897 3858 iliad.
918 3821 951 3868 α,
975 3805 1039 3856 ihi:
1066 3799 1167 3866 χθιζὸς

95 3877 113 3928 δ’
126 3875 166 3954 ἄρ’
185 3879 248 3956 ἠέρι
271 3877 363 3956 πολλῇ
380 3880 442 3936 Κὰδ
457 3881 481 3933 δ’
499 3877 551 3934 altr
572 3882 603 3935 ἐν
638 3877 703 3949 ἔβη.
727 3882 813 3947 Epod.
827 3882 872 3941 46,
890 3883 931 3931 at:
949 3880 1103 3942 vespertinas
1118 3892 1166 3927 κν·-

95 3955 200 4028 adalp
221 3955 330 4020 εὐώδεϊ,
348 3955 477 4025 κηώεντι.
498 3987 525 3996 -
543 3973 604 4023 pra-
638 3973 688 4009 aa.
721 3958 787 4022 Epp.
808 3959 839 4016 h,
863 3957 893 4018 t,
918 3955 980 4006 tot:
1008 3953 1167 4004 metita

95 4034 133 4098 va]
149 4037 357 4099 *ponderosasp
373 4036 425 4085 hoc
440 4035 524 4097 magis
540 4039 604 4098 poa-
639 4033 742 4084 &cecc
775 4032 886 4081 admovit
915 4031 1034 4080 naeniae
1061 4027 1162 4077 chortis.

97 4106 163 4159 tcum
179 4113 219 4160 est
236 4123 334 4174 quam,
353 4112 383 4158 nt
399 4108 442 4158 alii
457 4111 601 4173 exponunt,
639 4109 708 4170 Virg.
728 4104 816 4169 Eclog.
837 4107 861 4166 i,
883 4105 930 4156 28:
958 4105 1078 4163 libertos,
1100 4113 1165 4163 ροισι

97 4184 241 4246 nentiosas,
281 4187 397 4234 mortem
427 4184 601 4235 afferentes.»
638 4195 704 4240 sero,
728 4187 811 4231 totam
832 4181 943 4242 respuit
958 4180 1069 4229 inertem
1105 4174 1162 4225 Tib.

97 4254 229 4309 Recordare
257 4259 367 4310 Homeri
391 4251 478 4324 ἔγχος
504 4254 602 4328 liperici,
640 4258 663 4317 t,
685 4254 731 4306 at:
765 4255 847 4316 Sero,
872 4260 956 4304 ισνιαι
978 4253 1061 4302 tacitis
1081 4261 1165 4312 poeno

97 4331 165 4396 aaa,
185 4330 326 4405 στιβαρόν
346 4336 374 4384 ιι
395 4333 467 4383 inae.
489 4335 512 4395 ς,
537 4319 600 4382 aii:
638 4332 704 4381 vec
719 4329 830 4392 ραι-ια.
866 4329 985 4391 propert.
1011 4326 1035 4386 a,
1056 4327 1096 4385 ie,
1115 4323 1161 4374 as:

167 4425 254 4472 ilonea.
273 4437 327 4471 voa.
344 4425 358 4470 l.
390 4437 427 4473 aa.
445 4433 521 4470 aaron
537 4423 570 4467 lit.
983 4433 989 4462 ι
