3002 4974
542 493 600 542 liu.
621 494 650 542 ll.
688 497 716 544 C.
737 497 801 545 XlV.

291 649 430 738 Cocytos
451 667 563 714 errans
586 660 618 715 et
639 651 740 717 Danai
763 673 865 738 genus

329 770 448 836 lnlame
470 769 707 859 damnatusque
728 771 813 860 longi

372 891 532 980 Sisyphus
554 891 704 960 Aeolides
726 892 855 960 laboris.
1164 901 1203 962 uo

288 1051 476 1138 Linquenda
498 1050 592 1118 tellus
614 1063 646 1118 ot
667 1053 784 1120 domus
806 1065 838 1120 et
860 1053 991 1142 placens

288 1172 386 1250 Uxor,
410 1193 517 1261 neque
540 1172 667 1252 harum,
695 1197 777 1263 quas
800 1175 895 1252 colis,
920 1177 1072 1242 arborum

331 1297 373 1359 Te
397 1305 525 1382 praeter
547 1296 666 1362 invisas
688 1317 864 1385 cupressos

373 1415 440 1482 Ulla
461 1415 594 1483 brevem
617 1418 782 1484 dominum
804 1430 968 1506 sequetur.

286 1575 440 1641 Absumet
465 1575 559 1641 heres
584 1577 732 1643 Caecuba
755 1577 881 1664 dignior
1164 1584 1204 1646 25

184 1785 225 1832 48.
263 1783 365 1844 Cocytos
395 1781 661 1850 BbSTcd‚y‹lapv§x,
693 1785 838 1836 Bentleius:
874 1786 977 1848 Gooptru
1004 1789 1111 1840 notin.
1143 1817 1170 1826 -

148 1858 190 1907 2³.
211 1871 342 1919 cupressos
357 1859 385 1908 T.
406 1853 493 1910 -it
514 1859 576 1924 utta]
598 1861 744 1926 Vitoyap.
763 1861 868 1910 Xirchn.
889 1863 918 1912 N.
938 1863 967 1922 Q.
986 1863 1048 1914 lior.
1064 1877 1092 1928 p.
1110 1864 1150 1915 36.

112 2047 181 2116 γροὶ
204 2041 348 2116 δνοφερᾶς
373 2041 477 2110 νυκτὸς
502 2049 638 2112 ποταμοί.
708 2049 748 2097 23.
781 2049 818 2112 To]
848 2049 904 2098 Non
933 2061 1016 2100 unum
1045 2051 1202 2102 Postumum

111 2121 185 2182 l'irg.
206 2123 252 2170 Ge.
277 2119 308 2180 l,
336 2119 397 2170 liu:
424 2121 498 2170 limus
521 2123 593 2186 τῑριν
618 2127 641 2172 ιι
676 2123 719 2171 hic
736 2121 851 2186 appellat
868 2125 894 2172 et
912 2121 1064 2185 alloquitur,
1085 2127 1161 2188 quasi
1179 2129 1202 2177 ei

110 2196 232 2258 desumus
243 2195 342 2244 amado
351 2195 443 2256 Cocyti.
457 2198 522 2244 Aen.
534 2197 562 2254 6,
583 2195 639 2244 434ε
676 2195 724 2247 soli
742 2195 775 2245 de
793 2195 911 2258 generali
928 2198 979 2246 hac
997 2200 1127 2248 sententia
1139 2213 1203 2262 per-

112 2271 205 2319 Τοπιπι
224 2269 308 2318 audio
329 2270 414 2318 aronio
430 2269 507 2318 siloae
524 2271 641 2330 Cocytos·
676 2270 845 2320 suadendum
857 2272 898 2330 sit,
913 2271 961 2322 sed
974 2284 1109 2336 quemque
1123 2272 1204 2324 lecto

111 2358 161 2406 ριιι
188 2345 247 2394 nau
274 2341 357 2392 uano
385 2343 546 2392 circumvenit
573 2349 639 2394 atro,
676 2359 743 2394 rem.
774 2372 800 2380 -
825 2339 960 2410 mpressos]
986 2345 1072 2395 Arbor
1096 2351 1137 2398 est
1154 2350 1204 2398 Diti

111 2421 218 2468 Seneca
238 2418 315 2467 llere.
329 2418 379 2468 tur.
393 2417 457 2468 686:
483 2419 558 2467 Putas
576 2419 642 2467 inor-
677 2431 753 2469 sacru
777 2421 857 2482 atque
880 2422 1023 2484 propterea
1041 2421 1148 2472 funebri
1166 2423 1203 2474 si-

110 2497 144 2544 tis
160 2494 236 2558 (ordo
254 2493 421 2554 Germisara.
436 2521 463 2529 -
478 2493 581 2554 Cocytos
592 2507 641 2542 au·
677 2507 728 2556 gno
752 2492 785 2544 ad
809 2493 903 2544 domos
927 2497 953 2543 et
976 2495 1048 2545 eirea
1066 2507 1144 2560 rogos
1162 2497 1205 2548 di-

111 2574 170 2618 tem
187 2569 215 2616 h.
234 2566 252 2617 l.
272 2567 365 2630 scripsi
384 2579 446 2616 cum
465 2567 639 2630 Codd.1neis,
678 2568 775 2617 tiorum
792 2567 855 2632 poni
872 2565 956 2618 solita.
976 2571 1074 2622 Lucan.
1094 2571 1118 2632 3,
1138 2571 1202 2623 4in

111 2645 141 2693 ut
154 2643 181 2692 in
191 2641 289 2704 Virgilii
301 2640 359 2692 loco
370 2640 484 2705 praebet
495 2641 639 2693 lledieeus.
677 2641 709 2692 Et
734 2656 784 2691 noa
806 2643 913 2704 plebeios
937 2643 1018 2693 tuctus
1042 2651 1133 2696 testata
1157 2659 1204 2696 eu-

114 2745 143 2753 -
163 2717 251 2766 Danai
267 2717 352 2782 ponas]
370 2713 562 2778 ortuslest,
582 2716 639 2766 lot:
674 2731 782 2778 ρνιιιιιο,
819 2715 1007 2769 Plantabanlur
1029 2721 1109 2770 etiam
1133 2721 1203 2771 eirea

109 2791 248 2853 Moliriquo
258 2792 309 2840 suis
320 2791 395 2840 tetum
401 2789 557 2853 patruelibus
565 2805 642 2840 ousae
678 2791 806 2852 tumulos,
841 2792 912 2842 undo
947 2793 1066 2843 ἐπίθετα
1094 2795 1205 2858 funebris

111 2867 235 2917 Assiduae
263 2871 394 2929 repetunt,
433 2880 496 2928 quos
517 2868 640 2928 perdant,
677 2865 761 2929 Epod.
780 2867 808 2928 5,
829 2866 880 2928 l8.,
898 2867 986 2930 sorotis
1002 2867 1071 2930 Virg.
1091 2873 1156 2918 Aen.
1176 2869 1201 2930 o,

112 2942 209 2991 Belides
224 2941 314 2990 undas.
677 2941 746 3000 246..
766 2945 827 2989 atro
843 2943 908 2991 Aen.
928 2941 957 3003 3,
976 2942 1016 2992 ol.
1037 2943 1110 2992 ovid.
1125 2943 1201 2993 Trist.

146 3052 642 3117 ts.so.aamoatus--taoortr]nadam

111 3129 312 3178 oonstructione
329 3139 394 3178 usus
408 3130 463 3188 ost,
479 3139 548 3190 quae
562 3126 642 3176 trala-

110 3204 173 3252 ticia
185 3205 229 3252 est
237 3203 263 3251 in
273 3200 392 3252 termulis
401 3204 536 3252 domamus
542 3202 641 3264 capito,

111 3279 188 3341 furti,
200 3278 365 3337 iniuriarum,
383 3277 432 3328 etsi
444 3277 470 3326 ln
482 3289 561 3340 prosa
572 3279 639 3326 oret.

112 3351 248 3416 insolitum
277 3355 350 3402 esset
381 3353 516 3402 damnatio
545 3363 642 3413 ροιπσι

111 3428 220 3476 atinam
245 3439 294 3490 pro
319 3426 408 3476 dativo
434 3425 469 3490 (d.
489 3426 575 3490 morti)
598 3425 640 3476 vel

111 3503 146 3551 orl
170 3513 289 3563 ροιηστπ.
328 3527 354 3536 -
384 3500 512 3563 Sisyphus]
543 3501 638 3562 Odyss.

111 3573 140 3636 λ,
163 3575 223 3624 4493.
248 3575 381 3625 Axioohus
401 3589 429 3638 p.
448 3575 505 3624 ³7⁴.
525 3575 570 3624 E.:
593 3569 640 3623 iv-

110 3651 152 3701 θα
175 3645 271 3720 χῶρος
292 3642 409 3709 ἀσεβῶν
425 3649 474 3698 καὶ
491 3647 640 3698 Δαναΐδων

111 3719 224 3794 &operor
240 3717 350 3785 ἀτελεῖς
366 3724 416 3773 και
433 3720 582 3774 Ταντάλου
596 3721 639 3774 οἱ-

110 3807 174 3861 ψος
200 3799 250 3848 τισι
277 3795 380 3848 Τιτυοῦ
409 3793 562 3863 σπλάγχνα
589 3799 640 3848 καὶ

112 3869 249 3934 Σισύφου
267 3875 369 3942 πέτρος
386 3867 537 3938 ἀνήνυτος.
565 3874 639 3936 Sisy-

112 3950 157 4012 phi
170 3959 265 4017 saxum
275 3947 405 3998 volventis
422 3950 507 4010 imago
520 3949 639 3998 Gerhurd

115 4025 220 4085 Vareno.
241 4023 271 4071 44.
290 4023 318 4086 Τ.
338 4022 468 4072 LXXXVI.

677 3015 706 3074 3,
727 3014 758 3064 ll
772 3013 812 3077 (ul.
827 3015 876 3084 43),
893 3017 937 3065 il:
958 3017 1062 3065 Funeris
1079 3029 1129 3065 oro
1142 3015 1203 3065 milit

676 3089 751 3152 forali
767 3089 850 3138 cinola
866 3103 983 3152 cupressu
1001 3091 1127 3140 Conuenit.
1150 3091 1203 3141 Mo-

678 3167 740 3213 tam.
762 3163 807 3224 40,
827 3161 883 3212 lli.
913 3162 1005 3227 Apollo
1023 3164 1058 3214 ad
1076 3165 1203 3228 Cyparis-

677 3252 737 3290 sum
758 3239 784 3288 in
807 3237 932 3290 arborem
951 3241 1095 3289 mutatum:
1122 3239 1202 3302 Lupe-

677 3315 732 3362 bere
748 3313 831 3374 nolu,
855 3313 1007 3376 Lupebisoua
1024 3313 1088 3364 altos
1105 3313 1201 3362 αοινίο-

677 3401 723 3450 quo
740 3387 891 3452 iuuantibus,
910 3389 999 3450 ioqrrit.

709 3461 749 3513 il.
769 3461 866 3512 brutam
883 3463 1018 3528 dorninum]
1042 3457 1201 3527 «δεσπότην

676 3531 886 3607 ὀλιγοχρόνιον,
915 3551 964 3602 per
988 3537 1071 3587 breve
1095 3539 1201 3600 tempus

675 3612 810 3662 latifundia
827 3611 1036 3676 possidentem.»
1055 3613 1119 3664 liire
1132 3614 1202 3662 Mar-

676 3686 750 3737 cilius
772 3687 937 3750 comparavit
958 3685 1115 3738 Philistionis
1138 3685 1201 3736 illud

675 3761 746 3825 apud
763 3760 908 3812 stobaeum
930 3763 955 3811 S.
975 3761 1036 3811 330:
1063 3755 1119 3811 κᾶν
1143 3775 1200 3826 μο-

674 3835 743 3906 ρίων
761 3833 862 3901 πηχῶν
879 3830 933 3902 γῆς
944 3835 1043 3906 κύριος
1057 3829 1196 3906 ὑπάρχῃς,

674 3907 772 3958 θανών
801 3907 908 3982 γενήσῃ
939 3907 1023 3981 τριῶν
1045 3904 1067 3975 ἢ
1094 3905 1198 3959 τεσσά-

706 4061 747 4108 25.
767 4061 807 4110 26.
834 4059 955 4123 Caerula]
979 4060 1004 4109 in
1026 4059 1098 4108 Latio
1116 4069 1198 4121 prope

145 4133 186 4182 Ἠ.
202 4133 313 4196 placens]
336 4135 393 4184 Non
412 4135 467 4184 tom
486 4133 637 4185 namabilis»
675 4133 788 4184 l'uudos.
810 4161 837 4169 -
861 4133 968 4197 dipaior]
992 4135 1047 4188 ate,
1071 4133 1197 4197 quoniam

112 4221 195 4271 quam
222 4221 317 4267 «earu,
345 4211 449 4271 muta.»
485 4209 636 4268 Lucretii,
674 4206 704 4256 iis
722 4207 836 4266 fruetur,
861 4220 922 4257 curn
945 4210 972 4257 tu
995 4220 1090 4270 pareus
1109 4209 1198 4255 utsu-

113 4283 170 4331 sou.
190 4283 264 4331 Suet.
283 4281 339 4331 Tib.
359 4283 386 4331 7:
413 4297 482 4332 uror
502 4282 561 4332 bene
577 4297 638 4332 con-
674 4283 752 4332 ens.»
777 4310 803 4317 -
827 4281 930 4332 Similes
952 4281 1100 4332 sententiae
1118 4291 1197 4342 repe-

113 4356 219 4405 raniear.
654 4359 658 4406 4
674 4356 853 4418 riunturupud
860 4355 1013 4406 orientales.
1023 4353 1197 4406 Ecclesiastes
