3080 4980
531 479 589 529 ure.
610 481 627 528 r.
664 482 692 529 c,
713 479 754 529 nr.
1166 479 1208 544 33

123 651 192 688 nem.
224 639 281 687 Non
298 639 383 700 potuit
399 636 523 700 Virgilius
532 639 558 686 in
570 636 699 688 Bucolicis
711 639 862 699 nominare,
882 643 910 688 nt
925 638 1081 699 Pollionem,
1101 643 1130 690 ut
1142 642 1208 690 Cor-

123 721 220 772 nelium
243 719 357 783 Gallum,
386 721 522 772 Horatium
543 721 688 771 etiamtunc
709 722 835 772 Romanis
854 735 938 786 prope
961 724 1093 787 ignotum,
1121 724 1208 776 minua

122 805 202 855 ettam
219 805 246 854 in
264 805 398 867 Georgicis
416 807 442 854 et
459 805 486 854 in
499 805 630 864 Aeneide3
648 806 734 868 potuit
751 807 873 857 Horatius
890 809 981 869 arguta
1000 807 1117 870 quadam
1128 806 1206 857 blan-

122 889 201 948 ditia,
221 901 275 938 non
293 887 384 938 humili
402 887 552 938 adulatione
569 902 648 950 usus,
668 889 806 952 tamquam
822 892 915 953 poetas
932 889 1040 941 laudare
1053 890 1206 950 Pollionem,

123 971 206 1022 iulum
228 973 384 1033 Antonium,
407 973 488 1022 etiam
510 972 619 1022 Varium
640 985 720 1024 suum
742 973 776 1022 ad
798 975 940 1038 Agrippam
962 973 1096 1033 scribens,
1124 976 1209 1040 potuit

126 1054 253 1106 libellum
279 1057 305 1105 in
331 1054 446 1120 Epistola
471 1057 563 1107 cassio
584 1057 721 1106 Parmensi
742 1059 922 1121 anteponere,
946 1059 972 1108 in
995 1060 1078 1110 Satira
1102 1057 1207 1123 Virgilio

121 1141 169 1203 ipsi
188 1153 221 1189 ex
244 1141 324 1190 animi
346 1141 476 1190 sententia
497 1138 615 1190 tribuere
637 1141 805 1203 molberaco
824 1143 934 1204 [acclama
953 1155 1037 1204 genus
1054 1143 1205 1203 scribendi,

120 1223 169 1274 sed
187 1225 245 1288 ipse
263 1224 371 1273 int-imae
388 1225 518 1280 amicitiae
536 1224 624 1288 pudor
640 1227 667 1274 et
685 1225 759 1275 insita
777 1226 883 1290 utrique
900 1226 1037 1276 urbanitas
1056 1229 1135 1291 atque
1148 1241 1207 1278 rno-

120 1308 206 1359 destia
223 1308 342 1358 Athenas
357 1307 536 1371 proficiscenti
554 1309 640 1359 amico
652 1307 715 1360 illud
727 1311 805 1360 nimis
816 1311 908 1374 utique
920 1313 1108 1374 exaggeratum
1120 1312 1209 1360 Nescio

120 1393 180 1453 quid
196 1393 280 1440 maim
296 1393 409 1441 numitor
423 1393 517 1442 Iliade!
539 1391 688 1442 acclamare
705 1407 815 1458 prorsus
834 1394 951 1445 vetabat.
987 1395 1055 1454 Quid
1073 1396 1151 1457 igitur
1167 1395 1207 1445 le-

118 1477 171 1525 cit‘t
205 1476 394 1525 Amantissime
416 1489 478 1526 cum
504 1475 610 1540 Virgilio
635 1490 684 1528 suo
707 1475 873 1540 tranquillam
896 1491 929 1526 ac
948 1477 1072 1541 periculis
1094 1477 1207 1528 liberam

118 1563 239 1624 optasset
256 1559 452 1621 nauigationem
465 1587 493 1595 -
506 1573 559 1623 qua
571 1562 597 1610 in
610 1574 638 1610 re
651 1559 707 1610 sola
719 1562 797 1610 trtius
810 1561 935 1610 carminis
947 1562 1059 1611 vertitur
1069 1561 1152 1610 cerdo
1166 1589 1205 1622 —,

117 1645 227 1694 secutus
246 1643 377 1692 Graecum
395 1642 514 1706 aliquod,
533 1645 560 1692 ui
572 1643 659 1706 lallor,
679 1643 816 1708 exemplar
827 1643 945 1694 nondum
960 1645 1066 1695 Latinae
1078 1645 1152 1708 poesi
1164 1657 1208 1694 ac-

118 1727 334 1787 commodatum,
362 1729 388 1777 in
413 1726 470 1778 illas
495 1729 574 1792 pn'mi
600 1731 697 1779 nautae
715 1729 855 1792 omnisque
877 1727 1028 1778 mortalium
1049 1729 1207 1778 temeritatis

118 1812 330 1870 exsecrationes,
353 1811 436 1874 lyrico
459 1813 559 1876 impetu
581 1811 721 1876 abreptus,
745 1813 823 1862 huius
847 1813 937 1862 minen
964 1811 1075 1862 allectus
1098 1825 1207 1875 semper

118 1899 143 1946 et
164 1909 289 1946 summus
311 1895 403 1945 artilex
425 1898 452 1945 et
469 1895 519 1946 sibi
541 1898 665 1946 constans
682 1898 781 1956 rector,
804 1897 937 1960 prorupit;
965 1909 1051 1958 eoque
1074 1897 1158 1958 mags
1180 1897 1206 1945 in

118 1981 199 2030 maris
216 1978 342 2043 periculis
360 1982 387 2029 et
403 1979 587 2029 describendis
605 1983 632 2029 et
649 1979 813 2030 detestandis
830 1980 987 2030 immoratus
1005 1982 1059 2041 ast,
1079 1979 1151 2044 quod
1172 1980 1206 2030 de

117 2065 218 2123 amico,
237 2076 320 2126 quem
337 2076 474 2126 nunquam
491 2065 584 2127 postea
601 2063 678 2124 vidit,
698 2064 720 2113 si
738 2077 791 2113 non
807 2065 966 2126 aegrotanti,
986 2067 1013 2114 at
1029 2063 1124 2114 saltem
1142 2065 1206 2113 viri-

118 2147 167 2198 bus
185 2150 240 2197 iam
258 2148 403 2198 imminutis
420 2146 562 2210 languenti,
583 2147 701 2198 timebat.
739 2147 799 2210 (Cir.
819 2149 913 2198 Donati
930 2149 960 2196 V.
981 2146 1067 2211 Virgil.
1087 2147 1137 2210 43.)

590 2365 737 2375 ---.-ι

423 2550 791 2612 Excuitsiis
830 2553 892 2608 111.

522 2707 560 2753 an
577 2703 625 2753 on.
645 2705 685 2752 nr.
705 2715 730 2751 v.
752 2703 790 2752 ra.

164 2857 214 2920 Qui
231 2857 302 2904 siccis
318 2854 403 2918 cuth]
422 2854 490 2905 Cum
507 2865 616 2917 semper
634 2853 814 2916 reperiantur,
834 2853 879 2915 qui
898 2853 923 2901 in
940 2850 1136 2916 simplicissimo
1154 2851 1205 2900 hoc

116 2937 237 3005 ἐπιθέτῳ
259 2939 400 2998 haereant,
428 2936 659 3001 quemadmodum
683 2935 826 2987 Paldamus
853 2949 939 3000 nuper
960 2936 1057 2985 inantia
1083 2936 1204 2996 coniecit,

116 3024 231 3087 agedum
250 3023 381 3072 addamus
398 3026 453 3072 tres
470 3021 543 3072 locos
561 3019 595 3071 de
613 3019 728 3072 lacrimis
747 3020 780 3071 ab
799 3021 914 3084 antiquis
926 3021 1067 3084 copiosius,
1087 3021 1116 3068 ut
1132 3018 1207 3067 vide-

116 3111 169 3170 tur,
190 3120 274 3172 quam
292 3121 307 3156 a
325 3105 403 3156 nobis
420 3105 520 3156 ellundi
537 3105 627 3156 solitis.
652 3105 741 3170 Eun'p.
761 3103 852 3156 Helen.
872 3105 934 3154 950:
954 3103 1056 3154 Καίτοι
1072 3100 1206 3168 λέγουσιν

115 3187 153 3254 ὠς
170 3187 244 3262 πρὸς
261 3183 368 3261 ἀνδρὸς
385 3183 519 3257 εὐγενοῦς
535 3183 585 3239 Ἕν
601 3185 781 3259 ξυμφοραῖσι
798 3183 895 3257 δάκρυ’
912 3181 961 3236 ἀπ’
980 3181 1143 3250 ὀφθαλμῶν
1153 3183 1206 3245 βαι

115 3273 181 3326 leta.
220 3276 320 3327 Caesar
337 3276 365 3324 B.
385 3276 415 3323 G.
433 3274 458 3334 t,
477 3273 518 3324 39.
537 3275 571 3325 de
589 3275 644 3325 suis
662 3273 789 3324 militibus
805 3283 932 3334 rumore,
956 3283 1038 3335 quem
1060 3268 1093 3320 de
1116 3271 1205 3319 incre-

116 3359 185 3410 dibili
205 3361 400 3410 Germanorum
418 3359 514 3408 virtute
532 3361 705 3422 acceperant,
729 3357 834 3422 penitus
855 3354 1066 3420 perterrefactis:
1090 3353 1204 3403 mnudi

112 3447 209 3506 pudore
234 3444 350 3504 mnata,
376 3448 405 3492 ut
428 3443 526 3492 amuda
549 3441 714 3505 auptctoncm
736 3443 859 3502 atterant,
881 3439 1056 3499 renouatum
1078 3438 1104 3488 la'
1125 3450 1205 3500 noque

114 3529 207 3578 ochran
228 3529 324 3591 ttaperc
342 3539 422 3589 noque
442 3527 566 3576 interdum
589 3525 709 3576 lccrtmca
729 3531 812 3576 tencre
829 3527 955 3588 poterant.
991 3522 1064 3572 Ovid.
1090 3523 1157 3572 Fast.
1177 3521 1202 3583 3,

115 3612 174 3662 595:
204 3612 319 3661 lactatur
344 3611 452 3660 timidas
477 3609 549 3660 asael
573 3609 705 3660 Phoenissa
721 3624 770 3672 per
789 3611 883 3668 eadm,
911 3607 1068 3668 Humidoquc
1089 3607 1204 3668 oppositu

114 3697 209 3746 trantna
226 3699 293 3745 vesto
309 3695 376 3758 teptt.
397 3721 424 3730 -
445 3693 493 3756 (nd
510 3707 535 3742 v.
554 3693 625 3743 siccis
642 3694 728 3756 Unger
745 3694 771 3742 in
787 3692 870 3742 Theb.
890 3691 983 3742 Parati.
1003 3704 1029 3755 p.
1042 3690 1103 3740 370:
1123 3690 1204 3753 aptis-

115 3763 179 3832 srme'
198 3779 364 3830 arenauno
382 3777 470 3828 iocum
487 3779 606 3828 senecae
624 3777 701 3828 nero.
724 3777 781 3826 oet.
802 3777 879 3826 raca:
914 3775 1023 3824 rnacaa
1043 3774 1102 3823 aaa
1121 3773 1202 3822 vocae

116 3871 137 3915 ct
152 3877 285 3927 nwtqucm
299 3863 374 3913 math
390 3863 522 3912 Lacrimas
537 3862 588 3911 acts
601 3861 723 3924 praebere
740 3865 869 3911 coruuotus
882 3887 909 3894 -
919 3859 1011 3922 pudet!
1030 3884 1057 3894 -
1077 3858 1131 3907 lana
1140 3859 1202 3922 stare

116 3951 207 3999 ddirtt.
245 3949 306 4010 (tuta
322 3947 373 3998 dica
389 3949 474 4010 ttetam
490 3945 615 4006 lierwtie,
640 3947 710 4007 Quae
731 3951 801 3995 terro
820 3941 900 3994 uidit?
933 3943 1039 3992 Siccus
1064 3953 1200 3990 cauatam

116 4035 166 4082 niti.
203 4031 296 4092 Hans.)

562 4259 744 4269 ——-—-

562 4273 745 4284 ——-—-—-—·

200 4481 290 4540 ttonir.
308 4489 363 4524 roc.
380 4478 394 4524 i.
427 4489 464 4523 en.
481 4487 531 4522 aar.
549 4475 583 4522 ill.
