3080 4980
538 453 597 502 LlB.
617 454 635 501 1.
673 453 701 500 C.
722 453 751 500 ll.

297 609 365 674 Neu
391 607 478 672 sinas
502 607 613 674 Medos
635 607 782 695 equitare
806 607 935 683 inultos,

423 731 467 794 Te
489 727 591 806 duce,
617 729 746 796 Caesar.

157 929 198 976 tl.
234 925 328 989 Herios]
356 925 459 976 l‘artbis
485 939 517 976 eo
542 924 652 975 demum
690 927 842 991 Propertius
854 928 877 985 i,
894 927 932 988 lo,
948 927 990 977 t3:
1008 928 1064 977 loon
1074 932 1150 991 nepot
1160 928 1214 977 liu-

128 1005 257 1065 tempore,
277 1013 331 1064 quo
347 998 468 1064 plerique
480 1000 532 1050 hoc
543 1012 653 1050 carmen
686 1003 789 1064 phrates
806 1003 911 1064 equitem
923 1007 1064 1066 postterpo
1074 1003 1139 1052 tueri
1149 1004 1214 1051 Par-

128 1075 306 1139 courpositum
333 1073 495 1124 arbitrantur
524 1075 556 1136 (a.
585 1073 651 1136 732.)
689 1077 797 1126 moram
833 1078 923 1128 Omnis
941 1077 996 1128 scil.
1016 1075 1119 1126 illorum
1136 1075 1212 1125 visin

128 1148 227 1200 bellurn
245 1148 342 1198 inlerre
361 1147 494 1210 cogitabat
511 1150 651 1211 Augustus.
690 1153 809 1215 equitatu
826 1155 891 1212 erat,
910 1165 963 1215 quo
985 1165 1067 1215 saepe
1084 1151 1215 1200 incursio—

128 1223 178 1273 Sed
199 1222 252 1272 hoc
273 1235 381 1286 quoque
404 1236 418 1272 a
440 1225 518 1286 poeta
535 1224 653 1286 praecipi
690 1239 739 1277 nes
756 1227 782 1276 iu
800 1227 903 1288 Syriam
921 1225 1061 1276 iaciebant.

128 1299 243 1361 poterat,
264 1297 301 1346 uti
319 1298 439 1348 delictas
456 1299 509 1348 iarn
521 1311 569 1347 eos
581 1298 654 1362 lingit

601 1519 740 1527 -.--—-

455 1709 820 1771 BXCURSUS
860 1713 885 1768 Ι.

607 1844 741 1894 haC.ll.

176 1976 245 2026 Cum
263 1973 384 2038 plerique
401 1974 454 2024 hoc
471 1986 581 2024 carmen
598 1973 698 2024 referre
716 1971 785 2023 soliti
803 1976 894 2024 essent
911 1971 952 2022 vel
970 1974 1004 2023 ad
1021 1985 1046 2022 a.
1066 1987 1092 2023 u.
1112 1985 1135 2022 c.
1156 1971 1212 2021 727.

130 2059 168 2110 iel
185 2058 220 2107 ad
239 2071 263 2106 a.
283 2057 339 2107 732.
360 2057 474 2107 maxime
491 2059 601 2122 propter
618 2056 719 2107 Tiberis
741 2057 926 2106 inundationes
948 2057 988 2106 his
1005 2057 1081 2106 annis
1098 2070 1113 2106 a
1131 2057 1215 2106 Dione

131 2143 219 2194 Cassio
241 2141 283 2202 53,
304 2141 334 2191 iti
352 2143 378 2190 et
394 2141 435 2191 20.
455 2140 495 2200 at,
515 2141 538 2190 l.
558 2143 733 2201 memoratas,
757 2141 857 2191 Frauke
876 2143 901 2190 in
920 2141 1003 2192 Fastis
1020 2141 1168 2192 Horatianis
1186 2154 1212 2205 p.

131 2227 175 2277 las
186 2254 213 2262 -
226 2224 283 2275 lit.
304 2225 391 2275 tenuia
410 2225 530 2274 rectioris
547 2224 693 2274 sententiae
706 2224 815 2286 vestigia
828 2223 899 2288 apud
911 2224 939 2273 T.
953 2223 1068 2275 Fabrum
1081 2227 1108 2274 et
1119 2225 1216 2274 Dacic-

131 2310 196 2359 rium
214 2309 365 2358 accuratius
382 2309 553 2371 persecutus,
573 2309 743 2370 sagacissime
761 2307 953 2358 demonstravit
970 2309 1149 2378 compositum
1165 2321 1216 2371 po-

130 2393 178 2443 tius
195 2405 258 2442 esse
276 2393 384 2441 ineunte
402 2405 426 2441 a.
445 2391 503 2441 725.
526 2393 587 2440 ante
609 2394 663 2442 tres
681 2392 803 2442 Caesaris
823 2391 957 2440 octaviani
975 2391 1124 2454 triumphos
1141 2405 1166 2441 a.
1186 2389 1212 2440 d.

130 2477 192 2526 Vlll.
215 2477 270 2525 vu.
294 2475 336 2525 VI.
371 2475 433 2526 ldus
456 2473 567 2525 Sextiles
588 2476 676 2534 actos,
699 2487 830 2538 eumque,
854 2476 903 2525 etsi
921 2473 1130 2528 dubitationibus
1148 2487 1216 2524 non-

130 2559 204 2610 nullis
221 2559 378 2623 propositis,
397 2559 514 2608 imitatus
531 2559 572 2607 est
584 2557 697 2608 liibker.
729 2557 826 2608 Contra
838 2557 940 2608 Weber
951 2559 1037 2608 Horas
1048 2571 1074 2622 p.
1095 2557 1150 2608 483.
1170 2571 1216 2607 re-

129 2644 178 2694 lert
188 2643 223 2692 ad
235 2643 356 2706 proxima
368 2643 429 2691 anta
440 2653 557 2705 pugnarn
569 2643 705 2691 Actiacam
718 2643 847 2705 tempora,
861 2641 895 2692 ed
906 2655 955 2691 ver
965 2656 989 2691 a.
1001 2655 1027 2691 u.
1037 2641 1094 2692 ¹123.
1113 2641 1215 2690 Verum

129 2728 216 2778 omnia
241 2739 274 2776 eo
298 2725 410 2786 ducunt,
436 2729 466 2776 ut
492 2725 534 2774 hic
552 2726 697 2776 Caesarem
722 2725 776 2774 iam
796 2727 925 2774 victorem
948 2737 1093 2788 agnoscere
1114 2724 1216 2774 debea-

130 2823 197 2861 mus.
229 2811 286 2859 lam
308 2823 340 2859 ex
362 2809 464 2859 Frankii
490 2809 666 2872 disputatione
692 2809 778 2872 capita
804 2809 937 2872 quaedam
963 2821 1108 2873 excerpere
1134 2809 1214 2859 iuvat.

130 2893 287 2952 «Neminie,
306 2893 403 2956 inquit,
423 2893 634 2942 usententiarum
652 2893 751 2942 seriem
773 2895 800 2942 et
817 2905 915 2942 nexum
932 2894 1057 2942 accurate
1074 2893 1215 2956 pensitanti

129 2976 241 3026 dubium
259 2976 322 3036 erit,
345 2976 408 3039 quin
430 2976 481 3024 hoc
498 2987 609 3024 carmen
626 2975 652 3024 iu
670 2976 800 3026 honorem
818 2976 940 3026 Caesaris
962 2976 1096 3024 Octaviani
1116 2975 1215 3024 tactum

129 3061 173 3120 sit,
197 3061 244 3124 qui
265 3058 342 3110 bellis
363 3057 483 3109 civilibus
504 3059 585 3108 modo
607 3060 642 3109 ad
664 3060 745 3109 linem
765 3058 902 3123 perductis
923 3057 1059 3107 labentem
1081 3058 1216 3107 civitatem

129 3145 244 3194 erexerit
261 3145 342 3206 atque
360 3143 502 3192 instantem
520 3143 623 3193 ruinam
644 3145 672 3192 et
692 3143 838 3206 perniciem
855 3143 993 3204 tamquam
1012 3140 1079 3190 deus
1097 3139 1215 3192 tutelaris

130 3229 217 3292 (atque
236 3226 310 3277 orbis
328 3228 459 3276 terrarum
476 3225 636 3290 pacificator)
655 3227 807 3275 averterit.»
842 3224 982 3288 (imprimis
1000 3226 1091 3273 autem
1108 3223 1216 3273 Horatio

129 3310 341 3376 comparandum
358 3323 418 3360 asse
436 3323 567 3374 perquam
584 3309 698 3360 similem
716 3307 813 3372 Virgilii
830 3307 919 3358 locum
937 3309 982 3358 Ge.
1000 3309 1021 3368 1,
1044 3306 1101 3357 tto.
1124 3311 1215 3358 monet

129 3409 154 3458 p.
174 3394 241 3458 tls.)
263 3421 290 3429 -
309 3396 467 3457 Magnopere
489 3397 580 3444 autem
598 3395 696 3444 erravit
712 3395 812 3452 Aaron,
836 3393 871 3452 si,
895 3393 925 3441 ut
942 3393 999 3442 eius
1016 3391 1097 3441 verba
1116 3391 1217 3454 signill-

130 3491 190 3528 care
207 3477 346 3536 videntur,
365 3477 417 3526 hoa
434 3489 544 3527 carmen
561 3475 661 3526 rettulit
678 3477 711 3526 ad
728 3477 849 3540 proxime
867 3479 928 3540 post
945 3475 1068 3525 Caesaris
1080 3473 1215 3524 interitum

129 3562 264 3624 tempora:
291 3559 318 3610 C.
346 3559 460 3610 Caesaris
483 3565 588 3610 mortem
612 3561 749 3624 apciton,
774 3573 822 3621 quo
845 3560 871 3608 in
891 3563 979 3608 seam
995 3559 1074 3608 occiso
1088 3558 1216 3620 plurimae

129 3647 297 3706 tenpestate,
315 3644 383 3692 awos
398 3648 422 3692 et
437 3643 574 3707 mundinae
589 3642 703 3705 haunt,
723 3655 771 3703 quo
788 3647 898 3704 ternpore
915 3647 938 3691 et
948 3641 1111 3690 inundatione
1124 3640 1218 3690 Tiberis

129 3732 221 3780 Mar
236 3729 318 3776 ltonro
333 3726 472 3788 laborarem
491 3725 557 3788 parad
569 3731 675 3788 propter
691 3725 824 3776 Gaesarem
844 3725 871 3774 in
891 3725 1010 3774 ὴοποναπ
1029 3724 1134 3788 auperti
1152 3724 1216 3774 σαο-

130 3816 205 3874 sarh,
224 3811 315 3860 adtexta
330 3811 395 3872 dur,
413 3811 465 3860 volt
479 3810 575 3873 saetam
589 3810 678 3858 nidera
713 3810 782 3859 Nam
798 3811 827 3858 de
843 3811 896 3872 ipso
913 3813 936 3858 et
950 3809 1017 3871 γίνῃ.
1038 3806 1099 3870 (Eoi.
1113 3809 1138 3868 s,
1152 3807 1213 3868 ihi:

130 3897 294 3946 Exstinctum
315 3893 455 3956 Nymphae
477 3891 578 3943 crudeli
599 3891 692 3942 lunera
713 3893 835 3956 Daphnin
858 3891 976 3950 Flebant,
999 3896 1021 3940 et
1038 3891 1098 3940 atilli
1116 3891 1170 3952 (Ge.
1191 3891 1214 3950 l,

131 3977 200 4040 terh
219 3976 266 4027 lllo
283 3977 364 4026 etiam
382 3977 512 4026 exstincto
529 3975 671 4026 miseratus
689 3975 804 4026 Caesare
816 3977 936 4025 Romam.
966 3975 1034 4023 llaec
1044 3973 1110 4022 man
1121 3974 1215 4033 mnata,

131 4061 156 4110 id
171 4065 220 4121 est,
237 4059 360 4122 samiae,
378 4059 527 4122 momina,
549 4059 638 4108 allucii
653 4063 747 4108 ntetran
763 4059 867 4122 imauipi
882 4057 933 4108 volt
948 4058 1086 4106 maribam
1102 4056 1217 4105 &maris

131 4143 211 4204 mae.
247 4143 279 4192 Et
301 4143 406 4193 Comm.
430 4143 525 4204 cruq:
553 4141 624 4190 Hanc
641 4142 703 4190 oden
719 4141 804 4190 scribit
820 4143 847 4191 in
863 4142 981 4192 amaran
997 4146 1020 4190 et
1035 4140 1148 4204 mattam
1163 4141 1216 4189 Aa·

132 4227 195 4288 aaa
215 4227 312 4276 altem.
341 4251 367 4262 -
394 4226 484 4274 «iuvat
504 4237 568 4274 vero
590 4225 721 4274 rationem
744 4225 886 4288 expiscari,
911 4237 963 4287 qua
981 4223 1077 4274 ductus
1094 4223 1216 4272 Horatius

134 4310 303 4360 Oetar'ianum
326 4307 385 4370 (sub
406 4309 529 4360 Mercurii
551 4307 642 4370 tigrua)
665 4309 728 4371 ipsis
746 4307 835 4360 verbis
858 4308 954 4357 dixerit
971 4306 1085 4357 Comma
1102 4306 1216 4356 altorem
