3012 4978
527 421 585 470 [AB.
604 419 645 469 lV.
682 419 711 470 C.
730 420 782 470 XV.

505 919 740 982 (im
769 919 861 981 XV·

311 1087 461 1155 Phoebus
483 1088 644 1156 volentem
667 1088 792 1176 proelia
813 1109 866 1156 me
889 1089 976 1176 loqui

310 1211 414 1277 victas
437 1220 469 1277 et
490 1210 588 1278 urbes
611 1211 771 1299 increpuit
797 1210 882 1300 lyra,

353 1333 399 1398 Ne.
421 1352 521 1419 parva
543 1332 744 1421 Tyrrhenum
766 1353 825 1420 per
847 1351 972 1418 aequor

395 1453 471 1521 Vela
492 1453 613 1520 darem.
658 1457 740 1531 Tua,
765 1455 900 1530 Caesar,
924 1463 1014 1519 aetas

204 1615 258 1666 XV.
278 1615 360 1666 lnscr.
379 1612 448 1677 volg.
466 1614 572 1678 Augusti
588 1615 682 1664 tuudu.
712 1641 739 1651 -
770 1614 808 1665 Ac
824 1615 909 1664 dicum
924 1615 1063 1678 Augustum
1080 1613 1141 1664 bSc.
1164 1641 1188 1652 -

171 1692 230 1741 om.
243 1691 272 1742 T.
288 1717 314 1729 -
329 1691 353 1741 ἰ.
366 1690 502 1752 ἰηονορυίι,
523 1690 595 1751 lyra,
615 1691 653 1739 Ns
664 1689 780 1740 distinxit
791 1689 953 1740 Torrentius.
976 1716 1002 1724 -
1026 1688 1050 1739 l.
1073 1690 1193 1738 (toronus

172 1769 218 1815 tus
234 1767 262 1815 T.

170 1904 224 1954 XV.
252 1904 381 1964 Quartum
399 1903 548 1954 carminum
565 1902 662 1954 librum
702 1904 773 1954 mine
794 1902 957 1954 celebrare».
988 1902 1112 1954 Similiter
1132 1901 1225 1967 Apollo

136 1991 201 2028 curn
219 1977 339 2028 editurus
356 1980 443 2037 esset,
464 1990 549 2043 prope
566 1991 664 2029 neces·
701 1978 820 2029 deterret
841 1978 875 2028 ob
900 1980 1006 2042 incepto
1027 1979 1106 2028 nimis
1127 1977 1225 2028 dliiicili

136 2054 239 2104 sarium
256 2055 328 2114 erat,
353 2055 382 2102 ut
398 2055 459 2116 post
481 2053 560 2104 Drusi
577 2054 604 2103 ct
620 2053 664 2102 'l'i-
701 2051 837 2118 Virgilium
854 2052 907 2102 Ecl.
927 2055 957 2114 6,
976 2053 1004 2103 3:
1032 2053 1094 2103 Cum
1110 2065 1226 2102 caruem

136 2127 205 2176 herii
237 2126 330 2177 laudes
364 2127 483 2191 epilogus
514 2128 664 2178 contineret
699 2141 771 2190 rogos
798 2132 822 2177 ct
844 2129 959 2189 proelio,
990 2127 1109 2188 Cynthius
1137 2139 1226 2176 aurem

135 2201 231 2251 leudes
248 2201 358 2263 Augusti
376 2203 514 2265 tamquam
530 2202 605 2265 pacis
621 2202 663 2249 et-
704 2202 772 2250 Veliit
782 2206 805 2251 ct
816 2203 958 2260 adtonsum
977 2202 1041 2251 item
1057 2202 1226 2266 Propertium

135 2289 190 2338 que
215 2276 260 2325 otii
284 2274 384 2341 publici
410 2277 540 2338 auctoris,
570 2277 662 2340 utpote
700 2276 731 2337 3,
749 2276 779 2336 3,
800 2275 850 2336 43.;
870 2276 1069 2326 exhortaturad
1085 2275 1242 2340 perficiem.

139 2363 195 2414 quo
207 2352 247 2401 rei
259 2349 383 2416 publicae
394 2352 527 2416 principe,
548 2351 664 2401 co'ercita
700 2351 766 2400 dum
783 2363 851 2415 opus
868 2351 991 2401 Ovidium
1006 2353 1037 2400 A.
1055 2351 1085 2401 A.
1105 2351 1135 2412 2,
1160 2350 1222 2402 l93:

137 2425 249 2476 tandem
261 2439 368 2476 morum
380 2427 560 2490 corruptione,
574 2425 663 2475 denno
698 2427 766 2476 Haec
783 2439 827 2490 ego
844 2439 901 2475 cum
917 2439 1046 2488 cauum,
1072 2426 1151 2476 ortuo
1166 2439 1225 2476 mo-

139 2501 344 2550 elllorescerent
361 2501 448 2552 bonae
466 2503 538 2552 artes
558 2513 665 2550 omnes-
699 2501 802 2565 ulsestua
815 2499 903 2563 Apollo
919 2501 998 2551 Alooit
1014 2502 1152 2550 inauratos
1169 2501 1226 2563 pol·

137 2588 191 2639 que
203 2576 315 2625 Romani
331 2576 401 2624 vitae
417 2573 574 2638 tranquillae
587 2587 663 2626 oom-
699 2575 744 2625 lice
759 2576 805 2640 μα
820 2576 907 2636 lyrae:
923 2602 939 2613 -
953 2601 968 2612 -
984 2577 1009 2625 is
1024 2575 1098 2636 milti,
1115 2576 1223 2636 sudet,

134 2649 224 2700 modis
245 2648 324 2713 plena
347 2662 409 2700 cum
431 2651 574 2700 securitate
596 2663 663 2713 geu·
699 2651 778 2712 dicit,
798 2655 949 2712 worcester
965 2651 1073 2710 cruoris,
1100 2651 1157 2700 Duc
1178 2663 1226 2714 aga

135 2723 242 2774 derent.
267 2725 513 2775 Massonoauctore
526 2723 661 2788 plerisque
699 2726 832 2786 discipulos
855 2727 889 2774 ud
912 2737 970 2774 mea
992 2725 1085 2786 tempta
1110 2728 1172 2773 tuos.
1195 2750 1222 2760 —

134 2798 188 2848 hoc
210 2811 320 2848 carmen
340 2811 364 2847 a.
383 2811 409 2847 u.
429 2811 453 2847 c.
472 2797 529 2850 tlt.
549 2810 662 2862 compo·
694 2813 832 2862 parcan
847 2800 912 2863 Vela]
931 2800 1067 2860 Frequens
1078 2798 1225 2860 navigatio-

134 2873 216 2922 situm
234 2871 384 2934 videbatur,
404 2871 453 2922 sed
470 2872 570 2921 Franke
583 2871 618 2921 ed
635 2885 660 2920 u.
699 2875 739 2923 nis
763 2885 825 2923 cum
847 2872 932 2922 libero
954 2873 1075 2935 poeticae
1093 2868 1224 2921 facultatis

134 2947 225 3010 potius
248 2945 305 2998 tlt.
328 2947 390 3010 post
411 2945 528 2996 reditum
551 2945 662 3008 Augusti
699 2947 774 3010 quusi
791 2959 873 2996 cursu
890 2947 1062 3010 comparatio.
1090 2944 1161 3007 Virg.
1176 2946 1222 2994 Ge.

133 3019 307 3071 relerendum
319 3033 379 3070 esse
393 3020 602 3078 demonstravit,
621 3031 663 3068 re·
698 3022 727 3091 A,
746 3019 773 3070 ll
786 3034 791 3068 :
806 3019 946 3082 pelagoque
961 3019 1049 3068 volsus
1059 3020 1093 3068 du
1108 3018 1165 3067 usic
1172 3031 1225 3080 pa-

134 3095 252 3146 tionibus
264 3095 355 3158 utique
368 3094 515 3144 admodum
531 3092 662 3158 probabi·
698 3095 765 3144 lculi.
785 3093 859 3144 Ovid.
879 3094 955 3143 Trist.
974 3094 1003 3153 2,
1022 3093 1082 3142 328:
1101 3093 1158 3142 Nou
1169 3092 1224 3141 idco

133 3169 204 3220 libus
214 3181 293 3229 usus,
307 3169 357 3220 nisi
370 3169 442 3232 quod
455 3181 482 3232 p.
499 3168 556 3218 229.
570 3167 662 3220 subdi-
698 3168 766 3219 debet
778 3168 870 3232 pelago
882 3181 907 3218 se
917 3169 1025 3228 credere,
1044 3168 1065 3216 si
1082 3181 1135 3229 qua
1145 3166 1225 3216 Audet

134 3247 194 3295 ticio
210 3245 379 3308 inscriptione
392 3243 550 3294 Emeritensi
565 3255 595 3294 se
615 3243 662 3293 de-
697 3244 724 3293 lu
741 3245 833 3308 wicus
849 3244 935 3292 ludere
955 3242 1045 3304 cunda
1065 3243 1132 3292 lucu.
1163 3241 1223 3290 Sina

133 3321 186 3384 cipi
198 3331 294 3384 passus
304 3320 352 3368 est.
368 3317 415 3380 (Ad
425 3331 448 3366 a.
460 3331 486 3366 u.
497 3315 566 3378 titt,
579 3317 662 3366 llore-
698 3318 828 3380 imagine:
849 3317 975 3378 amonuit,
990 3330 1023 3366 ne
1036 3317 1166 3366 auderem
1178 3327 1224 3365 res

133 3395 161 3444 tii
173 3393 309 3454 ultimum,
323 3395 384 3456 post
395 3393 487 3442 lanum
500 3391 577 3441 tertio
590 3389 662 3441 clau·
697 3405 806 3456 grume,
826 3404 916 3442 meum
935 3392 1070 3455 ingenium
1089 3388 1224 3440 exceden-

133 3481 204 3529 um,
217 3467 301 3516 reiert
312 3466 409 3517 Grotsi.
423 3465 534 3516 sedvid.
546 3465 580 3514 ad
590 3478 616 3514 v.
625 3465 659 3527 9.)
698 3470 752 3526 tes,
783 3479 879 3516 canere
907 3466 998 3528 itaque
1024 3466 1120 3528 Magoa
1144 3464 1224 3512 utodis

167 3540 222 3592 t-t.
234 3541 340 3604 proclia]
352 3540 462 3602 Augusti
476 3539 659 3602 expeditiones
697 3546 802 3590 tenuare
814 3540 912 3602 potuis.
934 3539 995 3602 (Od.
1015 3537 1042 3598 3,
1068 3538 1098 3600 3,
1122 3537 1172 3600 72.)
1194 3565 1222 3574 —

134 3614 275 3674 militarem
289 3611 580 3678 quascumcelebrare
594 3626 661 3663 nun·
700 3617 766 3676 Tua,
793 3616 900 3675 Ccuur,
925 3613 1004 3676 arms]
1029 3615 1128 3676 Aperta
1155 3612 1224 3662 edu-

132 3703 216 3754 quum
238 3690 356 3739 animum
372 3688 521 3739 induxisset
536 3688 592 3750 (cir.
606 3689 659 3739 iam
696 3690 793 3741 lotione
817 3689 897 3738 vitata
920 3688 1030 3750 Augusti
1053 3687 1134 3737 aetati
1150 3683 1224 3736 uelut

132 3764 181 3816 0d.
202 3765 228 3825 l,
256 3765 308 3826 6.),
335 3764 472 3828 ingeniose
498 3764 525 3813 h.
548 3761 565 3813 l.
585 3762 659 3826 fingit
697 3777 795 3814 aureae
807 3761 910 3822 tribuit,
930 3775 999 3825 quae
1015 3761 1123 3826 proprie
1140 3761 1223 3825 ipsius

132 3840 184 3889 hoc
205 3838 256 3888 sibi
277 3837 310 3888 ab
328 3835 447 3902 Apolline
470 3839 529 3903 ipso
546 3838 659 3888 interdi-
698 3841 782 3888 erant.
809 3838 875 3900 (Non
888 3839 930 3887 est
940 3839 1031 3886 eutem
1042 3835 1085 3885 hic
1097 3832 1223 3899 Apollinis

132 3916 206 3964 ctum
223 3925 293 3964 esse.
314 3941 342 3948 -
361 3913 484 3974 increpuit
500 3913 566 3977 ipro]
587 3911 659 3975 ulyrA
697 3916 804 3973 cantus,
818 3915 848 3962 ut
860 3925 993 3962 nonnemo
1005 3925 1091 3975 nuper
1100 3911 1223 3974 opinatus

131 3988 234 4054 plectro
258 3989 329 4038 tacti
354 3989 406 4037 hoc
424 3999 457 4036 ne
475 3987 592 4038 lacerem
609 3999 658 4036 ve·
697 3990 750 4048 est,
769 3987 818 4038 sed
835 3987 935 4037 Horatii
952 3986 1048 4050 ipsius,
1074 3987 1103 4035 ct
1118 3985 1224 4034 senten-

132 4065 206 4114 tuit.»
225 4061 282 4112 Noli
299 4063 409 4125 iungere
422 4062 490 4124 loqui
504 4063 575 4123 turm
594 4075 658 4112 nam
695 4063 747 4112 tiae
765 4063 803 4112 sic
821 4075 850 4112 se
868 4061 1014 4124 excipiunt:
1035 4059 1119 4109 «Cum
1130 4055 1222 4120 Apollo

130 4152 156 4188 v.
177 4138 300 4200 increpuit
316 4138 428 4201 requirit
440 4136 585 4198 ἐπίθετον,
604 4149 658 4200 quo
696 4149 740 4186 me
757 4135 858 4200 proelia
874 4137 964 4185 dicere
981 4133 1108 4192 vetuerit,
1128 4142 1223 4180 canam

132 4215 186 4264 tola
204 4213 290 4276 imago
307 4212 353 4263 ilat
369 4213 486 4277 politice:
510 4213 602 4261 contra
619 4212 658 4260 lo-
696 4211 780 4261 otium
793 4223 824 4259 oc
838 4209 990 4260 iclicitatem
1003 4203 1150 4272 publicam,
1170 4217 1222 4268 qrra

132 4289 175 4350 qul
193 4290 220 4338 et
236 4288 317 4339 dicore
333 4301 383 4353 per
400 4301 429 4338 se
441 4285 573 4350 significat
585 4298 658 4336 «car-
697 4283 747 4334 sub
766 4287 884 4347 Augusto
903 4295 973 4333 nunc
994 4279 1139 4340 fruimur»)
