3002 4974
296 449 358 512 320
594 494 597 500 ,
681 445 809 500 nonam
828 442 997 497 crannum

423 606 526 684 Euoe,
551 605 670 671 recenti
693 625 785 670 mens
808 601 949 689 trepidat
970 609 1056 666 metu

423 726 589 814 Plenoque
611 724 728 792 Bacchi
750 734 883 813 pectore
909 721 1073 788 turbidum

465 849 624 914 Laetatur.
670 847 773 923 Euoe,
798 863 896 932 parce
918 843 1033 920 Liber,

508 971 624 1046 Parce,
648 969 737 1054 gravi
759 964 932 1032 metuende
954 964 1085 1054 thyrso!

365 1198 389 1246 t.
409 1197 433 1245 7.
453 1151 732 1245 Eudoo---Eoltoo
748 1192 776 1242 T.

298 1403 412 1451 interae
430 1399 527 1450 lascive
544 1397 694 1449 ludentium
706 1398 821 1461 imagine
861 1410 890 1448 se
914 1397 967 1448 deo
984 1397 1104 1458 tradere,
1132 1398 1194 1461 quia
1217 1395 1378 1464 θεολήπτον

296 1474 443 1526 luxuriatur
455 1473 586 1524 Ausonius
608 1473 635 1522 iu
653 1471 760 1523 Mosella
773 1473 821 1523 lio
860 1485 940 1537 saepe
959 1473 1041 1524 miser
1059 1473 1157 1532 exitus3
1176 1472 1227 1522 sed
1245 1487 1307 1524 oum
1318 1475 1379 1524 resi-

297 1563 375 1614 seqq.
393 1550 479 1600 immo
497 1549 550 1598 lam
567 1545 698 1598 Hesiodus
716 1548 820 1610 Fragm.
860 1549 931 1598 stare
955 1549 1008 1597 lam
1031 1561 1084 1597 non
1108 1548 1193 1611 possit
1209 1549 1312 1612 potenti
1329 1549 1378 1599 eius

297 1625 338 1674 til.
363 1624 410 1674 Ed.
430 1624 534 1674 niden:
562 1615 674 1694 οὕροιοιι
697 1619 823 1688 Νύμφαι
860 1622 969 1684 aillatul,
988 1634 1070 1685 quem
1088 1623 1140 1672 iam
1158 1621 1306 1686 benignum
1325 1635 1378 1672 esse

297 1697 364 1748 deal
379 1697 479 1748 --Κοιι
494 1697 578 1764 γένος
594 1691 751 1748 οὖτιδανῶι
768 1698 823 1746 Σα-
859 1697 951 1756 sentit,
971 1694 1104 1747 exclamat
1121 1697 1171 1746 For
1191 1703 1255 1747 -est
1277 1699 1328 1748 cet.
1347 1697 1378 1746 Er

297 1769 391 1842 τύρων
407 1772 456 1822 και
466 1767 702 1842 ἀμηχανοεργῶν.
725 1773 822 1823 Contra
859 1771 1004 1835 lyricorum
1021 1773 1111 1822 autem
1128 1785 1204 1821 more
1217 1771 1334 1822 omissus
1344 1773 1380 1820 esi

297 1847 373 1897 Ovld.
393 1847 468 1897 Trist.
482 1849 510 1908 5,
530 1846 558 1906 3,
577 1846 621 1896 37:
642 1845 737 1896 Sicttbi
750 1847 823 1910 (Bae-
859 1847 999 1907 transitus,
1023 1849 1113 1910 itaque
1135 1849 1225 1896 molus
1246 1849 1275 1896 et
1291 1845 1379 1896 laetitia

298 1921 357 1983 chol
375 1934 433 1969 com
448 1920 552 1970 amenis
570 1920 721 1981 Somromm
736 1925 822 1984 paona
859 1933 920 1972 sese
937 1933 1021 1984 propa
1039 1921 1217 1984 permiscent,
1237 1923 1268 1971 ut
1285 1921 1313 1970 lu
1328 1919 1381 1984 phl-

297 1995 412 2043 luoentos
433 1994 516 2055 aaut,
543 1999 567 2044 ιι
589 1995 693 2044 anantio
709 2008 760 2044 noo
780 1999 822 2045 io·
858 1993 969 2059 losopha
986 1995 1101 2045 Lucretii
1118 1999 1209 2046 mente
1228 1995 1262 2060 (3,
1280 1995 1331 2058 28.)
1346 1993 1382 2043 di-

297 2081 371 2118 οιονο
387 2081 454 2117 sono.
477 2095 505 2105 —
521 2068 617 2133 σοιιιοι]
630 2069 821 2132 significatione
857 2071 919 2119 vino
946 2070 1061 2132 voluptas
1089 2075 1165 2133 atqua
1191 2071 1294 2120 laon-or.
1332 2068 1379 2119 Clr.

298 2143 405 2208 propria
426 2142 625 2207 accipiendum,
652 2157 705 2200 non
727 2157 822 2194 «arre-
860 2143 931 2208 apud
948 2143 1022 2195 Ovid.
1042 2145 1104 2194 liar.
1125 2144 1169 2206 ⁴6,
1189 2144 1230 2194 63.
1263 2143 1334 2195 Paris
1349 2141 1380 2192 de

298 2221 368 2278 ctas,
387 2219 535 2278 attentas»
558 2231 627 2282 quae
645 2219 717 2269 notio
734 2219 822 2282 potius
860 2219 1004 2269 llereurlo:
1031 2219 1081 2268 Fas
1100 2218 1191 2269 vidisse
1208 2218 1272 2282 liat·
1299 2218 1339 2280 fas
1353 2217 1381 2264 ait

298 2293 367 2342 inest
384 2293 410 2341 iu
428 2293 484 2356 ipsa
501 2306 526 2342 v.
540 2306 624 2343 ouras.
646 2292 823 2356 lingebantur
859 2293 921 2342 milti
936 2293 993 2341 olto
1008 2293 1111 2356 referre.

299 2367 370 2416 euim
383 2361 459 2429 ὀξεῖς
470 2362 506 2415 τὰ
517 2357 578 2416 ὦτα
589 2369 616 2417 et
625 2365 700 2417 calvi.
713 2368 820 2417 Luciau.
893 2367 917 2416 8.
953 2367 1028 2429 pravi
1055 2368 1186 2417 ntetomcle
1214 2367 1312 2431 tigres]
1340 2365 1382 2415 Est

298 2442 377 2491 Deor.
396 2443 478 2492 Cone.
497 2441 521 2493 l.
860 2439 993 2492 ἐπίθετον
1015 2440 1153 2504 generale,
1179 2443 1209 2490 ui
1230 2443 1258 2491 ln
1279 2439 1381 2492 Anthol.

332 2518 357 2565 5.
378 2516 455 2580 Ειιοι]
473 2516 583 2567 invase
601 2517 823 2567 Bacchidisima-
860 2515 914 2566 Pal.
933 2517 964 2566 ll.
983 2528 1009 2581 p.
1029 2516 1085 2565 682.
1104 2515 1138 2566 de
1156 2515 1262 2566 Baccho
1281 2518 1308 2566 et
1319 2515 1382 2564 ller-

299 2588 404 2652 ginilnus
432 2590 531 2640 referto
550 2588 658 2654 pluries
687 2594 729 2642 est
755 2589 822 2640 EYA
861 2590 934 2641 oule:
954 2583 982 2654 (ὁ
998 2587 1063 2656 pa)
1079 2586 1180 2660 θύρσῳ
1197 2586 1304 2652 δεινός,
1323 2583 1384 2638 eoi

299 2663 400 2714 EYOE.
429 2664 494 2714 laha
517 2665 675 2716 Vosenbilder
698 2665 770 2716 4839.
794 2679 821 2730 p.
860 2658 987 2734 ῥοπάλῳ.
1008 2665 1108 2714 lllmer.
1128 2663 1215 2727 Eclog.
1237 2663 1281 2724 ta,
1302 2665 1333 2712 ιε
1351 2659 1384 2711 τὰ

299 2739 340 2790 ll.
372 2765 400 2775 -
429 2739 546 2803 trepidet]
573 2740 685 2790 «aeriter
711 2741 824 2804 agitatur
861 2736 913 2790 rori
931 2734 1075 2789 Διονύσου
1098 2729 1174 2787 ὅπλα
1196 2733 1324 2808 νεβρισες
1339 2737 1385 2786 καὶ

300 2811 572 2875 saevolllohorrore,
591 2813 824 2878 quidaocpavatag
861 2811 980 2886 θύρσοι·
1018 2825 1106 2876 neque
1137 2825 1198 2863 eum
1235 2811 1384 2862 Scholiastls

299 2887 420 2939 comitari
438 2885 530 2938 solet.»
549 2889 620 2951 virg,
639 2891 704 2939 Aen,
718 2888 746 2951 l,
760 2890 821 2940 aia:
862 2886 1066 2954 explicandum:
1094 2889 1192 2937 «Putat
1217 2899 1267 2951 per
1291 2889 1385 2937 mentis

300 2974 363 3013 curn
372 2962 518 3012 Mercurius
530 2965 710 3026 apparuisset:
723 2965 755 3014 At
764 2977 824 3014 vero
861 2963 1106 3028 perturbationem,
1126 2961 1176 3012 sibl
1187 2961 1283 3012 infesto
1295 2961 1386 3024 thyrso

298 3038 393 3087 aenam
409 3041 510 3098 aspecta
521 3037 643 3088 obmutuit
653 3051 739 3090 mneos
749 3038 826 3089 Arre-
862 3039 944 3089 deum
961 3037 1132 3096 imminerent
1150 3037 1180 3086 ut
1195 3038 1238 3085 est
1250 3035 1307 3086 iere
1319 3034 1385 3102 apud

299 3116 402 3172 cleopae
417 3111 522 3160 ιιοιτοιο
538 3125 624 3162 cernae
640 3112 825 3174 etvorofmwi-
862 3111 938 3164 Ouid.
951 3110 1053 3172 Am.3,
1068 3112 1115 3171 lit,
1130 3111 1179 3161 li:
1209 3110 1333 3175 Gomiger
1349 3111 1386 3160 ia·

300 3185 344 3235 aar
360 3186 446 3234 ιισιιιι.
473 3183 545 3236 lllad.
566 3201 597 3247 ο,
616 3186 678 3237 l3l:
700 3184 825 3246 χαλεποὶ
862 3187 959 3248 erepsit
968 3185 1052 3246 myrto
1060 3184 1294 3248 grauioralgoeus.
1323 3186 1387 3235 item

300 3256 330 3309 δὲ
347 3258 412 3308 θεοὶ
428 3260 587 3321 φαίνεσθαι
604 3258 741 3331 ἐναργεῖς.
863 3263 889 3311 in
901 3261 989 3324 Eurip.
1003 3262 1066 3311 lone
1077 3259 1143 3310 ild:
1162 3255 1291 3330 Βρόμιος
1301 3253 1387 3310 ἄλλοι

334 3333 358 3382 6.
384 3334 506 3394 annoque
527 3335 636 3398 pectore]
663 3335 711 3385 Od.
730 3335 759 3395 3,
777 3335 823 3394 at,
859 3329 1042 3398 Ἀπολέμοισι
1069 3334 1227 3385 κισσίνοισι
1251 3331 1386 3406 βάκτροις

302 3408 329 3455 l:
358 3408 411 3469 οιιο
427 3421 481 3468 nte,
503 3408 613 3469 Boeotio,
631 3409 703 3470 rupis
718 3409 755 3458 toi
770 3409 826 3458 Plo-
863 3408 969 3480 ἐισιρει
984 3405 1043 3471 Γᾶς
1059 3409 1175 3459 τέκνων.

300 3479 379 3530 nom?
406 3481 480 3531 ovid.
504 3481 572 3531 Fast.
596 3481 624 3542 6,
651 3483 712 3533 538:
739 3483 827 3545 litque
912 3485 936 3534 9.
963 3483 1097 3547 Fas-est]
1128 3483 1256 3546 «Propter
1272 3483 1387 3533 furorem

300 3555 340 3602 rol
360 3559 410 3604 ιοιο
427 3560 528 3616 pectore
542 3557 618 3618 plata
634 3557 682 3606 dot.
703 3583 730 3594 -—
749 3556 828 3606 turbi-
864 3554 1122 3623 (ἐνθουσιασμόν),
1140 3569 1193 3621 quo
1206 3557 1328 3608 Bacchus
1346 3566 1386 3605 me

301 3628 362 3677 dom
383 3628 513 3692 Laetetur]
536 3630 661 3681 «confert
679 3631 826 3682 llelueldus
864 3635 995 3694 eoncitat,
1023 3633 1109 3684 sentio
1126 3632 1166 3683 ias
1183 3645 1245 3684 esse
1262 3632 1327 3682 mihi
1344 3643 1387 3680 ea-

302 3715 365 3752 eum
382 3702 408 3752 h.
422 3701 439 3752 l.
458 3703 625 3755 Pherecratls
637 3705 826 3769 Fragmentum
864 3721 929 3758 nere
952 3708 1034 3757 deum
1056 3719 1144 3770 neque
1166 3705 1228 3756 ideo
1245 3705 1319 3756 illum
1336 3707 1387 3755 ira-

302 3777 333 3827 11.
351 3788 378 3841 p.
396 3776 457 3827 ati:
477 3775 671 3844 γολῶνταιισι
687 3779 827 3849 χαίροντα
864 3785 922 3833 tum
954 3782 1018 3832 mihi
1053 3781 1138 3831 lore.»
1169 3807 1197 3817 -
1232 3777 1385 3842 pneumam]

302 3852 351 3903 καὶ
362 3849 586 3918 τοιολωμένον.»
605 3855 686 3904 ilua.
700 3855 743 3904 Sic
754 3853 824 3916 Vrrg.
865 3855 987 3908 «assidue
999 3854 1115 3906 violento
1133 3866 1196 3904 cum
1213 3857 1290 3905 motu
1305 3856 1386 3918 tripu·

302 3930 367 3978 Aen.
386 3927 415 3987 8,
433 3928 495 3977 559:
521 3929 675 3990 innaplemm
692 3927 733 3990 (al.
752 3928 828 3978 inem·
864 3929 982 3990 diantas,
1001 3930 1027 3978 in
1046 3927 1318 3992 turore'parstantes,
1349 3925 1386 3976 el·

298 4001 539 4068 plataalloerimonr
553 4005 581 4053 et
591 4002 746 4066 frequenter
756 4003 828 4066 apud
865 4001 981 4053 irenes.»
1005 4001 1098 4053 Catuli.
1118 4001 1165 4063 63,
1178 4002 1224 4051 ι3ι
1246 4001 1290 4051 Uti
1306 4001 1386 4063 capita

301 4079 404 4142 poetas.
424 4076 828 4138 0d.t,aa,2³:1>atcem'a0a-
863 4077 999 4128 uomodo
1019 4075 1339 4140 niiomuntllodartporoe.
1360 4098 1383 4109 -

302 4157 359 4202 tem.
387 4149 464 4201 Silius
481 4151 509 4212 6,
528 4150 589 4202 illi:
614 4151 717 4200 οοιιιοσι
733 4151 828 4201 ιιοίιιιι
864 4152 987 4215 estmtla']
1015 4151 1088 4202 liaeo
1106 4149 1190 4201 Codd.
1209 4150 1287 4201 lectio
1305 4151 1383 4212 magis

302 4226 365 4289 ient
380 4226 502 4276 ιιιοιιιιοε.
864 4226 968 4290 poetica
981 4227 1008 4276 at
1019 4225 1154 4276 efficacior
1168 4227 1211 4276 est
1221 4237 1303 4290 quam
1313 4223 1385 4274 neat·

335 4301 360 4350 i.
390 4301 471 4360 linea,
497 4299 827 4364 porce]lletultpri1num
865 4299 908 4350 leil
925 4301 957 4350 sit
972 4301 1041 4350 mili.
1058 4327 1085 4338 -
1100 4296 1222 4362 Θυιάδες
1234 4313 1256 4352 s.
1270 4294 1384 4356 Θυιάδες
