3012 4978
650 478 653 484 ¹
691 457 822 506 Hostili
842 456 1010 507 ultumum

515 617 727 700 Breunosque
748 611 878 679 veloces
901 621 933 677 et
954 631 1047 678 arces

557 735 691 822 Alpibus
715 735 882 822 impositas
904 733 1081 800 tremendis

477 905 602 971 Deiecit
624 923 701 970 acer
722 901 794 989 plus
817 903 888 970 vice
911 901 1065 990 simplici;

478 1027 580 1093 Maior
600 1028 764 1092 Neronum
786 1045 860 1089 mox
883 1045 981 1111 grave
1002 1022 1161 1110 proelium

521 1147 686 1214 Commisit
709 1146 931 1234 immanesque
954 1149 1070 1213 Raetos
1353 1147 1385 1212 ts

376 1367 415 1416 tt.
433 1367 592 1426 Breunosque
609 1363 715 1424 bsrcd.
734 1365 890 1426 Broteasque
906 1367 944 1414 Lt.
967 1393 993 1400 —
1021 1365 1061 1414 te.
1080 1365 1166 1414 ltltetos
1181 1363 1252 1426 ch,
1271 1367 1353 1416 licitos

343 1443 374 1502 d,
394 1443 500 1493 Rhoetos
515 1440 661 1506 pleraeque
678 1439 745 1490 Edd.

304 1652 376 1700 pern,
394 1638 550 1700 merediana,
567 1637 659 1698 raptato
673 1650 724 1697 quo
734 1637 833 1699 promte
873 1661 900 1671 —
918 1637 997 1686 Amat
1012 1649 1038 1685 v.
1052 1635 1210 1697 implacidus,
1232 1638 1293 1686 aute
1311 1637 1389 1686 liora-

308 1714 515 1763 votutturOerms.
530 1709 831 1761 serravitptiniusitit.
871 1709 936 1759 tium
954 1723 969 1758 a
987 1706 1058 1759 nullo
1075 1710 1222 1774 scriptore,
1240 1711 1286 1774 qui
1304 1723 1391 1774 super

309 1789 338 1848 3,
352 1788 398 1848 20,
412 1787 454 1838 et.
473 1787 674 1850 inscriptionem
691 1799 705 1834 e
723 1788 833 1848 tropaeo
871 1784 916 1843 sit,
942 1785 1114 1846 usurpatum,
1141 1783 1272 1848 imprimis
1288 1785 1388 1834 Statius.

309 1861 429 1924 Alpium,
449 1874 518 1924 quae
536 1859 595 1910 talis
607 1861 664 1909 est:
683 1859 748 1908 litP.
763 1858 835 1908 cett-
871 1858 913 1906 Sic
937 1857 1088 1918 mptacarm
1109 1856 1216 1908 videtur
1238 1871 1299 1908 esse
1317 1858 1392 1908 dunr-

310 1937 384 1986 saut
411 1936 481 1984 DIVI
511 1936 539 1985 F.
569 1934 643 1984 AVG.
677 1933 836 1983 Posterior
871 1933 943 1982 taxat
967 1931 1039 1996 apud
1064 1932 1135 1995 Vir-g.
1153 1936 1220 1984 Aen.
1238 1932 1267 1992 3,
1292 1932 1350 1983 teo.
1369 1935 1393 1982 et

311 2011 388 2060 ΜΑΧ.
424 2011 489 2061 ΙΜΡ.
522 2010 598 2060 xlm.
634 2007 834 2058 TRIBVNITIAE
872 2007 945 2058 Ovid.
964 2009 1026 2058 ittet.
1042 2007 1073 2068 8,
1092 2007 1150 2058 Sti.
1166 2035 1193 2044 ·-
1206 2007 1309 2072 estoces]
1323 2021 1394 2072 «per-

309 2085 500 2136 Porssterts
524 2085 551 2134 S.
577 2086 604 2134 P.
633 2086 661 2145 Q.
689 2084 717 2133 u.
746 2083 833 2145 QVOD
871 2085 958 2144 uices,
977 2085 1006 2132 ut
1018 2085 1149 2144 montani,
1169 2085 1196 2132 et
1213 2097 1332 2146 pugnarn
1343 2087 1393 2133 sta·

309 2161 384 2210 EIVS
399 2159 508 2210 DVCt'V
521 2159 739 2221 AVSPlCllSQVE
756 2157 836 2207 GEN·
871 2159 966 2208 tariam
978 2157 1184 2208 detrectantes.»
1202 2158 1246 2206 Sic
1257 2157 1332 2221 epud
1343 2157 1393 2207 Lir.

312 2236 371 2284 TES
391 2235 529 2284 ALPINAE
551 2234 672 2284 OMNES.
708 2233 794 2295 QVAE
813 2231 834 2280 A
871 2232 969 2292 22⁴⁸:
988 2233 1158 2296 Hispanorum
1168 2232 1396 2282 cotors--essue-

310 2309 392 2358 Metu
406 2309 528 2359 SVPEitO
544 2309 588 2358 AD
606 2309 755 2358 INFERVM
763 2307 836 2357 Psit-
871 2308 922 2358 ttor
938 2308 1061 2357 montibus
1072 2334 1087 2344 -
1098 2333 1112 2344 -
1122 2307 1252 2358 uetodtcte
1264 2321 1396 2370 eorpom

313 2383 481 2433 ΤΙΝΕΒΑΝΤ.
506 2385 748 2434 statuerumt
766 2382 832 2432 POP.
872 2409 909 2421 -·
925 2388 1087 2446 campestrem
1097 2383 1189 2432 testem
1201 2383 1396 2446 (summost--

310 2457 388 2506 ΗΘΜ.
412 2459 498 2506 SVNT
517 2458 694 2507 REDACTAE.
736 2457 835 2507 Omnes
870 2455 1396 2522 scetteetcstt.—arces]ecastellaabiis

311 2532 373 2581 sunt
389 2531 493 2590 xiiii,
523 2532 591 2580 iuter
612 2545 679 2594 quas
695 2532 819 2580 BREVNI
826 2569 834 2591 ,
873 2535 899 2582 in
909 2531 1019 2597 Alpibus
1032 2534 1195 2592 exstructa,»
1213 2533 1243 2581 ut
1255 2532 1322 2596 Epp.
1336 2533 1361 2592 ἱ,
1374 2533 1394 2586 l.

312 2605 496 2666 GENAVNES,
510 2605 836 2656 VINDELICORVMGEN-
872 2611 936 2659 ese:
955 2607 1309 2668 arcesumtttmtmpostms.
1329 2609 1394 2670 virg.

313 2681 372 2730 TES
396 2681 568 2742 oterrt'oti.
601 2682 717 2745 [Augusti
744 2683 834 2735 eutem
874 2687 919 2735 Ge.
938 2684 965 2746 3,
985 2683 1047 2735 tu:
1067 2684 1154 2734 aelios
1169 2683 1242 2745 Alpes
1262 2687 1286 2732 et
1305 2684 1396 2734 Norico

312 2761 452 2820 tropaeum
474 2758 601 2808 statutum
618 2758 718 2808 eratin
736 2755 834 2821 oppido
872 2785 913 2797 --
930 2759 1037 2808 Ccstettc
1058 2760 1085 2807 ia
1108 2759 1217 2808 tumulis.
1241 2785 1270 2796 -
1291 2765 1397 2809 iream

315 2831 402 2880 t'orbto
420 2845 490 2882 nuno
507 2831 656 2896 appellato,
675 2833 705 2882 li.
724 2833 758 2882 tt.
773 2833 834 2881 P.a
873 2834 918 2900 dis]
944 2836 1055 2897 propter
1080 2831 1247 2883 altitudinem
1272 2831 1398 2896 glaciem

312 2907 408 2956 Nicaea
430 2907 675 2970 (Nizzcldistaute.
704 2906 757 2956 Cir.
776 2905 836 2969 Spi—
874 2922 926 2972 que
939 2909 1107 2972 perpetuam.
1126 2907 1182 2958 Liv.
1196 2907 1243 2967 at,
1263 2908 1305 2958 32.
1326 2906 1398 2960 Clau

312 2980 395 3030 talieri
420 2983 522 3032 Notizio
551 2983 590 3030 sut
614 2987 772 3044 monumento
798 2981 836 3030 det
874 2985 944 3033 dian.
958 2983 1037 3032 derv.
1051 2980 1286 3033 Consllondti:
1305 2983 1397 3045 Aspera

313 3058 385 3118 trasei
410 3058 544 3120 d'Aupusto
570 3058 596 3106 dt
623 3057 720 3106 Tertio.
748 3057 836 3105 roano
873 3059 1001 3121 nubiferos
1017 3071 1069 3118 quo
1084 3057 1174 3106 lioetta
1189 3057 1303 3120 pomptt
1319 3059 1395 3120 Alpes.

314 3131 440 3194 estest
459 3131 554 3181 Strabo
572 3131 602 3191 l,
624 3133 652 3192 6,
674 3131 698 3181 8.
713 3131 756 3180 ed.
770 3131 836 3179 lira·
908 3133 947 3184 43.
978 3131 1083 3196 Deiecit]
1110 3129 1202 3182 «velut
1226 3145 1242 3181 e
1269 3133 1396 3182 montium

316 3219 390 3256 mer:
416 3205 453 3255 ot
467 3203 498 3257 m
516 3201 697 3256 Oritvdotmot
715 3205 769 3267 (sic)
788 3205 837 3254 καὶ
874 3205 1018 3258 verticibus
1036 3205 1223 3265 deturbavite;
1241 3207 1358 3256 retertur
1373 3211 1397 3256 et

312 3281 439 3352 Νωρικοὶ
449 3277 503 3346 τὴν
520 3279 603 3343 ἐκτὸς
615 3278 776 3352 ταρτάρειον
788 3297 837 3330 κα·
875 3283 908 3331 ad
927 3280 1039 3346 populos
1054 3278 1201 3332 debellatos
1213 3283 1241 3330 et
1257 3281 1293 3330 ad
1304 3293 1396 3331 eorum

208 3405 213 3416 ,
312 3357 431 3416 τέχοοοι
451 3351 486 3406 τὸ
510 3355 597 3406 πλέον
613 3352 687 3420 μετὰ
705 3351 837 3425 Βρούτον
875 3355 995 3407 castella:
1024 3357 1186 3406 «Genaunes
1202 3353 1271 3406 fudit
1287 3354 1396 3418 fugavit·

313 3433 362 3481 καὶ
379 3429 537 3492 Γεναύνων,
556 3423 613 3498 ἤδη
626 3428 735 3483 τούτων
750 3425 837 3480 Ἰλλυ-
875 3445 942 3496 que;
962 3429 1070 3480 castella
1087 3433 1163 3493 capte
1182 3429 1306 3479 excidite
1336 3431 1394 3480 stat.

313 3504 390 3574 penio.
413 3537 440 3543 -
459 3508 622 3569 implacidam
639 3507 724 3570 psam]
742 3505 836 3555 Strabo
874 3505 957 3558 Theb.
973 3507 1000 3564 l,
1021 3506 1069 3554 20:
1087 3505 1220 3554 coetorum
1231 3505 1397 3554 mtoetosom

314 3582 393 3631 ibid:
420 3581 473 3647 τῆς
490 3579 522 3632 m
539 3579 611 3654 πρὸς
631 3579 699 3644 τοὺς
713 3575 837 3630 Ἰταλιώ-
874 3584 921 3632 tice
937 3584 1028 3632 Dacos.
1047 3580 1129 3630 Tacit.
1147 3581 1214 3630 Anu.
1228 3579 1258 3638 2,
1278 3579 1325 3628 tt:
1345 3579 1398 3630 ote

312 3653 437 3717 rogerie
454 3656 567 3728 λῃστῶν
585 3654 695 3708 τούτων
712 3651 837 3715 χαλεπά·
874 3658 941 3707 rusci
957 3656 1059 3706 collieres
1076 3653 1279 3704 demdebuetur.
1301 3679 1330 3690 -
1345 3653 1398 3716 ptus

313 3745 399 3794 τητος
427 3729 539 3796 λέγεται
559 3746 587 3782 τι
603 3729 751 3792 τοιοῦτον,
780 3725 835 3792 ὠς,
873 3734 927 3783 eice
937 3731 1051 3794 simplice]
1063 3728 1131 3781 itale
1142 3727 1205 3779 olim
1217 3727 1396 3791 explicabant:

314 3801 428 3854 ἐπειδὰν
453 3799 539 3856 ’ἕλωσι
566 3803 669 3871 κώμην
696 3800 716 3870 ἢ
744 3803 836 3865 πόλιν,
877 3808 950 3872 opius
976 3817 1058 3870 quam
1084 3803 1182 3862 semel,
1209 3803 1295 3854 semel
1321 3807 1397 3867 atque

314 3873 349 3928 οὗ
372 3876 466 3944 μόνον
487 3875 599 3946 ἡβηδὸν
621 3873 838 3948 ἀνδροφονοῦν-
876 3885 1007 3940 iterumn
1030 3892 1099 3942 quus
1120 3877 1276 3942 significatio
1293 3877 1398 3928 intimae

313 3969 373 4018 rag.
396 3949 469 4004 ἀλλὰ
487 3955 637 4025 καὶμέχρι
655 3953 712 4004 τῶν
729 3957 838 4020 νηπίων
876 3959 917 4007 est
950 3954 1105 4005 Latinitatis.
1147 3952 1269 4016 (Ausonii
1304 3955 1396 4014 Paneg.

314 4025 468 4100 προϊόντας
485 4022 689 4099 τῶνὰρῤένων,
709 4031 756 4080 καὶ
770 4028 836 4095 μηδ’
876 4032 946 4082 Grat.
966 4031 1032 4093 Aug.
1051 4029 1076 4080 l.
1095 4026 1192 4078 Pallnd.
1213 4027 1241 4088 t,
1266 4026 1297 4077 3:
1325 4027 1399 4076 stou

313 4103 439 4157 ἐνταῦθα
464 4107 662 4168 παυομένους,
690 4098 763 4154 ἀλλὰ
788 4105 838 4155 καὶ
872 4119 921 4170 per
937 4105 1001 4156 diem
1023 4101 1138 4168 vestm.)
1182 4101 1330 4166 Opponitur
1341 4102 1399 4163 pert
1498 4149 1499 4154 ,

313 4177 364 4244 τὰς
376 4178 498 4248 ἐγκύους
515 4183 653 4246 γυναῖκας
666 4181 836 4242 κτείνοντας,
875 4183 941 4241 uice,
959 4184 1049 4229 mutuo
1064 4180 1130 4240 uteo,
1145 4177 1258 4240 petitori
1283 4179 1310 4227 et
1327 4179 1397 4226 recte
1498 4205 1499 4228 i

314 4250 387 4318 ὅσας
413 4260 499 4318 φαῖεν
525 4256 555 4305 ot
578 4251 695 4320 μάντεις
718 4249 838 4325 epipisco-
877 4255 1086 4318 interpretantur
1126 4253 1180 4302 iam
1221 4249 1396 4300 Scholiastae:
1498 4273 1499 4292 2

315 4337 401 4380 zrriv.
421 4331 486 4382 Vell.
507 4333 561 4382 Pul.
576 4331 604 4392 ἲ,
623 4333 662 4381 m.
684 4333 730 4382 llio
748 4331 792 4392 st.
812 4333 836 4381 2.
878 4329 952 4380 uVolt
969 4326 1075 4392 intelligi
1094 4327 1119 4378 iu
1138 4325 1273 4378 vastandis
1290 4325 1332 4376 tris
1349 4337 1396 4374 noe
1498 4327 1499 4390 j
