2986 4974
327 457 388 524 i78
712 459 841 510 uorrru
860 459 1029 512 craturuu

326 617 360 667 ad
377 619 497 682 priorum
514 618 706 682 interpretum,
734 618 799 667 item
816 615 914 680 Regelii
934 619 961 667 et
977 616 1109 668 Luehkeri
1126 618 1359 676 constructionem,
1381 618 1397 663 6

328 703 388 764 quid
405 729 419 739 -
436 730 467 764 -‚
486 703 552 764 quod
568 727 583 738 -
600 728 614 738 ·
628 702 730 764 plures,
755 701 782 750 id
805 703 859 762 est,
888 701 996 766 dempta
1020 702 1148 764 imagine:
1177 703 1224 751 «Si
1248 700 1311 765 quid
1325 698 1362 750 vei
1377 701 1398 748 iu

324 785 467 837 leuioribus
485 787 649 850 argumentis
667 784 811 835 tractandis
829 787 884 834 tam
901 797 1030 848 prospere
1048 785 1112 834 mihi
1130 787 1224 846 cessit,
1250 787 1280 834 ut
1295 785 1397 834 carmina

324 884 385 921 mea
412 885 446 920 ex
470 871 576 920 sincero
601 869 748 918 amicorum
767 866 863 917 iudicio
882 867 960 931 digua
978 869 1030 918 sint
1046 869 1217 932 posteritate,
1236 868 1347 932 agedum
1362 881 1397 918 rue

324 967 408 1014 nuuc,
434 967 492 1003 eum
504 967 610 1016 poscor,
635 953 670 1003 ad
687 953 773 1002 maius
792 952 873 1002 etium
891 952 1027 1015 inceptum
1045 952 1176 1002 excitabo.
1211 953 1242 1002 Id
1259 965 1322 1002 vere
1338 953 1398 1002 eius·

323 1038 396 1087 modi
414 1039 485 1099 estc,
511 1038 607 1097 immo,
632 1036 653 1086 si
677 1048 739 1099 spes
760 1034 822 1084 boni
841 1037 953 1085 eventus
971 1048 1015 1085 me
1033 1049 1085 1085 non
1103 1034 1179 1097 tallit,
1203 1036 1332 1088 eiusmodi
1347 1037 1396 1089 erit.

323 1125 352 1171 ut
368 1123 487 1170 Latinum
503 1133 596 1170 meum
613 1134 715 1170 cannen
730 1122 889 1182 assequatur
900 1118 1002 1180 Alcaei,
1022 1120 1110 1182 magui
1123 1120 1177 1170 mei
1189 1118 1315 1185 exempli,
1334 1131 1397 1169 acres

323 1207 350 1254 et
367 1204 433 1254 aiios
451 1205 568 1268 spiritus,
586 1203 684 1267 quibus
697 1204 753 1252 eius
770 1201 844 1268 μέλη
863 1197 996 1254 πολιτικὰ
1013 1203 1063 1253 καὶ
1078 1198 1221 1269 πολεμικὰ
1232 1203 1396 1268 6166661666·

325 1315 352 1324 -
372 1289 487 1338 Carmen
505 1289 596 1337 eutem
614 1288 665 1338 hoc
683 1289 751 1337 iuter
768 1301 852 1337 annos
869 1301 895 1337 u.
909 1301 933 1338 c.
947 1287 1086 1340 iet-730.
1106 1290 1285 1353 compositum
1296 1287 1395 1338 videtur.

322 1372 352 1420 V.
374 1373 473 1422 Frauke
492 1372 518 1421 F.
538 1372 568 1420 H.
589 1385 615 1436 p.
636 1371 692 1421 466.

387 1456 489 1506 Liiruuu
506 1456 531 1504 S.
552 1455 608 1504 tsi.
629 1455 692 1503 «Um
709 1455 776 1504 Geist
786 1456 839 1504 666
851 1455 962 1504 Teredona
972 1456 1053 1505 seiuer
1063 1457 1134 1506 Meae
1144 1471 1179 1506 66
1188 1457 1396 1514 citurukten'sireu,

319 1539 372 1603 9666
387 1539 475 1589 Heras
490 1539 544 1588 tier
560 1538 681 1587 vtelteicitt
697 1538 736 1587 tite
753 1544 816 1588 erste
832 1539 1016 1603 Nachweisunq
1026 1541 1108 1590 seieer
1118 1541 1261 1604 Baziahuny
1271 1554 1329 1590 6666
1337 1540 1396 1604 urte-

319 1623 431 1672 chtsciteu
450 1623 576 1684 66666166,
596 1623 742 1686 ausqesiittrt
757 1623 810 1672 666
826 1623 853 1671 in
870 1622 1021 1672 bestimmten
1038 1624 1122 1687 Ziiqen
1138 1625 1291 1686 utiwickett,
1309 1625 1359 1685 die,
1375 1635 1396 1670 su

318 1707 477 1770 gelegentlich
493 1708 527 1756 sie
544 1707 609 1755 auch
625 1707 690 1755 nach
707 1707 782 1755 Forat
798 1707 850 1754 666
867 1706 949 1754 iuhult
965 1706 1019 1755 tticr
1035 1707 1187 1770 6696666666
1203 1708 1327 1769 soacinen,
1345 1705 1396 1756 coci

318 1791 365 1839 das
380 1790 505 1851 chpttob
522 1791 567 1839 tier
583 1789 731 1839 Dicittcunst
747 1791 773 1838 ia
790 1803 894 1839 unserer
911 1790 961 1839 Ode
978 1789 1136 1853 6696666666,-
1162 1791 1216 1840 hier
1231 1793 1303 1840 acciat
1317 1805 1344 1841 er
1357 1789 1397 1851 uu!

318 1875 364 1922 dus
385 1873 588 1922 vorschwebende
609 1872 659 1926 Ziel
680 1873 736 1931 hin,
764 1873 822 1922 Ode.
842 1872 871 1933 i,
898 1873 927 1932 3,
955 1873 996 1922 23.
1025 1873 1087 1937 (Vqt.
1108 1873 1136 1935 6,
1156 1875 1208 1937 25.)
1226 1875 1393 1937 66616661,

319 1956 362 2015 te,
387 1956 427 2005 32.
454 1956 523 2004 tuan
547 1969 576 2004 er
598 1955 649 2004 sicit
668 1956 743 2005 sciton
764 1957 814 2018 uus
831 1958 986 2021 uerlieqendc
1008 1957 1132 2008 itesuttate
1153 1959 1206 2007 666
1234 1958 1393 2021 ulamma

319 2039 504 2102 6666666669
520 2039 724 2102 stittscttweiqend
741 2039 850 2102 heruteu.
1481 2055 1482 2058 ¹
