2992 4978
320 469 381 534 iit)
690 467 831 518 vuonnru
849 467 1018 519 onnnrnuu

363 624 463 693 Simul
485 632 598 690 unctos
620 622 776 689 Tiberinis
798 622 950 690 humeros
973 623 1048 688 lavit
1072 623 1102 688 in
1124 623 1231 698 undis,

362 749 470 835 Eques
493 746 563 833 ipso
585 743 699 811 melior
720 743 979 832 Bellerophonte,
1005 765 1111 834 neque
1135 766 1241 832 pugno

530 869 642 954 Neque
665 866 756 954 segni
779 865 863 953 pede
885 866 1005 944 vietus,

361 1027 457 1094 Catus
480 1025 566 1092 idem
588 1046 646 1113 per
668 1036 816 1113 apertum
838 1025 996 1113 fugientes
1019 1026 1136 1114 agitato

361 1149 465 1236 Grege
488 1168 602 1214 cervos
625 1146 757 1214 iaculari
781 1157 814 1213 et
836 1146 924 1214 celer
946 1145 1010 1213 alto
1032 1146 1206 1214 latitantem

529 1269 689 1336 Fruticeto
711 1269 863 1356 excipere
885 1290 1008 1355 aprum.

368 1422 407 1471 444.
422 1423 480 1471 item
489 1421 518 1471 C.
530 1449 556 1456 -
566 1420 683 1484 mutuatis
690 1421 757 1470 BST.
771 1448 797 1455 -
809 1420 973 1471 luetone.
985 1448 1011 1457 -
1022 1420 1149 1480 ultoiibT,
1160 1423 1227 1471 Pott.
1236 1421 1361 1484 quattuor,

351 1497 393 1547 Ct:
413 1501 470 1546 orto
479 1497 521 1557 Sc,
534 1494 624 1545 Bland.
636 1496 728 1559 antiq.,
739 1496 811 1546 bibl.
824 1495 1031 1560 (urtosupersor.
1046 1493 1178 1546 «reialta»
1188 1495 1214 1545 d.
1229 1497 1259 1548 t't
1269 1508 1323 1556 nos,
1333 1494 1361 1555 4.]

349 1625 419 1676 7-9.
437 1626 530 1689 unctos]
548 1626 615 1676 Ante
633 1625 796 1675 natationem
814 1627 841 1674 et
880 1627 966 1674 neutr.
990 1623 1157 1676 substantive
1179 1637 1229 1689 pro
1262 1625 1390 1688 «apertum

316 1700 411 1752 balnea
439 1699 498 1749 oleo
525 1698 719 1762 unguebantur.
763 1699 838 1748 ovid.
879 1711 1031 1762 campum.»
1052 1725 1078 1737 -
1104 1699 1215 1764 auitum]
1243 1699 1390 1748 «excitatos

315 1776 391 1826 Trist.
411 1775 439 1836 3,
454 1775 498 1834 42,
512 1775 559 1824 il:
578 1775 662 1835 Nunc,
680 1773 723 1823 ubi
735 1773 841 1836 perfusa
878 1772 1020 1825 canibus.»
1040 1800 1068 1809 -
1087 1773 1151 1838 olto]
1171 1774 1245 1824 liano
1262 1771 1390 1822 lectionem

316 1855 351 1898 eet
369 1849 421 1898 oleo
449 1848 543 1897 lubente
570 1850 699 1909 incertus,
727 1848 841 1911 Defessus
876 1846 989 1912 praetuli
1001 1849 1115 1898 maxime
1128 1862 1191 1898 cum
1203 1850 1313 1912 propter
1324 1845 1390 1897 Codi-

316 1929 388 1972 artus
407 1923 507 1985 Virpiue
523 1922 614 1985 tinpuit
630 1935 707 1982 aqua.
726 1921 839 1971 -Tibe-
877 1935 940 1972 cum
949 1920 1389 1986 meorumantiquissimorumbbl,

315 1995 390 2060 riuis]
419 1997 474 2046 Cio.
500 2009 549 2059 pro
574 1994 662 2046 Caelio
688 1997 732 2045 ⁴5:
760 1997 840 2046 Habes
877 1995 993 2046 Oberlini
1010 1997 1029 2046 B
1048 2000 1074 2047 et
1094 1999 1210 2048 Poftierii
1229 1999 1299 2058 i,i,
1316 1994 1388 2056 8,44.

316 2070 423 2134 (Clodia)
440 2071 524 2120 hortos
549 2071 584 2119 ad
601 2070 707 2120 Tiberim
727 2083 758 2120 oc
780 2071 839 2120 diii-
876 2083 1010 2121 summam
1036 2073 1239 2134 auctoritatem,
1267 2074 1321 2122 tum
1336 2081 1389 2135 pro-

315 2150 401 2210 periter
425 2159 453 2195 eo
478 2145 531 2195 loco
544 2146 662 2207 parasti,
691 2158 739 2207 quo
760 2145 840 2195 munis
876 2147 937 2210 pter
953 2143 1102 2208 analogiam
1119 2145 1190 2195 iliad.
1215 2161 1243 2206 a,
1264 2146 1326 2198 iau:
1342 2143 1388 2205 βα-

313 2223 428 2270 iuuentus
438 2221 544 2270 nutandi
554 2219 717 2270 causaverit.
728 2247 755 2256 -
767 2218 838 2270 «Alio
876 2219 957 2284 θείης
965 2246 977 2256 -
986 2213 1065 2284 ὕλης,
1079 2219 1149 2270 iliad.
1162 2218 1188 2280 i,
1207 2221 1269 2272 itt:
1281 2219 1389 2283 βαθε4ης

315 2299 436 2359 tempore
466 2295 565 2358 equitat
600 2292 695 2346 melius
729 2295 840 2344 Bellero·
874 2290 1039 2358 -ξυλόχοιο,
1051 2296 1188 2356 luerent,
1200 2295 1390 2356 itzsituaepre

311 2370 416 2432 pilente,
442 2369 483 2418 cui
503 2369 600 2418 caelum
620 2381 724 2430 campus
738 2369 837 2432 meat,
874 2370 984 2433 fundae,
1002 2369 1258 2432 Virg.Ge.2,39i:
1281 2371 1391 2431 mutuae

314 2449 446 2503 terraeque
476 2442 617 2505 fretumque
644 2443 695 2492 Sub
716 2444 838 2504 pedibus,
873 2444 1010 2507 profundi,
1029 2447 1094 2494 nen.
1108 2443 1137 2504 6,
1152 2445 1215 2493 tie:
1235 2444 1388 2495 stabuluulfu

313 2532 364 2566 nou
380 2517 433 2565 ullu
449 2517 505 2566 tulit
520 2517 625 2579 uestipiu
635 2529 731 2566 elenu.
751 2517 837 2567 blanil.
875 2519 997 2582 ferarum,
1016 2519 1046 2578 7,
1066 2519 1111 2568 95:
1132 2519 1210 2568 ulto-
1223 2520 1312 2570 -lucu
1341 2519 1392 2568 Ario

314 2593 343 2651 u,
362 2590 420 2639 99.»
456 2589 548 2641 Ultima
566 2587 668 2652 syllaba
692 2591 718 2640 in
734 2604 760 2640 v.
781 2591 839 2640 Rel-
876 2592 985 2655 quidem
1011 2594 1082 2642 esset
1100 2593 1218 2655 «spisso,
1238 2593 1349 2652 densou,
1367 2592 1391 2638 ui

314 2665 455 2727 leropbonte
471 2663 628 2727 producitur
644 2677 659 2713 a
678 2663 761 2714 forma
773 2665 840 2715 Bsi—
876 2667 972 2728 Odyss.
990 2679 1023 2726 τ,
1042 2665 1105 2717 439ῑ
1135 2665 1165 2715 ἐν
1182 2663 1282 2739 λόχμῃ
1300 2662 1391 2735 πυκινῇ

313 2734 508 2810 λεροφόντης,
538 2741 567 2788 ut
587 2737 659 2802 apud
675 2741 766 2789 quen.
789 2741 836 2802 43,
876 2743 1024 2790 κατέκειτο
1040 2741 1131 2806 μέγας
1148 2738 1212 2803 σῦς.
1250 2743 1392 2793 Senec.0e·

314 2815 359 2865 98:
378 2815 400 2863 si
416 2827 466 2862 imo
483 2817 535 2876 equ
551 2813 674 2873 Antiopen
689 2827 734 2864 uec
749 2815 839 2864 Arcui—
877 2815 930 2878 dip.
950 2817 1011 2865 277:
1038 2817 1102 2865 ortis
1118 2815 1224 2866 obsitum
1241 2817 1323 2866 dumis
1343 2817 1390 2864 iter.

312 2903 386 2954 pene,
400 2887 536 2950 quidecim
548 2890 599 2936 cet.
621 2886 769 2951 (Pulchram
778 2889 840 2939 Bel·
876 2891 932 2939 lioc
949 2892 1040 2939 autem
1057 2887 1116 2939 loeo
1134 2889 1168 2939 ab
1186 2891 1219 2940 iis
1230 2892 1347 2956 proiecte
1358 2889 1391 2938 est

313 2961 476 3027 lorophontis
493 2962 636 3024 imaginem
654 2962 715 3012 vide
733 2963 759 3012 in
777 2965 840 3013 Ger·
876 2963 1058 3029 interpolatio,
1076 2965 1123 3028 qui
1141 2965 1207 3016 auu
1220 2963 1391 3030 profunditatis

313 3037 381 3088 hard
410 3038 482 3086 Vasee
506 3037 620 3098 opulieus
647 3037 676 3086 T.
703 3037 778 3099 vili.)
810 3064 835 3076 -
877 3039 970 3099 etiam,
989 3053 1042 3089 non
1060 3039 1147 3090 solum
1164 3041 1334 3102 excelsitatis,
1351 3051 1392 3088 no-

313 3125 391 3174 uaque
412 3111 511 3176 pupae]
542 3110 668 3174 Pugilatio
694 3113 721 3162 et
745 3125 839 3164 cursus
877 3115 977 3164 tionem
1005 3113 1141 3164 includere
1165 3116 1327 3178 ignorarent.
1357 3111 1389 3162 Ad

314 3188 516 3238 exercitationes
534 3185 614 3237 inisse
626 3186 752 3236 videntur
768 3188 842 3236 iuve-
877 3191 982 3238 tertium
992 3187 1052 3239 lect.
1062 3189 1137 3249 hirto,
1149 3202 1219 3252 quae
1231 3194 1320 3242 tamen
1331 3189 1392 3240 caret

315 3273 379 3312 num
406 3263 568 3311 Graecorum
593 3261 618 3311 in
644 3261 713 3313 Urbe
739 3261 842 3325 degen·
878 3263 1035 3313 auctoritaie
1053 3261 1218 3326 sufficiente,
1250 3266 1280 3315 44.
1303 3260 1390 3315 Peerli.

314 3337 395 3396 tium,
414 3334 500 3399 qualis
518 3334 625 3399 fingitur
642 3349 702 3386 esse
721 3336 839 3397 Hebrus,
878 3335 964 3386 attulit
989 3334 1150 3386 columellae
1177 3339 1224 3399 to,
1250 3339 1299 3388 27:
1336 3337 1392 3385 ltine

315 3411 396 3472 atque
409 3409 604 3475 oppidanorum
622 3409 738 3473 (Sueten.
750 3411 839 3460 octav.
877 3424 970 3472 saepes.
991 3435 1019 3447 -
1039 3410 1166 3475 arripere]
1184 3412 1305 3462 Verbum
1320 3423 1392 3460 rena-

314 3482 366 3545 m.)
399 3485 483 3548 magis
516 3497 598 3548 quaxn
632 3483 841 3537 adolescentium
879 3487 991 3548 torium,
1010 3483 1200 3546 utda'zeudut,
1214 3481 1392 3537 ubivenabulo

316 3559 497 3610 Romanorum
524 3558 661 3610 nobilium.
693 3587 719 3599 -
755 3575 842 3625 pugno
878 3561 979 3610 sistitur
991 3559 1046 3610 iera
1059 3575 1073 3610 e
1086 3560 1169 3610 lustro
1178 3573 1313 3625 proruens
1324 3561 1392 3622 iique
1483 3605 1484 3621 ,

318 3633 403 3694 Neque
414 3635 648 3700 sequipedeuirfus]
661 3634 842 3706 βραχυλογία
879 3635 1027 3685 conficitur.
1062 3637 1164 3685 Seneca
1188 3636 1222 3686 de
1247 3637 1287 3685 ira
1305 3636 1333 3696 4,
1351 3633 1391 3680 u:

248 3775 251 3779 ι
316 3719 378 3770 pro:
398 3721 550 3771 «nunquam
567 3709 601 3759 ab
620 3711 669 3760 alio
682 3713 842 3777 victuspro-
878 3709 917 3760 Au
934 3714 962 3758 fu
975 3715 1053 3771 putas
1068 3716 1214 3760 curatorem
1230 3709 1309 3759 buxi
1327 3705 1391 3770 seis,

316 3783 376 3844 pter
402 3795 504 3845 pugnos
529 3786 616 3834 minus
642 3784 767 3836 robustos
793 3800 842 3851 pe·
878 3785 917 3834 uel
939 3797 997 3834 cum
1021 3789 1044 3834 et
1063 3785 1185 3848 supienter
1198 3781 1393 3847 mundaret

317 3854 400 3906 desve
419 3855 578 3908 tardiores.»
878 3861 1002 3909 amiantos
1029 3859 1144 3922 accipit?
1175 3873 1256 3923 quam
1285 3858 1317 3908 ad
1343 3864 1391 3904 rem

879 3935 1004 3984 celeritate
1020 3935 1046 3984 iu
1065 3935 1156 3999 primis
1176 3947 1243 3998 opus
1262 3935 1310 3984 est.
1328 3929 1391 3980 idem

350 4004 381 4054 444
392 4031 407 4042 -
419 4005 459 4054 ta.
479 4005 566 4070 Catus]
586 4005 720 4070 «callens,
741 4010 841 4072 peritus
880 4007 913 4058 de
930 4007 1032 4059 Provid.
1047 4011 1074 4060 5:
1094 4009 1171 4059 Nebis
1188 4009 1225 4073 (ut
1236 4009 1280 4058 hic
1291 4001 1390 4072 puellae}

317 4079 732 4147 venandi.n-ceter--arcipere]
742 4087 842 4134 Graeca
880 4084 1005 4132 oilardum
1020 4084 1144 4146 uoluptati
1160 4089 1209 4145 eu,
1227 4083 1249 4132 si
1266 4081 1392 4132 adulam

317 4154 529 4218 constructione,
555 4157 585 4205 ut
602 4157 649 4206 od.
670 4158 698 4218 4,
726 4159 771 4219 lb,
791 4159 839 4208 ⁴8:
879 4159 1015 4208 ceretanus
1056 4160 1136 4208 animi
1168 4160 1251 4222 seam
1282 4147 1390 4205 modulo

316 4229 418 4278 culmen
438 4229 507 4290 sequi
525 4231 634 4282 Aiacem.
656 4259 682 4270 -
713 4233 841 4296 opertaen]
879 4233 984 4295 excepit.

790 4385 860 4394 -κ
868 4387 936 4395 -..α-
