3012 4978
517 470 575 519 Llll.
597 469 638 518 lV.
674 470 703 518 C.
723 470 788 520 xlv.

326 623 506 710 Medusque
529 633 561 690 et
581 623 697 698 indus,
722 635 752 690 tc
777 625 931 712 prolugus
954 627 1092 716 Scythes

365 745 516 818 Miratur,
541 767 560 811 o
584 745 683 812 tutela
705 767 861 834 praesens

409 865 516 933 ltaliae
539 866 757 955 dominaeque
780 871 911 936 lloinae.

324 1043 383 1118 Te,
408 1041 540 1109 sontium
563 1045 618 1130 qui
642 1043 724 1111 celat
752 1045 901 1132 origines,

321 1165 476 1252 Nilusque
499 1174 531 1230 ct
553 1167 652 1242 ister,
677 1177 708 1232 te
731 1165 863 1252 rapidus
885 1167 1003 1253 Tigris,

366 1288 409 1351 Te
430 1284 587 1353 beluosus
609 1287 664 1374 qui
687 1288 818 1353 remotis

406 1407 572 1493 Obstrepit
594 1409 747 1474 Oceanus
769 1409 943 1482 Britannis,

216 1653 257 1704 u.
277 1653 423 1715 emmau
439 1633 472 1703 r?
496 1680 523 1688 -
551 1651 592 1703 m.
610 1654 693 1704 uem
710 1653 773 1704 reu.
800 1679 828 1690 -
859 1653 899 1705 ir.
919 1654 1045 1704 aruimus
1064 1654 1090 1703 a.
1111 1655 1207 1718 (mma

184 1729 237 1780 mei
255 1727 383 1788 minaeus,
402 1740 455 1777 non
472 1727 607 1789 helluones,
626 1730 655 1778 ut
671 1727 748 1789 Edd.)

151 1952 188 2001 rie
207 1951 279 2000 lieisst
296 1951 349 2000 Mer
365 1965 391 2000 so
408 1951 469 2012 ciel,
488 1951 526 2000 ets
541 1951 581 2000 die
596 1951 675 2000 Merr-
746 1949 834 2002 itt-48.
853 1951 968 2015 criptam]
990 1953 1081 2004 «cuius
1094 1951 1179 2002 lantes
1192 1954 1240 2004 ed-

148 2025 312 2088 aetestabor
332 2025 382 2076 alle
405 2025 492 2076 Vo‘llrer
507 2026 674 2076 austratem„
712 2025 765 2075 huc
782 2026 863 2089 ignoti
881 2029 969 2078 sunt.»
988 2024 1080 2078 Tibull.
1095 2028 1123 2088 4,
1143 2029 1172 2090 7,
1192 2029 1240 2078 23:

151 2127 179 2136 -
199 2099 339 2164 arropuoit]
359 2099 463 2150 «Rebus
481 2099 534 2150 iam
549 2098 612 2150 olim
624 2099 676 2150 tuis
711 2100 769 2149 Nile
781 2106 869 2164 pater,
887 2115 1001 2163 quonum
1017 2102 1112 2162 possim
1123 2108 1146 2152 te
1159 2103 1242 2152 dieue

148 2175 275 2238 auspiciis
297 2176 325 2223 et
346 2175 391 2224 tuo
412 2175 494 2224 ductu
514 2175 594 2236 gestis
611 2173 676 2223 For·
712 2187 791 2224 causa
806 2181 852 2224 aut
868 2176 955 2236 quilius
976 2178 1002 2225 in
1020 2177 1241 2226 terrisoccutuisse

148 2251 213 2298 tuna
239 2249 350 2299 devictis
374 2250 461 2300 Raetis
478 2247 674 2312 Vindelicisque
712 2249 806 2311 ceput?
822 2251 944 2302 Lucanus
955 2251 999 2310 40,
1013 2250 1060 2300 493
1069 2264 1121 2314 sq,
1134 2249 1181 2300 uhi
1192 2264 1241 2300 se-

148 2337 248 2374 novam
265 2325 317 2374 iam
335 2323 442 2374 laudem
460 2337 491 2373 ac
503 2323 615 2386 gloriam
626 2322 676 2372 ad·
713 2327 800 2374 terum
824 2323 858 2374 de
881 2324 937 2375 Milo
961 2325 1100 2388 opiniones
1120 2327 1238 2389 exponit,

148 2397 240 2448 didit.»
267 2400 310 2449 Sic
327 2399 399 2450 enim
416 2399 487 2450 melo
507 2398 675 2462 interpretari
711 2411 737 2448 v.
751 2397 816 2449 sal:
838 2397 886 2448 Mili
904 2399 1032 2448 Arcanum
1048 2401 1238 2463 Naturacapul

148 2487 232 2537 quam
256 2486 318 2524 eum
343 2473 413 2525 aliis:
441 2473 582 2538 «imperiis
609 2473 673 2532 tuis,
712 2487 763 2523 non
783 2473 896 2535 prodidit
919 2475 972 2525 ulli.
1002 2501 1030 2512 -
1060 2473 1131 2526 Nilus
1157 2489 1241 2525 cornu

148 2561 219 2612 quae
249 2547 360 2600 feliciter
385 2547 505 2599 Tiberius
531 2551 674 2600 exsecutus
713 2549 815 2612 copiae
830 2561 909 2600 manu
933 2552 1028 2601 teneus
1052 2563 1114 2600 cum
1135 2549 1241 2600 filiabus

148 2625 203 2682 est,
231 2621 339 2674 laudem
361 2623 499 2686 decusque
516 2623 640 2686 praebuit
651 2637 673 2680 ς»
712 2623 863 2687 Memphide
874 2624 1074 2674 etAnchirrlsoe
1087 2627 1167 2688 etque
1180 2626 1241 2674 Ete-

127 2699 173 2748 ·in
201 2711 253 2762 qua
276 2696 449 2762 explicatione
472 2711 525 2748 non
547 2698 611 2748 satis
628 2711 674 2748 re·
704 2698 758 2770 ⁴siis
775 2701 816 2748 est
833 2699 859 2748 iu
877 2699 1047 2762 sardonyche
1065 2700 1137 2762 apud
1150 2697 1241 2749 Millln-

146 2774 258 2836 spicilur
275 2773 313 2822 vis
331 2787 356 2821 v.
375 2772 516 2836 arropauit.
712 2785 763 2835 gen
779 2773 840 2822 Aac.
859 2774 928 2824 Men.
948 2775 978 2822 M.
998 2775 1027 2824 T.
1047 2775 1086 2823 47.
1108 2800 1135 2810 -
1160 2775 1240 2837 Tinna

180 2845 285 2898 ll-ll.
313 2845 449 2910 Cantaber]
478 2845 526 2895 Od.
544 2847 576 2906 2,
598 2845 628 2905 6,
647 2846 671 2895 2.
712 2845 1159 2910 obrapiditatemeMedisdlctus.
1177 2849 1238 2910 quia

147 2921 196 2971 Od.
215 2921 245 2982 3,
273 2923 301 2981 8,
324 2922 365 2972 22.
388 2947 414 2956 —
438 2922 572 2981 Medusque
589 2923 612 2968 ct
630 2920 674 2968 la·
711 2922 784 2984 tipris
801 2933 894 2970 eorum
912 2920 1000 2984 lingue
1023 2923 1125 2985 sapida.
1155 2921 1239 2971 Varro

146 2994 200 3059 dus]
219 2997 290 3045 Suet.
311 2995 366 3044 Oct.
386 2995 432 3044 2⁴:
459 2995 533 3044 Indos
550 2993 674 3043 etiamac
711 2995 760 3044 LL.
780 2996 809 3054 5,
828 2995 869 3044 40.
900 2995 945 3044 Est
963 2995 1054 3057 igitur:
1075 2997 1236 3058 «Aegyptus,

145 3071 252 3132 Scythas
276 3069 366 3118 auditu
388 3069 462 3118 modo
486 3068 596 3131 capnttos
616 3069 674 3130 pet·
710 3070 806 3129 Dacia,
825 3071 950 3118 Armenia
969 3073 994 3118 te
1007 3071 1194 3118 venerantur.»
1210 3097 1237 3104 -

145 3145 208 3195 lecit
232 3145 267 3193 ud
289 3143 427 3192 amicitiam
447 3156 520 3192 mam
537 3143 674 3205 populique
711 3141 830 3206 dunceres]
849 3142 896 3191 Od.
917 3143 944 3202 3,
964 3144 1008 3202 27,
1031 3143 1078 3192 26:
1105 3147 1243 3198 scalentem

145 3219 253 3268 Montani
268 3217 335 3267 uttrc
351 3230 399 3279 per
416 3217 511 3280 Mpatos
529 3218 671 3278 petendam.
709 3218 914 3279 Betuispoutum.
938 3217 999 3266 Sine
1013 3229 1093 3266 causa
1106 3217 1156 3266 MP.
1171 3217 1238 3266 hae-

147 3292 210 3355 ]Clr.
229 3291 264 3341 ad
281 3293 370 3342 Carm.
382 3304 436 3341 sec.
448 3292 498 3352 56.)
516 3291 602 3340 Partlii
614 3306 675 3354 quo-
710 3292 745 3342 sit
767 3291 792 3340 in
817 3291 888 3340 «hac
909 3305 977 3341 voce
1001 3289 1097 3340 dubiae
1124 3291 1240 3340 auctori-

146 3381 194 3429 que
219 3371 242 3415 et
267 3367 412 3416 Menenium
434 3366 573 3416 uindicanti
598 3367 673 3430 facim
711 3366 783 3426 letis,
820 3377 888 3428 quae
924 3378 1056 3428 nusquam
1090 3365 1140 3416 uisi
1168 3365 1238 3428 apud

145 3445 282 3502 cesserunt,
309 3445 332 3490 et
348 3440 421 3504 sique
442 3440 580 3500 militaria,
608 3453 674 3501 quae
710 3441 842 3490 Arieuum
866 3439 920 3502 (Or.
941 3453 1007 3490 mar.
1027 3438 1095 3503 eol.)
1120 3439 1240 3489 invenia-

145 3517 181 3566 M.
201 3517 290 3566 Crasso
307 3519 330 3564 et
346 3515 380 3564 M.
397 3515 504 3564 Antonio
515 3515 671 3575 adernerant,
712 3518 784 3573 turp
806 3527 877 3564 nunc
895 3513 1020 3577 quidem,
1040 3515 1172 3573 concedo,
1191 3513 1240 3563 sed

146 3590 283 3652 reposcenti
299 3589 468 3638 reddiderunt.
491 3615 517 3625 -
538 3590 672 3654 prosaque]
712 3590 778 3652 quot
794 3591 888 3652 poetae
910 3589 994 3639 Latini
1016 3589 1164 3652 perierunt!
1195 3589 1241 3638 Est

145 3665 193 3716 od.
214 3666 241 3722 4,
269 3664 315 3724 35,
343 3663 366 3712 9.
398 3663 446 3712 Od.
465 3663 495 3724 3,
523 3662 569 3723 al,
597 3663 621 3712 9.
644 3689 670 3700 -
712 3663 820 3713 Homeri
838 3660 1014 3728 μεγακήτης.
1034 3665 1152 3727 l'lseogn.
1176 3663 1237 3714 ⁴75:

144 3739 271 3802 Miratur]
302 3738 469 3801 «potentiam
498 3751 529 3786 ac
562 3736 672 3799 gloriam
712 3737 742 3799 ἐς
764 3734 935 3802 βαθυκήτεα
958 3735 1073 3788 πόντον.
1109 3739 1241 3788 Beluosum

146 3817 219 3864 tuam
247 3811 412 3876 stupefactus
442 3814 611 3862 reveretur.»
645 3841 671 3847 -
712 3811 878 3862 autemdicit
894 3827 927 3862 cx
943 3813 1042 3877 volgari
1060 3813 1139 3874 lama,
1159 3825 1240 3877 quam

146 3887 232 3950 tutela]
250 3899 308 3936 voc.
327 3899 417 3951 propr.
432 3886 465 3936 de
483 3887 567 3949 geniis
583 3884 672 3935 bonis.
713 3889 846 3936 memorat
870 3889 981 3937 Pausan.
1002 3888 1030 3950 l,
1053 3887 1081 3948 3,
1100 3889 1128 3937 5:
1156 3889 1241 3936 Ocea-

148 3989 174 3998 -
190 3973 312 4024 praesciis
327 3960 377 4010 hac
390 3960 580 4024 significatione
594 3961 674 4010 Grae-
714 3975 764 4011 nus
793 3960 835 4011 ille
862 3963 1017 4032 παρέχεται
1043 3963 1132 4033 θηρία
1156 3955 1241 4013 οὐδὲν

145 4037 184 4086 cis
207 4038 250 4086 est
272 4031 426 4101 ἐπιφανής.
463 4035 609 4086 Menander
633 4036 672 4084 Fr.
714 4031 902 4106 ἑοικότᾳτοῖς
910 4035 940 4086 ἐν
951 4032 1085 4108 θαλάσσῃ
1095 4033 1129 4106 τῇ
1143 4034 1238 4105 λοιπῇ.

145 4113 198 4161 inc.
211 4113 273 4160 252:
293 4105 353 4161 Oria
371 4105 433 4161 ἔστι
453 4107 562 4176 τόλμης
574 4109 676 4172 e'ueqa·
718 4138 744 4146 -
759 4109 888 4173 obstrepit]
908 4113 936 4160 ut
948 4112 996 4161 Od.
1009 4112 1038 4171 Ξ,
1058 4111 1101 4170 48,
1121 4109 1166 4159 ao:
1185 4111 1241 4160 Mu-

147 4187 267 4254 ueora'pe
293 4181 357 4234 ded.
388 4215 413 4220 ψ
445 4184 574 4247 amninae]
604 4183 677 4234 orbis
714 4186 798 4246 risque
814 4185 884 4234 Baiis
901 4185 1067 4247 obstrepentis.
1088 4211 1116 4220 —
1135 4185 1240 4234 Britan-

145 4256 290 4317 ¹terrarum.
321 4259 369 4309 Od.
396 4259 424 4322 l,
452 4261 482 4318 3,
511 4259 555 4309 ⁴3:
587 4259 679 4309 Rornae
715 4259 762 4323 nis]
781 4259 827 4309 Od.
850 4261 876 4318 l,
896 4260 940 4318 44,
961 4260 999 4308 ld.
1019 4259 1066 4307 0d.
1087 4258 1115 4318 l,
1135 4257 1179 4317 35,
1198 4258 1237 4307 30.

142 4334 266 4395 principis
283 4334 391 4384 urbium.
716 4334 764 4384 Od.
787 4333 815 4394 3,
839 4334 868 4392 5,
892 4333 915 4382 3.
952 4331 1039 4394 Virgil,
1063 4330 1115 4382 Ecl.
1141 4333 1167 4392 4,
1192 4333 1240 4384 67:
