2992 4978
658 365 785 414 Hostili
804 365 972 416 Cluuiuuii

639 875 998 939 cmm·

443 1045 529 1126 Ouid
551 1043 629 1122 iles,
653 1045 793 1120 Asterie,
817 1065 916 1132 quem
938 1043 994 1111 tibi
1017 1043 1144 1110 candidi

443 1167 550 1233 Primo
573 1166 742 1234 restituent
762 1186 840 1233 vere
863 1165 995 1232 Favonii

486 1287 597 1376 Thyna
619 1307 727 1354 merce
750 1286 900 1364 beatum,

528 1409 709 1477 Comtantis
731 1409 883 1476 iuvenem
903 1407 985 1486 fide,

439 1561 587 1658 Gygen?
608 1567 664 1635 llle
686 1568 776 1634 Notis
798 1577 890 1634 actus
912 1567 955 1634 ad
977 1568 1110 1636 Oricum

442 1692 520 1757 Post
544 1691 657 1757 insana
680 1691 805 1776 Caprae
828 1689 937 1757 sidera
958 1689 1090 1778 frigidas

340 1852 394 1901 Vll.
413 1851 497 1901 lnscr.
517 1848 586 1913 volg.
616 1850 654 1901 Aa
669 1849 799 1912 aimon,
818 1853 845 1901 et
862 1852 901 1901 sic
917 1850 1003 1902 13ch
1025 1879 1053 1887 —
1071 1851 1110 1902 Act
1125 1853 1237 1902 Asterien
1256 1853 1335 1902 ααιὲα·

307 1927 346 1975 ται·
362 1926 493 1989 coniugem
510 1926 535 1974 S.
563 1950 591 1962 -
618 1923 642 1975 l.
662 1925 791 1975 Constanti
806 1923 889 1976 Aldus
907 1925 1000 1985 ltus,
1025 1936 1078 1974 non
1097 1925 1169 1974 ⁴5⁴9.
1206 1925 1247 1987 (Ut
1265 1937 1332 1983 nos,

309 2013 403 2051 omnes
420 2000 519 2060 nostri,
541 1998 669 2060 Bentleii,
688 1999 823 2062 Pottierli.)
852 2025 879 2035 -
908 1999 966 2063 fidei
983 1997 1078 2049 lthcd
1096 2001 1123 2048 et
1140 2010 1235 2049 omnes
1253 2001 1334 2050 Bent-

307 2073 350 2124 leii
368 2077 476 2138 praeter
492 2071 522 2136 o,
542 2075 587 2138 qui
602 2075 655 2139 fidi.
685 2073 724 2137 (Ut
741 2087 806 2135 nos,
825 2075 856 2134 S,
875 2071 968 2124 Lamb.
987 2071 1048 2136 aliq.
1068 2075 1096 2122 et
1113 2073 1222 2136 Cruquii
1239 2073 1331 2134 unus.)

307 2215 361 2264 Vll.
380 2215 501 2266 Asterien
519 2213 672 2266 consolatur
687 2215 722 2265 de
737 2215 802 2266 aml-
837 2215 865 2274 2,
884 2212 931 2263 35:
950 2212 1076 2262 Fauonius
1091 2225 1193 2262 τενατιιτ
1208 2217 1260 2272 est,·
1278 2239 1291 2250 -
1306 2211 1364 2274 {acb

277 2292 300 2338 ci
318 2289 453 2339 absentia:
472 2291 544 2339 huno
560 2289 668 2341 fidelem
690 2303 800 2341 manere
837 2288 1054 2348 tranquillitatum
1073 2287 1308 2338 Fcuooltuutems
1323 2285 1363 2336 dle

276 2364 326 2412 etsi
344 2361 378 2412 ab
395 2361 499 2427 hospita
512 2365 654 2424 tentetum;
673 2363 802 2428 puellam-
838 2362 891 2411 Vll.
910 2361 953 2412 vel
965 2363 1007 2412 lx.
1021 2361 1155 2436 Februarii
1173 2363 1199 2412 in
1215 2360 1288 2412 ltalia
1302 2362 1364 2412 llere

276 2449 330 2499 que
356 2437 475 2488 vicissim
502 2437 536 2486 ad
570 2439 747 2489 constentiam
774 2441 801 2488 in
837 2437 966 2501 incipiunt
983 2435 1021 2499 (V.
1039 2436 1117 2488 Voss.
1137 2437 1171 2486 ad
1188 2437 1258 2499 virg.
1278 2437 1328 2487 Ge.
1341 2437 1362 2494 t,

276 2523 369 2560 amore
380 2512 511 2572 hortatur,
529 2525 597 2575 quae
610 2514 664 2563 lam
675 2513 709 2563 ad
720 2512 801 2564 alium
838 2509 899 2572 is),
918 2510 990 2574 apud
1008 2523 1070 2571 nos,
1089 2523 1184 2561 mense
1201 2511 1306 2562 Martio.

276 2584 423 2636 formosum
451 2584 652 2637 adolescentem
681 2589 800 2638 animum
871 2585 895 2636 3.
922 2585 1007 2647 iligna
1025 2583 1115 2648 nume]
1134 2583 1271 2635 claudian.
1290 2585 1362 2636 Eutr.

276 2658 424 2710 inclinerat.
443 2658 723 2723 astquasiautibov
732 2674 803 2712 mer·
837 2659 867 2720 2,
885 2658 949 2710 sti:
974 2659 1051 2720 noni
1071 2659 1175 2709 tiraces
1191 2663 1282 2719 crocu,
1302 2669 1364 2722 quoe

277 2736 399 2785 catorum
424 2735 508 2786 vitum
531 2749 692 2800 amoresque
717 2736 800 2800 lyrioe
837 2747 904 2783 nunc
923 2733 1043 2795 Btttipoto
1063 2733 1154 2796 seruc.
1190 2733 1312 2784 Eustath.
1331 2731 1363 2782 sd

277 2809 444 2860 describens.
474 2811 578 2861 Asterie
590 2813 694 2870 autem,
713 2815 801 2874 Gyges
838 2808 948 2870 Dionys.
972 2808 1074 2870 Perieg.
1093 2807 1156 2856 793:
1180 2805 1301 2873 Λέγεται
1319 2800 1362 2857 ὅτι

277 2886 390 2946 eiusque
415 2884 520 2948 hospite
546 2883 642 2946 Chloe,
674 2887 800 2950 Enipeus,
834 2877 892 2962 ξῆν
912 2875 972 2930 ἀπὸ
992 2874 1149 2951 Βοσπόρου
1170 2877 1225 2946 γῆν
1245 2874 1302 2944 ἕως
1318 2879 1362 2933 s'xt

278 2971 372 3009 omues
380 2960 443 3008 sunt
453 2971 585 3023 personae
595 2973 610 3009 a
621 2961 701 3024 poe'te
712 2961 799 3010 lictae.
842 2952 979 3021 Ρὴβαντα
996 2955 1116 3006 Βιθυνοί
1129 2969 1199 3006 τοτε
1210 2957 1361 3017 κατέσχον·

277 3035 331 3083 Nos
342 3032 453 3096 quidem
470 3033 503 3084 ad
514 3047 541 3083 v.
555 3035 595 3085 io.
607 3034 676 3085 haec
693 3034 804 3085 Schola·
839 3025 892 3096 τὴν
908 3028 940 3081 δὲ
956 3025 1047 3082 αὐτοῦ
1066 3029 1198 3082 ἐπέκεινα
1217 3029 1265 3082 ἐπὶ
1287 3028 1363 3082 Πόν-

277 3108 336 3158 stici
353 3106 494 3158 cuiusdam
515 3109 667 3174 interpretis
686 3123 730 3160 vv.
749 3123 802 3160 non
838 3119 891 3156 τον
908 3099 1022 3177 ὀρεινὴν
1039 3105 1070 3154 οἱ
1085 3105 1175 3157 Θυνοὶ
1191 3099 1282 3167 ἔσχον
1297 3099 1363 3178 ἄχρι

279 3181 476 3234 exscribamus:
507 3183 647 3234 «Debuere
664 3185 733 3235 adeo
751 3187 804 3236 lto-
840 3175 974 3246 ποταμοῦ
991 3176 1132 3245 Κάλητος·
1150 3173 1191 3243 ὥς
1207 3176 1282 3232 εἶναι
1296 3175 1363 3246 ὁμο

279 3269 340 3308 mse
363 3258 418 3307 noli
435 3269 495 3308 esse
513 3255 610 3308 chloes
632 3271 723 3309 mores
743 3271 803 3310 me·
839 3270 909 3327 ρους
934 3251 1003 3319 τούς
1030 3269 1062 3306 τε
1087 3251 1201 3320 Θονοὺς
1225 3257 1276 3307 καὶ
1298 3252 1363 3318 τοὺς

279 3331 408 3382 retricii.»
450 3331 669 3394 (compositionis
696 3335 803 3397 tempus
840 3327 994 3394 Βιθυνούς.
1020 3357 1047 3367 -
1073 3328 1148 3395 Τοὺς
1169 3329 1200 3383 δὲ
1222 3326 1364 3394 Βιθυνοὺς

280 3417 391 3468 prorsus
419 3406 552 3456 incertum
581 3407 631 3456 est.
677 3407 805 3458 lieleruut
840 3407 890 3457 καὶ
907 3401 1139 3469 ναυτικωτάτους
1156 3405 1308 3492 ἱστοροῦσι
1323 3419 1364 3473 γε·

280 3477 397 3529 nonnulli
413 3478 449 3528 ud
464 3492 488 3528 a.
508 3493 534 3529 u.
553 3493 576 3529 c.
596 3481 664 3542 729.)
841 3481 944 3532 νέσθαι
960 3481 1043 3544 ποτε,
1062 3481 1112 3532 aut
1128 3475 1182 3548 τὴν
1199 3477 1296 3532 αυτῶν
1312 3477 1362 3548 γῆν

313 3553 337 3600 l.
357 3565 430 3614 quem
446 3552 498 3618 tibi]
517 3555 595 3618 Finge
614 3555 662 3606 tibi
679 3556 803 3607 iuvenem
841 3552 1000 3626 παμφόρον
1015 3555 1113 3607 τεκαὶ
1131 3549 1281 3628 εὔδενδρον
1294 3551 1362 3608 εἶναι

280 3630 473 3687 mercatorem,
488 3631 534 3692 qui
545 3631 572 3679 in
583 3631 733 3694 Bithyniam
744 3643 806 3695 pro-
841 3645 918 3692 φασι
949 3629 999 3681 καὶ
1032 3627 1203 3694 λιθοτομίας
1238 3625 1362 3691 ἔχουσιν

280 3701 458 3752 lectusvariis
471 3703 608 3753 mercibus
626 3703 804 3769 ihioocmptis
842 3701 990 3764 πολλαχοῦ
1024 3705 1075 3756 καὶ
1107 3701 1304 3775 κρυστάλλους
1335 3703 1363 3756 ἐν

280 3774 511 3841 appropinquante
552 3777 640 3828 hieme
682 3777 803 3840 rediens,
842 3774 923 3850 ὄρεσι
947 3775 1085 3842 φύουσαν
1107 3781 1157 3831 καὶ
1177 3773 1253 3831 ἄλλα
1275 3775 1362 3832 πολλὰ

280 3849 365 3900 ventis
387 3847 508 3900 adversis
525 3850 559 3900 ad
576 3849 684 3904 Oricum
701 3849 805 3903 delatus
841 3849 970 3914 ἔχουσαν
991 3847 1098 3922 ἀγαθά.
1125 3882 1153 3892 -
1176 3854 1284 3920 hectun]
1308 3853 1363 3906 «di-

279 3927 359 3988 atque
386 3921 549 3988 aliquamdiu
577 3925 714 3988 detentus,
742 3941 805 3979 cum
842 3930 953 3980 tetum.»

280 4011 355 4051 mare
372 3998 425 4050 iam
440 3996 562 4049 clausum
574 4001 659 4060 esset,
678 4013 747 4051 novo
759 4001 805 4052 de-
875 4002 899 4054 i.
928 4003 985 4067 tilla]
1013 4004 1144 4067 genitivus
1172 4003 1310 4066 antiquus,
1338 4003 1363 4052 ut

279 4085 355 4124 mum
376 4085 441 4122 vere
462 4071 497 4122 ad
516 4072 631 4124 amicam
648 4065 736 4126 redire
754 4089 805 4140 po·
842 4076 916 4128 Ouid.
937 4079 997 4128 lllet.
1016 4078 1045 4138 3,
1064 4075 1127 4130 att:
1154 4077 1242 4127 Prima
1257 4079 1307 4140 με
1321 4089 1363 4126 co·

281 4149 349 4199 terit.
371 4175 398 4184 -
412 4148 520 4213 casdim]
540 4149 657 4210 moreni,
677 4149 803 4202 hibernas
841 4153 925 4214 cuque
940 4157 1015 4203 rotae
1035 4151 1180 4203 καταστᾶσα.
1218 4153 1270 4202 Sat.
1290 4152 1318 4210 l,
1335 4149 1361 4206 ³,

280 4223 366 4275 nubes
384 4222 548 4289 abigentes.»
574 4223 657 4277 Pleut.
677 4225 759 4280 llere.
773 4227 802 4288 5,
841 4226 882 4278 95.
901 4227 1032 4278 corimbos
1052 4227 1101 4291 tite
1124 4227 1204 4278 dativ.
1224 4227 1295 4290 Virg.
1319 4227 1361 4274 Ge.
