3002 4974
608 507 612 513 ι
649 439 778 489 aoaaru
796 438 966 492 cintuuuu

640 1025 981 1091 cmm.

439 1246 561 1312 lustum
583 1252 615 1309 et
636 1252 785 1309 tenacem
806 1242 964 1330 propositi
987 1243 1091 1310 virum

332 1444 374 1494 iii.
400 1444 481 1493 inscr.
500 1439 569 1504 vulg.
594 1441 633 1490 Ad
650 1439 782 1490 Caesarea
800 1439 947 1505 deportem.
969 1464 997 1477 -
1014 1441 1054 1490 Ad
1068 1442 1154 1493 limae
1169 1443 1326 1508 delumine

299 1518 327 1570 b.
345 1545 372 1554 -
384 1519 423 1568 Ad
440 1518 574 1580 Quietum
589 1517 641 1566 atet
656 1515 789 1566 Romulum
805 1515 831 1565 S.
847 1542 875 1551 -
886 1515 925 1565 Ad
940 1517 1080 1580 depretiari
1095 1517 1124 1568 Τ.
1144 1543 1172 1553 -
1184 1519 1223 1568 Ad
1238 1521 1326 1570 iim

299 1595 329 1644 de
344 1595 455 1657 depasto
472 1593 515 1654 qai
531 1593 558 1640 ic
570 1591 700 1654 proposito
718 1589 818 1640 videtur
834 1602 997 1653 perseuerare
1014 1604 1037 1642 c.
1059 1618 1086 1630 -
1117 1593 1141 1642 t.
1158 1590 1190 1656 et]
1208 1606 1241 1642 ac
1256 1595 1276 1644 F
1293 1608 1327 1646 ex

299 1668 481 1734 Porphyrione
499 1669 526 1718 in
541 1666 681 1728 lemmate,
700 1665 749 1717 sed
766 1665 839 1717 idem
856 1664 942 1717 Schol.
961 1679 1025 1718 mox
1040 1673 1072 1729 et,
1090 1669 1120 1718 ut
1137 1667 1222 1720 codd.
1241 1671 1307 1721 mei.

301 1847 343 1897 111.
370 1845 553 1896 Constantiam
571 1846 599 1895 et
615 1843 797 1894 tortitudinem
833 1843 994 1908 lancinant.)
1027 1845 1082 1896 Hae
1103 1846 1162 1910 ipsa
1178 1847 1302 1898 emtione
1319 1849 1357 1900 in-

267 1920 391 1971 nomenis
409 1921 546 1981 tamquam
562 1919 720 1982 praecipuas
737 1929 798 1968 ma·
834 1917 931 1969 ductus
949 1919 1116 1980 estiternia,
1134 1921 1357 1974 utEnniiveraue

267 1996 352 2045 iorum
370 1995 490 2054 unates,
509 1994 588 2044 nimis
604 1993 687 2044 aenis
700 2005 798 2056 aequa·
834 1991 960 2044 disiectos
988 1995 1023 2044 ita
1052 1999 1229 2060 componeret
1262 1996 1355 2048 anno.

266 2066 336 2120 libus
371 2065 522 2132 neglectas,
558 2067 796 2118 commendaturus
834 2066 889 2117 Lib.
913 2069 935 2118 i.
963 2081 990 2133 p.
1013 2067 1070 2120 430.
1091 2071 1187 2120 Ηεεε.ε
1222 2072 1359 2134 Respondet

266 2141 389 2208 exempla
407 2141 534 2204 Pollucis,
554 2141 689 2204 Herculis,
708 2133 797 2193 Liberi
832 2143 894 2192 laeto
919 2143 1043 2194 Samia
1066 2149 1156 2194 senato
1177 2146 1302 2197 decem
1321 2173 1357 2186 --

266 2219 361 2284 patris,
385 2219 496 2282 propter
518 2215 575 2268 ilias
593 2219 666 2282 ipsae
682 2218 797 2267 uirtutes
833 2218 951 2267 Βοηιιαιιε
975 2219 1002 2268 tc
1020 2219 1089 2269 coelo
1109 2233 1167 2270 men
1186 2221 1225 2270 dis
1239 2223 1359 2285 penituit-

265 2290 336 2344 inter
360 2291 426 2343 deos
452 2295 637 2357 receptorum,
656 2291 795 2356 proponit;
832 2289 877 2340 bate
898 2305 986 2342 neuma
1000 2294 1101 2357 licoat:
1123 2307 1186 2345 cum
1204 2297 1283 2360 prior
1302 2311 1360 2348 ver·

266 2367 365 2433 quibus
398 2367 544 2419 admodum
575 2366 669 2416 dentm
703 2365 795 2430 paucis
832 2365 932 2418 siculus
952 2380 968 2418 a
989 2367 1118 2419 Columna
1143 2369 1259 2421 reiectus
1284 2373 1319 2423 sit
1334 2373 1358 2422 in

266 2441 369 2502 verbis,
394 2454 428 2491 ne
450 2442 530 2491 nimia
555 2441 651 2492 evadat
668 2437 792 2500 adulatio,
831 2443 899 2492 Anu.
918 2443 975 2494 Lib.
995 2443 1019 2493 6.
1055 2445 1156 2495 Verum
1179 2457 1243 2496 cum
1265 2459 1312 2498 ree
1328 2447 1360 2498 eit

267 2517 360 2567 inserit
374 2517 533 2579 Augustum.
568 2514 714 2583 Plurimum
728 2527 794 2564 vero
831 2529 942 2580 prorsus
968 2519 1081 2580 incerta,
1110 2519 1223 2570 Ennium
1250 2521 1358 2572 lioratio

266 2593 423 2642 immoratur
456 2591 483 2640 in
515 2589 619 2641 Romuli
651 2589 792 2650 laudibus,
831 2593 892 2642 ante
919 2591 1011 2644 oculos
1028 2593 1109 2645 inisse
1127 2595 1295 2646 contendere
1312 2610 1358 2647 no-

267 2665 354 2726 cuius,
377 2666 408 2715 ut
423 2664 460 2714 ita
476 2665 577 2727 dicam,
600 2658 794 2735 ἀντίστροφος
831 2664 886 2717 iim.
927 2668 1004 2728 Quod
1029 2669 1119 2718 autem
1144 2669 1276 2720 Iunonem
1306 2674 1358 2721 tam

266 2741 326 2790 erat
346 2742 493 2803 Augustus,
520 2739 588 2790 aiter
612 2739 717 2804 imperii
742 2740 795 2790 ao-
832 2753 927 2791 severe
945 2743 1070 2792 Romanis
1094 2742 1255 2794 interdicere
1275 2745 1357 2810 fingit.

267 2815 336 2866 mani
354 2815 484 2877 eonditor,
503 2817 583 2879 atque
597 2813 794 2879 perquendem
831 2828 865 2866 ne
897 2829 1016 2880 unquam
1049 2817 1191 2868 restituant
1220 2819 1359 2884 antiquam

265 2891 387 2955 poeticae
405 2891 569 2953 φωιτασίας
585 2890 694 2955 pienum
711 2889 796 2954 impe·
830 2888 902 2940 iiiam
919 2891 1024 2942 Troiam
1050 2891 1111 2954 (non
1135 2893 1208 2955 quod
1226 2895 1293 2945 tunc
1310 2894 1359 2945 sse-

266 2968 322 3017 tum
341 2965 364 3028 (a
377 2978 468 3030 quor.
490 2966 531 3016 69.
551 2979 580 3016 se
600 2966 659 3030 ipse
675 2963 792 3023 revocati
831 2963 910 3015 rebat
936 2964 1034 3029 Ilium),
1065 2965 1092 3016 id
1117 2967 1245 3032 equidem
1271 2983 1306 3019 ex
1327 2981 1357 3019 ee

266 3041 374 3104 exponit
390 3038 486 3093 elatam
503 3053 536 3091 ac
553 3039 696 3091 sublimem
714 3041 795 3090 luno·
832 3038 942 3090 ductum
959 3042 1039 3104 puto,
1058 3040 1131 3104 quod
1148 3055 1213 3093 casu
1230 3041 1359 3094 recorde-

266 3116 306 3166 nis
334 3114 368 3166 de
396 3114 508 3166 Romulo
533 3115 567 3166 ad
596 3117 701 3166 ceteros
727 3113 794 3164 deos
831 3116 874 3166 tue
896 3117 969 3166 esset
989 3113 1131 3180 aliquando
1155 3115 1223 3168 iliius
1241 3117 1277 3169 de
1295 3119 1359 3170 Cae-

266 3191 422 3242 orationem.
451 3191 546 3254 (Quam
562 3189 672 3254 quidem
688 3190 794 3254 partem
831 3201 892 3239 sare
909 3191 1043 3252 rumoris,
1061 3191 1136 3242 cuius
1153 3192 1277 3242 meminit
1294 3193 1359 3244 sue·

266 3265 390 3316 carminis
416 3277 480 3315 sane
506 3265 686 3316 necessariam
711 3263 792 3314 baisse
831 3264 919 3314 tonius
937 3263 1014 3315 Caes.
1033 3264 1091 3326 ra,
1113 3265 1159 3316 ubi
1177 3267 1247 3317 inter
1264 3279 1358 3318 caum

265 3339 326 3389 ideo
338 3339 455 3391 maxime
468 3338 594 3403 equidem
606 3338 704 3400 iudico,
718 3337 791 3402 quod
831 3337 922 3389 caedis
931 3337 1054 3390 Caesaris
1063 3339 1132 3392 banc
1142 3353 1252 3404 qnoque
1263 3341 1356 3392 reiert:

265 3408 382 3479 γνώμας
406 3425 450 3464 vv.
471 3413 570 3464 t-te.
598 3413 647 3463 etsi
671 3412 793 3475 imagini-
832 3413 898 3474 Oete
922 3413 998 3463 etima
1022 3415 1100 3464 ectio
1123 3414 1196 3477 sorae
1217 3415 1359 3478 percrebuit

265 3487 318 3538 bus
335 3487 435 3551 aliquot
451 3489 558 3538 ornatas
575 3488 601 3538 in
618 3489 673 3538 tam
685 3485 793 3538 sublimi
830 3488 1002 3551 mirratum
1023 3488 1206 3540 Maeandrium
1224 3490 1265 3540 uel
1285 3489 1358 3540 iliata

267 3563 385 3614 carmine
419 3563 543 3626 excipere
571 3560 691 3614 debebat
716 3560 792 3612 locus
830 3561 961 3612 trmtelotte
984 3563 1060 3613 umal
1082 3563 1170 3627 opibus
1191 3565 1292 3626 tarpeii
1309 3575 1357 3614 eer-

266 3651 330 3688 vere
349 3651 411 3688 cum
429 3639 550 3702 poeticus
567 3639 624 3688 tum
641 3638 793 3688 etiamora-
829 3637 969 3698 hortatuque
992 3639 1069 3688 ltalia
1094 3637 1225 3688 delecttlrue
1250 3644 1274 3689 et
1293 3651 1357 3701 pro·

266 3713 364 3774 torius,
385 3714 496 3776 propter
513 3713 565 3762 hoc
581 3713 670 3776 ipsum
686 3711 721 3762 ad
739 3713 792 3762 iio·
830 3713 961 3762 curatione
998 3711 1069 3762 ilrbie
1104 3713 1193 3763 micis
1226 3713 1356 3776 pentem.

266 3797 408 3837 manorum
425 3786 560 3849 ingenium
577 3799 659 3850 quam
675 3787 791 3837 maxime
830 3787 888 3837 Non
915 3786 989 3850 quod
1019 3788 1169 3850 augustus,
1209 3787 1359 3838 dominator

266 3861 421 3925 appositus;
456 3872 538 3923 quem
563 3861 609 3924 qui
633 3861 792 3925 praesertim
832 3861 910 3912 nimis
936 3859 1047 3913 callidus
1076 3875 1108 3912 ec
1135 3861 1269 3926 prudens,
1306 3859 1357 3910 hoc

266 3937 375 4000 propter
392 3933 575 3999 inaequalem,
597 3937 627 3986 ut
644 3933 792 4000 opinaban—
830 3934 903 3986 idem
929 3933 1070 3987 consilium
1096 3948 1216 3999 unquam
1238 3935 1355 3999 ugitafflt

266 4012 323 4071 tur,
342 4011 377 4060 ad
394 4012 516 4061 ceterum
533 4022 642 4060 carmen
659 4010 791 4062 rationem
830 4009 932 4061 nullum
957 4011 1029 4062 enim
1055 4011 1133 4061 huius
1155 4011 1195 4060 rei
1218 4009 1357 4072 ratiginm

266 4097 298 4135 ac
325 4084 459 4148 quandam
485 4087 513 4135 et
543 4085 736 4136 secundarum
765 4087 793 4136 et
830 4084 909 4136 nobis
926 4086 1063 4136 servatum
1082 4087 1137 4144 est,
1155 4097 1208 4136 nec
1224 4083 1352 4149 proiecto.

266 4159 412 4210 verborum
429 4158 633 4210 redundantiam
657 4159 793 4225 vitupera·
829 4161 852 4212 si
878 4160 930 4210 boc
959 4160 1048 4210 animo
1079 4157 1219 4220 voluisset,
1258 4155 1352 4209 liorau'i

266 4236 341 4295 runt,
360 4233 512 4286 libertatem
528 4235 638 4298 vimque
655 4233 731 4298 lyrici
747 4247 793 4298 ge·
831 4237 889 4286 erat
906 4235 930 4285 ai
948 4232 1000 4286 tale
1017 4235 1185 4299 propositum
1196 4234 1314 4285 carmine
1330 4232 1356 4280 in

267 4311 338 4363 nens
354 4323 416 4364 sese
434 4323 530 4376 parum
547 4321 628 4364 nosse
646 4309 715 4364 clare
732 4323 794 4376 pro·
830 4307 923 4374 volgus
949 4308 1021 4362 edito
1047 4307 1220 4366 dissuadere;
1247 4305 1306 4368 sed,
1330 4305 1356 4354 ni
