3002 4974
624 501 627 506 Ι
704 434 833 484 nourrii
851 432 1019 483 crumilum

702 969 1022 1037 emn-

489 1149 665 1234 Angustam
688 1143 791 1210 amice
813 1141 1004 1230 pauperiem
1025 1139 1091 1228 peti

488 1267 652 1335 llobustus
675 1265 741 1333 aeri
763 1262 876 1330 militia
897 1283 982 1350 puer

533 1386 706 1456 Condisoat
727 1396 759 1452 et
778 1383 913 1452 Parthos
935 1383 1061 1452 feroces

388 1589 419 1638 ll.
438 1589 521 1638 lusor.
535 1584 604 1650 volg.
622 1587 661 1636 Ad
673 1585 765 1648 pubem
780 1587 929 1635 nooman.
945 1611 974 1620 -
985 1583 1024 1634 Aa
1040 1585 1134 1635 omiem
1148 1585 1199 1635 ΒΤ.
1218 1611 1246 1620 -
1266 1583 1305 1634 Art
1315 1585 1373 1634 oriri·
1482 1621 1483 1650 3

353 1677 394 1712 eor
403 1663 555 1726 poenaliter
563 1663 589 1711 S.
602 1688 630 1698 -
643 1661 683 1711 De
693 1661 846 1710 instillatione
857 1660 892 1708 ud
902 1659 996 1708 anetem
1005 1659 1117 1721 loquimur
1128 1673 1143 1710 e
1155 1658 1191 1722 (et
1202 1657 1221 1708 b
1233 1658 1260 1709 lu
1271 1661 1370 1722 margi.

357 1765 385 1774 -
405 1738 429 1786 4.
448 1737 524 1786 anie
540 1738 572 1786 Lt
589 1737 617 1786 et
634 1749 667 1785 ex
684 1734 790 1785 duobus
807 1732 945 1784 Pulmanui
962 1731 1047 1784 Bentl.
1066 1734 1130 1796 llei,
1149 1733 1261 1798 cruquii
1278 1735 1306 1783 et
1320 1735 1374 1784 Pet·

354 1813 423 1862 tierii
439 1824 535 1862 omnes
552 1811 639 1862 mirice.
661 1837 689 1848 ·-
708 1810 732 1860 3.
750 1809 840 1873 ferocis
855 1810 885 1860 B.

355 1989 386 2040 ll.
416 1988 473 2040 lieo
499 1999 607 2051 quoque
633 1987 752 2038 carmine
776 2001 849 2053 γνω-
864 1984 869 2044 Ι
884 1987 936 2038 Ait.
950 1986 978 2050 6,
992 1988 1020 2047 4,
1033 1985 1067 2049 3.)
1079 1986 1211 2037 elenerter
1226 1986 1296 2050 [mu
1305 1986 1394 2048 4444444

322 2057 413 2130 paup,
436 2075 501 2112 vere
522 2063 654 2123 Romano,
682 2062 849 2112 iuventutem
884 2061 1019 2114 Weberue
1047 2075 1125 2114 meus
1152 2075 1272 2127 eumque
1305 2063 1401 2114 secutus
1482 2109 1483 2128 ᾖ

324 2138 359 2190 ed
376 2136 518 2188 imitandas
534 2137 668 2188 maiorum
681 2137 793 2188 virtutes
806 2150 850 2188 ex·
885 2136 992 2188 Lubker
1002 2137 1042 2188 sie
1056 2135 1204 2202 explicant:
1225 2131 1360 2198 ιφιλικῶς
1373 2133 1401 2184 ed

323 2214 453 2263 hortatur.
489 2213 578 2263 Primo
595 2213 674 2275 igitur
694 2210 753 2263 loeo
773 2225 850 2263 eom-
885 2211 998 2262 modum
1029 2211 1144 2262 heroum
1175 2209 1283 2262 illorum
1307 2208 1401 2274 nugalis

323 2288 434 2340 meudat
449 2286 719 2350 virtutembellicam,
739 2289 851 2352 queho-
886 2287 957 2346 eevi,
994 2285 1039 2349 qui
1064 2287 1250 2350 paupertatem
1276 2287 1401 2349 nmquam

324 2365 379 2414 stes
397 2363 552 2423 devincant,
571 2364 684 2427 patriam
699 2363 850 2414 custodiant
886 2373 977 2410 caram
984 2360 1080 2411 domus
1090 2361 1242 2410 consortem
1252 2360 1401 2412 habebant·

323 2439 468 2502 spretaque
484 2435 584 2500 volgari
601 2435 745 2488 ambitione
757 2451 849 2489 veram
887 2436 944 2496 Qua
964 2435 1055 2484 tamen
1074 2435 1177 2484 ratione
1198 2432 1333 2498 eliquanto
1353 2431 1402 2498 plus
1482 2465 1483 2482 r

325 2511 437 2576 gloriam
465 2511 515 2562 sihi
543 2513 652 2575 parent;
683 2511 794 2574 deinde,
821 2517 851 2564 ut
886 2511 913 2559 in
931 2509 1067 2559 notionem
1083 2521 1109 2557 v.
1128 2509 1210 2558 emim
1226 2509 1318 2559 inlerri
1338 2505 1402 2557 ricle-
1482 2531 1483 2550 r

325 2585 454 2650 pietatem
465 2598 528 2648 erga
541 2585 607 2636 deos
618 2586 782 2638 immortales
794 2589 852 2639 iun·
887 2587 944 2646 tur,
964 2595 1045 2646 quam
1071 2595 1104 2632 eo
1130 2583 1283 2646 exprimere
1309 2579 1403 2633 volebat
1482 2589 1483 2638 j

326 2661 397 2710 etam
423 2671 533 2724 semper
558 2672 620 2710 eum
645 2659 698 2712 fide
720 2661 851 2716 adversus
887 2659 975 2722 poitu.
1010 2656 1059 2708 Alii
1075 2656 1168 2718 amici,
1187 2669 1307 2720 quocum
1324 2653 1403 2708 ceule·
1482 2669 1483 2682 ³

325 2733 450 2785 homines
475 2733 579 2798 colant,
613 2735 725 2798 suadet,
763 2739 851 2788 certas
887 2734 950 2783 runt
966 2731 1014 2783 0d.
1034 2731 1058 2794 l,
1076 2731 1118 2792 27,
1136 2731 1161 2781 7.
1181 2733 1208 2781 et
1225 2731 1273 2782 0d.
1293 2727 1401 2792 ueni:

325 2807 422 2860 sceleri
438 2821 539 2874 poenas
556 2808 701 2861 destinates
718 2825 852 2864 essemo-
887 2807 995 2868 socialem
1022 2803 1184 2871 itemEpod.
1204 2805 1296 2866 ime:
1325 2803 1404 2866 rupie

326 2896 402 2933 nens.
438 2884 481 2933 Sio
506 2883 573 2935 duas
598 2887 757 2950 praecipuas
782 2887 851 2937 vitae
888 2895 958 2941 mus,
997 2881 1085 2943 mutet,
1121 2881 1282 2930 Occasionem
1309 2882 1338 2930 de
1363 2877 1402 2926 dle.

327 2956 410 3009 eivilis
421 2959 512 3022 partes
523 2957 622 3009 extollit
633 2962 714 3023 etque
726 2974 854 3011 exerceri·
888 2957 990 3006 Verum
1006 2955 1058 3005 hoe
1075 2953 1185 3018 quidem
1196 2953 1257 3005 loeo
1269 2956 1403 3005 amieorum

332 3033 381 3084 dns
398 3034 581 3096 commendat,
607 3035 734 3087 uirtutem
754 3038 782 3086 et
798 3037 855 3101 pie-
890 3028 1030 3095 appellatio
1055 3041 1151 3094 pamm
1175 3031 1237 3093 apta
1266 3031 1324 3091 est,
1352 3037 1404 3076 euru

328 3108 420 3158 taem.
457 3108 503 3171 (ne
532 3109 607 3160 reete
638 3109 854 3163 administrandis
891 3104 967 3154 amici
988 3103 1095 3154 efficere
1119 3105 1269 3168 nequeant,
1296 3105 1326 3153 at
1341 3104 1404 3152 rure

328 3181 486 3234 muneribus
498 3182 611 3247 publicis
622 3197 675 3234 non
687 3183 812 3248 loquitur,
826 3187 857 3236 ut
892 3191 940 3230 nes
965 3179 1076 3229 Romani
1101 3179 1289 3242 paupertatem
1318 3175 1405 3228 territe

330 3255 453 3307 Ltihlrero
461 3257 612 3318 usonem
628 3271 691 3309 nam
698 3257 853 3310 veli-24.
892 3253 946 3318 peti
963 3253 1076 3304 diseunt.

330 3344 446 3396 eprevo
462 3345 544 3382 aurae
561 3331 697 3396 popularis
709 3332 797 3383 studio
810 3334 857 3384 de-
925 3330 951 3379 2.
979 3329 1036 3378 aori
1059 3326 1165 3392 militia]
1193 3325 1284 3376 ulons
1312 3320 1404 3376 militiae

328 3405 664 3471 hortaturi-suspicatus
672 3408 713 3457 est
721 3419 856 3458 nonnemo
893 3415 944 3453 usu
970 3403 1050 3465 atque
1076 3399 1265 3451 exercitatione
1290 3400 1357 3450 haue
1373 3393 1405 3444 la·

330 3480 383 3530 hoo
400 3493 509 3531 carmen
525 3481 551 3530 in
569 3479 713 3542 Liberalia,
743 3481 856 3545 quodie
893 3477 967 3528 boris
992 3475 1176 3536 tolerantiam,
1202 3475 1230 3526 in
1253 3487 1307 3539 qua
1322 3481 1405 3535 saepe-

330 3553 407 3617 pueri
418 3556 507 3618 togam
516 3553 620 3605 virilem
629 3553 781 3615 sumebant,
795 3558 859 3607 scri-
893 3564 1007 3602 numero
1024 3551 1094 3600 vitae
1112 3548 1261 3600 commodis
1273 3545 1405 3600 carendum

330 3630 407 3692 ptum
423 3641 501 3690 esse,
528 3629 577 3680 sed
598 3629 678 3680 huius
698 3630 738 3680 rei
755 3629 857 3682 nullum
895 3628 944 3688 est,
963 3624 1101 3676 condiscat
1110 3637 1179 3689 puer
1190 3623 1342 3674 robustae·
1370 3617 1404 3667 Sic
1482 3687 1483 3696 ἵ

328 3713 441 3765 prorsus
473 3703 500 3754 in
534 3715 567 3754 eo
603 3703 674 3754 inest
705 3704 855 3768 vestigium.
894 3701 967 3752 enlm
984 3701 1078 3763 lungo,
1098 3712 1152 3749 non
1171 3711 1249 3748 vero:
1278 3694 1405 3746 «robustus
1482 3699 1483 3750 j

332 3775 516 3840 Compositum
542 3777 649 3828 videtur
665 3790 689 3827 a.
709 3789 736 3827 u.
756 3791 779 3827 c.
798 3778 855 3830 726.
895 3775 1047 3827 iaetueacri
1058 3771 1175 3824 militia.»
1204 3771 1294 3835 Eurip.
1315 3770 1403 3829 linem·

894 3849 967 3901 Alex.
982 3850 1029 3898 re:
1054 3847 1146 3900 Herio
1155 3845 1186 3897 δὲ
1197 3842 1338 3912 δύστηνον
1346 3841 1404 3907 μέν,

364 3927 387 3975 4.
406 3925 494 3991 rorice]
511 3925 619 3990 proprie
636 3926 777 3976 «amiooin
797 3941 858 3978 eam
894 3919 956 3975 ἀλλ’
996 3917 1077 3988 ὅμως
1118 3923 1216 3994 τρέφει
1254 3911 1405 3980 Μοχθοῦντ“

332 3999 449 4061 animo»,
485 4001 512 4050 id
537 4002 590 4062 eet,
626 4001 730 4050 «auimo
755 4014 855 4065 aequo,
893 3993 1003 4064 ἀμείνω
1024 3999 1112 4050 τέκνα
1127 3998 1177 4048 καὶ
1201 3992 1362 4069 δραστήρια.
1381 4013 1403 4024 ··

330 4075 472 4138 patienter,
492 4076 549 4126 sine
561 4087 643 4139 prava
655 4077 855 4140 repugnantia»,
890 4075 964 4139 puer]
982 4073 1060 4138 Apud
1077 4075 1211 4124 Romanos
1228 4075 1301 4122 aetas
1320 4065 1403 4118 millu·

331 4161 383 4199 ueu
408 4148 520 4201 tortasse
545 4149 637 4210 uuioo,
670 4150 720 4200 sed
747 4162 857 4201 aoeom-
894 4151 930 4200 rie
956 4149 1031 4198 xvii.
1057 4147 1151 4198 aetatis
1176 4159 1247 4198 anuo
1270 4137 1402 4206 incipiebu·

331 4222 440 4274 modale
465 4224 500 4275 ad
517 4225 680 4275 Graecorum
702 4217 857 4291 ἀγαπητῶς
894 4224 942 4288 (Cl.
967 4221 1081 4274 Gellii.
1106 4223 1136 4272 Δ.
1160 4222 1205 4282 ro,
1229 4221 1270 4272 28.
1297 4219 1347 4270 liv.
1365 4211 1403 4266 ii,

330 4299 445 4368 φέρειν,
468 4301 496 4348 et
511 4298 546 4349 ad
562 4299 715 4350 Latinorum
739 4299 802 4362 (Cic.
821 4299 856 4349 ud
894 4300 921 4349 44
943 4299 1006 4358 eet.)
1100 4323 1102 4334 =
