3002 4974
597 515 601 522 .
698 481 826 531 acuatu
844 479 1014 530 (maurium

525 637 678 724 integer?
701 634 756 702 lile
779 635 849 700 dies
871 645 1043 721 utramque

438 800 542 862 Ducet
564 795 699 861 ruinam.
743 797 812 859 Non
835 813 896 879 ego
918 791 1078 879 perfidum

436 918 507 982 Dixi
530 925 780 983 sacramentum:
805 913 938 990 ibimus,
963 912 1098 991 ibimus,

478 1040 645 1125 Utcunque
669 1034 867 1123 praecedes,
892 1055 1080 1122 supremum

522 1160 663 1246 Carpere
686 1159 747 1224 iter
769 1157 903 1222 comites
925 1156 1037 1244 parati.

376 1389 399 1436 8.
418 1387 465 1435 illu
482 1384 565 1435 Codd.
586 1383 646 1446 aliq.
668 1383 762 1446 (nostri
784 1396 850 1440 uon;
881 1383 1003 1433 neutram
1023 1380 1085 1432 leet.
1106 1385 1259 1434 memorant
1279 1381 1356 1434 Bauli.

343 1464 370 1511 al
382 1460 461 1522 ¹Polt.)
484 1486 511 1494 -
530 1459 553 1508 9.
573 1471 617 1508 nec
633 1471 679 1522 spo
697 1459 722 1506 S.

308 1657 353 1708 aa:
381 1655 409 1706 st
428 1656 531 1718 passas
545 1654 672 1714 voramus,
699 1653 720 1702 a·
743 1653 835 1702 sota
870 1651 1175 1715 ammanuensium
1192 1653 1218 1702 a
1235 1659 1313 1704 mora
1326 1655 1387 1705 aaa
1484 1631 1485 1720 ff

307 1733 390 1782 vivae
411 1731 475 1779 cori.
511 1727 559 1778 atii
581 1741 613 1777 ex
631 1741 656 1778 v.
675 1728 700 1777 2.
719 1727 773 1777 huc
790 1740 835 1776 ar·
871 1727 972 1777 emulis
989 1728 1123 1790 augustae
1135 1728 1384 1779 taurinorumt8ti.
1484 1773 1485 1788 ,

309 1807 417 1856 cessant
442 1805 479 1854 dis
504 1816 594 1864 carra,
625 1801 699 1865 quod
725 1801 834 1852 forsitan
872 1799 897 1852 i.
925 1828 953 1836 -
975 1803 1098 1864 pertidum
1118 1802 1183 1851 Diei
1205 1803 1386 1866 sacramentali]
1484 1807 1485 1820 ¹

309 1879 417 1930 delendi
440 1877 524 1941 possit
546 1889 579 1926 ex
602 1877 650 1925 Od.
676 1877 705 1935 t,
723 1875 769 1937 ³⁴,
788 1875 832 1925 43:
873 1875 1036 1938 «pateram»
1074 1877 1182 1940 Proprie
1215 1875 1317 1928 locutus
1343 1879 1384 1926 est.

308 1955 355 2005 Dis
372 1965 448 2003 com
463 1953 537 2013 ipsis
556 1951 605 2000 sed
622 1949 699 2013 longe
717 1953 836 2014 praestat
873 1950 1011 1999 Caesarii.
1023 1951 1051 1999 C.
1069 1951 1152 2011 hi&
1168 1951 1260 2001 Milites
1270 1953 1385 2002 Dornitiu-
1484 1955 1485 2008 j

308 2029 381 2092 prior
393 2027 473 2084 ratio,
492 2029 522 2076 ut
533 2025 604 2076 dicat
616 2039 660 2076 use
673 2025 835 2076 amissurum
871 2038 917 2073 nos
927 2029 1113 2074 sacromentum
1122 2026 1224 2086 apulsa
1233 2027 1314 2076 dicos
1323 2025 1385 2074 iulo.
1484 2043 1485 2094 3

310 2115 419 2152 omnem
431 2101 554 2166 propriae
563 2101 633 2150 vitae
643 2099 835 2150 iucunditatem
906 2099 946 2148 tl.
985 2099 1124 2164 Utminque]
1158 2101 1385 2163 «Quandocunque

309 2191 341 2228 ac
370 2177 512 2227 fructum.»
544 2203 572 2212 -
602 2173 730 2239 superstes]
761 2175 835 2224 «Nec
873 2173 1142 2236 tumortemobibis,
1162 2175 1386 2240 eodemtemporis

309 2265 369 2303 sum
378 2253 460 2302 vitam
469 2250 608 2300 habiturus
617 2250 748 2312 integram
759 2251 834 2312 parte
872 2249 972 2311 puncto
982 2261 1031 2311 ego
1041 2261 1148 2311 quoque
1160 2249 1223 2299 hinc
1235 2249 1385 2301 discedens
1484 2287 1485 2296 2

309 2327 362 2377 mei
380 2325 463 2375 altera
480 2325 506 2374 in
524 2328 549 2374 te
566 2326 722 2374 exstincta.»
741 2325 833 2373 senos.
875 2349 903 2358 -
928 2335 1072 2384 sttprcnmm
1092 2324 1148 2388 iter]
1171 2325 1294 2388 Sophocl.
1312 2325 1386 2386 Aulia.
1484 2327 1485 2368 i

309 2399 414 2451 anthol.
433 2400 533 2462 Meyeri
552 2399 637 2462 Epigr.
655 2397 715 2447 tas:
734 2397 837 2447 Atium
873 2397 935 2448 aot:
954 2392 1007 2446 τὰν
1023 2394 1127 2448 νεάταν
1145 2393 1225 2448 ὁδόν.

309 2475 370 2524 miti
387 2473 489 2534 Crispas
505 2477 554 2534 est,
573 2472 662 2534 (νωθῆ
683 2473 732 2522 Pro
749 2487 798 2533 qao
815 2473 836 2520 si
908 2473 946 2522 ii.
969 2474 1078 2536 Cotpere
1094 2474 1149 2538 iter]
1168 2476 1279 2525 Locutio
1296 2475 1388 2538 poetica
1484 2467 1485 2512 i

307 2549 418 2612 pretium
436 2547 494 2596 dori
511 2547 608 2606 liceret,
627 2547 730 2595 Nostros
741 2547 836 2596 utvids-
874 2547 935 2608 (Sat.
947 2549 1005 2608 l‚5,
1016 2547 1077 2610 95.),
1087 2549 1149 2612 quia
1159 2547 1389 2614 singulispassibus
1484 2535 1485 2548 ¹

309 2622 572 2673 remittenturoanos.
586 2622 837 2684 Nuncporsopti-mo
873 2619 989 2683 aliquam
1015 2623 1094 2674 totius
1119 2623 1220 2674 itineris
1243 2623 1388 2689 particulam
1484 2617 1485 2660 l

309 2695 529 2756 mamsireliquit.
555 2695 666 2756 Crispus,
680 2695 837 2757 praesidium
873 2695 949 2758 quasi
961 2695 1115 2747 auferimus.
1129 2697 1312 2749 Festinationis
1323 2695 1391 2760 signi·

313 2784 410 2832 maim,
436 2771 566 2830 uoluptas,
592 2771 691 2831 Pectus,
718 2771 835 2826 delicium
874 2769 962 2819 ficatio
978 2783 1028 2834 per
1044 2784 1074 2822 se
1097 2784 1149 2821 non
1171 2773 1256 2833 inest,
1284 2773 1332 2823 nisi
1352 2769 1390 2820 ubi
1484 2765 1485 2768 ’

311 2846 372 2896 nihil
400 2845 453 2894 sine
481 2843 523 2894 illo
551 2845 656 2894 Laetum
684 2857 752 2894 meris
780 2857 838 2893 mco
874 2845 969 2896 additis
981 2846 1037 2896 aliis
1048 2859 1091 2897 vv.
1106 2848 1276 2911 exprimitur,
1290 2851 1319 2898 ut
1328 2847 1389 2908 virg.
1484 2841 1485 2870 ³

311 2923 363 2970 ium
375 2919 475 2982 petetis
496 2932 555 2968 essa.
590 2919 753 2980 cousumptos
772 2919 838 2970 mac
875 2921 921 2969 Ge.
945 2919 975 2982 3,
999 2919 1060 2971 tia:
1088 2922 1198 2984 Carpere
1216 2929 1298 2984 prato
1321 2923 1390 2985 stoli

312 2995 444 3056 debilisque
459 2995 559 3052 vivona·
585 2995 642 3044 Plus
665 3007 741 3056 ouum
762 2995 837 3044 ‹iimi-
876 2995 921 3044 Ge.
935 2992 964 3056 i,
978 2994 1038 3044 ait:
1058 2997 1123 3045 al'ro
1134 3002 1257 3058 cumam,
1272 2995 1391 3046 «rohai».

312 3069 381 3119 aian
396 3069 445 3118 mei
462 3068 568 3118 recessit.
876 3067 928 3118 Cir.
939 3069 1019 3120 eliam
1031 3072 1198 3134 conspirata
1211 3084 1249 3122 sc.
1260 3065 1391 3137 τὴνὸὁόν.

343 3144 368 3192 9.
388 3143 427 3192 lt).
446 3144 526 3192 Ducat
536 3142 647 3206 ruinam]
661 3143 702 3192 Sic
715 3141 837 3204 Virgilius
876 3143 956 3207 Soph.
975 3144 1060 3208 Antig.
1082 3146 1154 3196 ⁴⁴03.

313 3217 452 3281 aliquoties
469 3219 541 3280 (nen.
555 3218 579 3279 2,
594 3217 651 3267 toa.
666 3215 727 3279 cet.)
739 3219 839 3268 traicere
909 3217 949 3267 43.
974 3217 1127 3283 ciimcerae]
1151 3217 1222 3270 Talia
1245 3219 1394 3270 monstratu

311 3293 427 3354 rutatum,
441 3293 504 3354 quia
516 3305 547 3341 ea
559 3305 622 3356 pars
632 3291 754 3354 aedificii,
768 3306 838 3356 quae
876 3291 948 3341 aditu
967 3292 1002 3342 ad
1017 3292 1176 3344 umbrarum
1194 3293 1254 3344 loca
1271 3292 1394 3358 uvirgilio

312 3367 399 3432 prima
420 3366 503 3426 cadit,
531 3379 625 3416 secum
650 3365 732 3427 doct,
762 3367 839 3416 amitt
877 3365 1040 3416 collocantur
1056 3369 1122 3418 Aen.
1141 3369 1170 3428 6,
1189 3369 1251 3420 285:
1275 3371 1396 3431 uanus

314 3441 394 3490 etiam
422 3441 534 3490 celeras.
567 3467 594 3475 -
622 3441 764 3504 Superstes
792 3441 840 3492 tuit
873 3447 1008 3503 praetcrea
1034 3443 1168 3492 variam
1194 3449 1310 3494 monstro
1333 3446 1395 3508 soro·

314 3515 437 3564 Horatius
454 3515 600 3566 Maecenati
616 3513 749 3578 perbreve
770 3519 840 3566 tem·
876 3529 949 3577 rum,
976 3517 1095 3568 &clausi
1118 3519 1145 3566 in
1166 3519 1263 3582 sorim
1279 3519 1396 3570 sonan

314 3600 375 3652 pus,
393 3589 526 3652 siquidem
541 3591 654 3652 uterque
666 3593 787 3641 mortuus
800 3594 841 3642 est
877 3591 1024 3653 Scyllaeque
1045 3591 1162 3656 biformes
1177 3593 1209 3642 Et
1226 3593 1396 3658 cmaanpeui-

316 3675 340 3711 a.
364 3675 390 3711 u.
416 3675 439 3712 c.
465 3661 521 3713 iit.
557 3665 697 3716 Maecenas
722 3668 840 3728 Augusto
877 3679 924 3715 aas
939 3667 1062 3716 Briareus
1082 3679 1112 3716 ac
1134 3667 1207 3717 telae
1223 3669 1322 3718 Lanae
1337 3669 1396 3719 ilor-

314 3733 403 3800 pauilo
425 3739 487 3785 aule
508 3739 623 3786 mortem
644 3739 761 3802 scripsit:
788 3739 841 3790 llo·
877 3741 1104 3791 reclamatrices
1121 3743 1280 3806 flammisque
1302 3747 1397 3794 onaan

314 3809 377 3858 rolli
393 3809 477 3859 Macci
501 3815 529 3860 ut
544 3812 660 3861 molesto
683 3825 785 3862 mentor.
811 3842 838 3850 -
878 3815 1018 3866 Chimaera.
1037 3815 1188 3866 Πνέουσαν
1199 3809 1395 3882 ἀμαιμάκετον

316 3883 440 3934 Horatius
458 3887 548 3935 autem
564 3885 680 3934 lauimus
690 3890 714 3934 et
729 3888 842 3938 comitas
878 3882 935 3958 πῦρ
945 3891 1024 3938 vocat
1035 3890 1143 3940 Hesiod.
1157 3892 1256 3955 Theog.
1270 3892 1329 3942 3l9.
1348 3891 1394 3942 Cir.

315 3963 351 4009 est
368 3959 487 4008 sarranis
506 3959 625 4022 Esquiliis
646 3959 722 4009 lueto
741 3961 842 4012 Maece-
879 3963 927 4013 0d.
941 3964 968 4024 t,
987 3963 1033 4025 ai,
1051 3963 1092 4016 at.
1112 3965 1271 4016 Chimaerae
1283 3965 1397 4032 pulchar

315 4033 382 4082 nota
393 4033 524 4084 tumulum.
550 4035 657 4083 Sueten.
672 4034 697 4084 in
712 4036 768 4084 Vita
787 4037 841 4086 Ho-
879 4038 946 4088 rima
963 4038 1051 4100 imago
1068 4041 1110 4090 est
1126 4040 1152 4089 in
1166 4039 1319 4105 anaglypho
1335 4039 1396 4090 basi-

316 4107 383 4157 ratii.
398 4107 723 4170 Hincingeniosoacvere
736 4112 841 4174 politico
879 4109 945 4161 lieae
971 4112 1069 4176 Ulpiae.
1109 4114 1194 4166 Moto
1220 4115 1347 4166 ctiam
1367 4115 1393 4164 ii.

316 4179 426 4232 consilio
449 4181 537 4244 (modo
559 4183 683 4234 Latinitas
704 4186 731 4234 et
748 4197 842 4234 versus
879 4187 907 4235 T.
927 4187 954 4236 L.

316 4257 523 4320 praestantiores
540 4257 636 4320 essent]
654 4259 768 4308 Thomas
780 4256 843 4307 Vai-
915 4259 955 4311 ti.
979 4261 1103 4325 recursat]
1129 4275 1200 4313 nune
1216 4260 1392 4328 prostratusiu

315 4343 399 4393 perga
416 4329 512 4382 Caluso
524 4332 686 4395 composuit:
705 4331 843 4394 Epistulam
879 4334 997 4384 Tartaro.
1033 4336 1089 4385 Hoc
1107 4335 1182 4386 dicit:
1211 4336 1330 4388 «Munati
1346 4337 1392 4383 ter·
