3080 4980
683 425 809 476 HORthl
829 424 998 476 oraminum

445 581 597 650 Seculum
619 581 762 670 Pyrrhae
784 601 868 646 nova
889 589 1031 646 monstra
1053 554 1222 667 questas,¹

449 705 552 771 Omne
574 724 648 770 eum
669 704 803 768 Proteus
825 721 926 788 pecus
949 700 1014 786 egit
1035 697 1115 765 altos

592 825 702 891 Visere
724 833 865 898 montes,

446 946 585 1012 Piscium
607 955 640 1010 et
661 964 784 1010 summa
807 963 909 1029 genus
932 941 1035 1007 haesit
1057 939 1159 1014 ulmo,

445 1070 524 1132 Nota
547 1085 632 1154 quae
655 1063 752 1130 sedes
774 1063 877 1129 iuerat
900 1059 1071 1134 columbis,

447 1190 484 1253 iit
505 1187 689 1275 superiecto
713 1184 851 1273 pavidae
873 1193 1022 1248 natarunt

363 1372 387 1420 8.
406 1369 495 1419 montis
512 1367 597 1418 Rth.
613 1395 640 1404 -
654 1367 701 1414 Vv.
715 1366 804 1414 9-42.
818 1362 869 1414 dei.
884 1365 977 1414 censet
986 1363 1083 1412 Buttm.
1097 1362 1198 1423 higthoi.
1212 1363 1242 1412 ll.
1253 1362 1349 1426 pati.

333 1474 359 1481 -
374 1445 413 1495 40.
425 1443 550 1506 petendis
560 1458 583 1490 ω
596 1441 668 1506 (Cod.
688 1437 790 1500 Battel.)
803 1453 851 1502 pro
866 1457 921 1492 var.
935 1441 1006 1502 lect,
1020 1443 1046 1492 F.
1062 1468 1089 1477 -
1105 1443 1144 1490 44.
1157 1455 1232 1504 super
1242 1444 1311 1492 iacto
1324 1443 1354 1492 T.

336 1605 360 1654 6.
380 1603 490 1666 Pyrrha,
511 1601 658 1665 Epimethei
674 1603 702 1650 et
717 1599 822 1650 Pando-
859 1599 1084 1651 consentientibus
1106 1601 1224 1650 Romano
1246 1603 1272 1651 et
1293 1601 1390 1652 Servio

298 1693 343 1730 rae
361 1678 426 1738 filia,
449 1675 615 1727 Deucalionis
635 1687 710 1724 uxor.
746 1674 819 1724 oud.
858 1675 1029 1726 Dresdeusin
1049 1677 1164 1726 Wnouan
1176 1676 1298 1739 orthogr.
1313 1677 1388 1739 virg.

299 1756 360 1805 Met.
379 1754 403 1815 4,
416 1753 474 1802 uto.
493 1749 617 1800 Similiter
631 1748 718 1798 valer.
735 1747 819 1798 Flacc.
858 1764 884 1814 p.
904 1749 960 1801 lit.
988 1747 1070 1812 Volgo
1083 1748 1388 1813 explicantDomhirsch,

299 1829 323 1888 6,
349 1827 405 1877 390.
430 1825 552 1875 homines
575 1823 689 1888 appellet
710 1823 822 1884 Pyrrhae
859 1825 938 1885 duint,
957 1825 1064 1886 wasme,
1082 1826 1168 1883 daiam
1185 1824 1253 1875 Voss
1264 1825 1300 1875 ad
1312 1826 1388 1888 Virg.

297 1914 382 1966 penes.
410 1900 471 1949 Eius
487 1900 574 1961 imago
593 1897 784 1948 cumPandora
796 1899 823 1945 et
860 1899 905 1948 Ge.
924 1899 981 1949 539.
1000 1899 1112 1960 Gemens,
1130 1899 1246 1960 connect,
1263 1900 1389 1961 chameis,

298 1974 457 2026 Deucalione
486 1975 528 2024 est
559 1974 586 2023 in
619 1985 683 2022 vase
712 1972 819 2022 Nolano.
859 1974 951 2036 sicque
977 1971 1149 2023 Forceiiinus:
1178 1986 1278 2037 «capra
1304 1973 1391 2025 silve-

297 2049 362 2100 dnn.
382 2049 435 2098 dett
454 2050 511 2097 inest.
536 2047 604 2096 arch.
624 2047 666 2096 IV.
684 2059 711 2109 p.
731 2045 771 2095 80.
792 2073 819 2082 -
859 2047 946 2097 stris.»
964 2048 1007 2097 W.
1018 2048 1047 2096 E.
1058 2046 1159 2097 Weber
1170 2047 1205 2096 ad
1216 2048 1271 2097 iuv.
1284 2061 1312 2111 p.
1326 2049 1388 2098 4436.

297 2137 364 2173 nouo
379 2122 500 2186 nwnstre]
519 2123 585 2172 «lies
603 2134 653 2170 nec
669 2121 740 2171 visas
760 2121 821 2169 ante
858 2113 1032 2184 ἁνθόλωπας
1043 2121 1392 2186 (Bioneenongehdntitopen

298 2197 510 2260 aequanimitas,
529 2196 690 2258 terrorisque
702 2193 821 2258 plenasn:
859 2208 880 2246 s.
895 2196 1021 2258 Gaudere,
1039 2195 1120 2259 idque
1136 2209 1166 2246 re
1183 2209 1248 2246 vera
1264 2195 1390 2261 pluribus

294 2272 489 2334 comisationem
500 2276 595 2330 terroe,
612 2273 643 2319 ut
653 2271 690 2319 ait
700 2267 751 2318 Sal.
764 2270 819 2331 lug.
859 2271 1016 2321 testimoniis
1033 2271 1096 2321 satis
1108 2269 1246 2334 probabile
1259 2271 1387 2322 reddidit.

298 2347 339 2398 tt.
370 2348 411 2395 Sic
440 2344 556 2396 Catullus
581 2345 666 2409 Epith.
693 2341 748 2394 Pel.
775 2344 820 2392 tt:
859 2345 929 2408 virg.
949 2347 1041 2408 Georg.
1061 2345 1084 2406 3,
1103 2345 1164 2394 539:
1192 2347 1273 2395 timidi
1295 2347 1390 2396 domae

297 2421 440 2483 Aequoreos
459 2425 597 2492 neonsaum
618 2421 695 2483 (Argo
716 2417 820 2480 navem)
857 2421 972 2480 cernique
986 2419 1095 2482 sedeces
1109 2418 1390 2473 -Alexandrinerum

298 2496 416 2546 Nereides
431 2494 592 2545 admirantes.
859 2497 1000 2557 poetarum
1028 2492 1147 2544 colorem
1180 2495 1300 2546 reieruut
1334 2497 1388 2546 hae

332 2571 355 2620 7.
390 2569 499 2633 Proteus]
519 2570 613 2632 Odyss.
632 2566 657 2628 d,
674 2568 731 2618 386.
750 2569 820 2630 Virg.
859 2570 1000 2631 imagines,
1028 2582 1097 2632 quae
1118 2567 1207 2620 multis
1233 2571 1311 2622 nimis
1338 2583 1390 2621 cu-

299 2647 393 2707 Georg.
420 2642 444 2702 4,
472 2644 532 2693 395:
562 2643 685 2692 immania
709 2643 821 2706 Neptuni
860 2643 974 2693 mutatae
1002 2646 1028 2694 et
1056 2644 1192 2706 quaesitae
1220 2646 1293 2694 visae
1323 2647 1389 2697 sunt

299 2718 418 2768 Armenta
434 2723 458 2768 et
474 2722 558 2779 turpes
570 2718 653 2780 pasch
669 2716 823 2780 ndpnrgite
861 2718 956 2782 (pisces
982 2715 1016 2768 illi
1042 2719 1170 2782 imprimis
1198 2720 1224 2768 in
1250 2719 1388 2772 ulmorum

294 2795 397 2856 phocas.
417 2819 445 2828 -
464 2793 541 2842 Omne
558 2805 634 2853 ρεουε
658 2791 758 2840 dictum
781 2793 823 2841 est
858 2793 958 2842 vertice
969 2792 1134 2844 interramos
1143 2793 1303 2858 haerentes),
1317 2795 1388 2846 adeo

299 2871 329 2918 ut
345 2869 397 2917 Sat.
417 2868 441 2926 4,
460 2869 484 2926 5,
503 2868 527 2916 2.
547 2880 618 2916 omne
634 2867 696 2928 eius,
716 2867 822 2917 «omnis
860 2870 889 2916 ut
908 2869 970 2930 posi
990 2869 1124 2930 Guyetum
1145 2867 1187 2918 alii
1209 2882 1317 2933 quoque
1341 2885 1386 2920 vv.

299 2943 403 3006 generis
420 2940 513 2992 beluas
530 2941 673 2992 marinas.»
703 2941 822 2990 Sicutin
859 2941 948 2991 e-ta.
977 2955 1028 3005 pro
1056 2942 1217 3006 interpolatis
1243 2943 1387 2994 habereut.

299 3018 362 3068 Livii
384 3015 525 3067 Andronici
546 3017 587 3066 Fr.
611 3017 635 3066 2.
655 3014 702 3065 Ed.
721 3017 823 3065 Duent-
859 3016 959 3066 Verum
981 3015 1052 3079 apud
1074 3015 1186 3079 lyricum
1208 3019 1296 3068 miuus
1319 3031 1387 3068 sane

299 3107 356 3144 zer:
383 3094 512 3143 lascivom
532 3093 608 3142 Nerei
628 3093 718 3141 dmum
735 3105 820 3154 penne.
859 3089 960 3140 habent
978 3091 1192 3154 reprehensionis
1212 3105 1294 3155 quam
1313 3093 1389 3156 apud

302 3172 396 3218 Pacuv.
423 3169 525 3231 Fragm.
548 3169 576 3218 5:
607 3168 683 3217 Nerei
703 3168 824 3230 repandi-
860 3167 981 3216 Ovidium
999 3168 1068 3228 (Met.
1088 3167 1112 3228 4,
1131 3166 1199 3230 296.)
1219 3171 1246 3218 et
1262 3169 1387 3218 Noenum

299 3247 409 3292 rostrum
425 3243 648 3292 incdmieeruieaon
660 3255 744 3304 pecus.
860 3241 884 3302 ii,
898 3243 955 3293 229.
975 3243 1020 3305 qui
1038 3239 1126 3290 locum
1143 3240 1178 3291 de
1191 3239 1288 3292 diluvio
1300 3241 1386 3292 multo

321 3317 361 3366 40.
375 3317 424 3375 Qui
431 3316 558 3377 patentis
568 3317 750 3377 correxerunt,
763 3329 823 3366 me·
861 3317 942 3366 etiam
953 3315 1111 3366 luxuriosius
1124 3318 1276 3366 trecorum.
1299 3316 1384 3380 (Ovid.

300 3391 414 3446 tuerent,
435 3403 468 3438 ne
486 3392 565 3452 potita
578 3402 698 3439 errorem
710 3390 824 3439 commi·
860 3390 877 3440 l.
890 3390 907 3440 l.
926 3404 1024 3440 summo
1041 3391 1135 3452 piscem
1155 3391 1284 3454 deprendit
1298 3393 1325 3440 in
1343 3393 1386 3440 ui-

300 3464 378 3513 sisset
394 3463 520 3513 catenias
536 3465 562 3514 in
574 3463 645 3514 silvis
657 3463 823 3513 nidificantes
860 3465 922 3529 neo.)
946 3491 974 3500 -
998 3463 1092 3514 Similis
1121 3468 1212 3516 autem
1240 3466 1386 3528 imaginum

300 3550 462 3588 memorans.
506 3538 558 3587 Sed
585 3538 699 3588 colundo
725 3549 824 3587 nomen
861 3538 977 3603 prolusio
994 3539 1078 3589 estin
1098 3539 1181 3604 Epod.
1202 3539 1242 3600 46,
1261 3540 1302 3589 ei.
1333 3539 1386 3590 Ce-

301 3615 342 3662 est
358 3613 463 3675 generis
481 3611 661 3676 complectens
679 3612 759 3662 etiam
772 3624 824 3673 pu·
860 3616 948 3664 terum
960 3613 986 3662 in
997 3613 1048 3662 hac
1058 3611 1212 3663 luxmiautis
1221 3615 1386 3678 φαντασίας

300 3687 408 3747 tentes,
438 3688 468 3735 ut
495 3686 565 3750 apud
594 3688 664 3736 Suet.
692 3687 748 3736 Oct.
776 3685 821 3736 di:
861 3687 989 3738 effusione
1001 3687 1052 3739 uoli
1064 3689 1178 3751 cogitare
1191 3701 1253 3738 cum
1263 3688 1386 3739 Ltibkero

296 3763 386 3824 palmo
412 3761 619 3824 frequentabatur
651 3761 824 3812 calendonem
861 3763 895 3813 de
917 3763 1007 3814 nescio
1028 3776 1080 3826 qua
1099 3763 1241 3833 εἰρωνεὶᾳ,
1265 3776 1333 3827 quae
1352 3763 1385 3814 fl-

299 3837 372 3886 nidis.
861 3851 926 3901 gura
947 3837 998 3887 hoc
1021 3850 1130 3888 carmen
1146 3836 1224 3902 plane
1242 3837 1385 3888 dedecuis-

334 3913 373 3960 44.
400 3909 544 3974 mpeiecto]
572 3911 679 3960 «omnia
705 3911 758 3960 iam
782 3913 823 3960 te·
861 3914 910 3963 set.
941 3911 1219 3962 Praeeunteiaoobsio
1236 3913 1383 3964 Webems:

301 3988 412 4049 genten,
438 4011 465 4020 —
488 3997 542 4034 uon
566 3997 632 4034 vero
655 3987 824 4049 «superiecto
862 3985 1003 4050 «Eleganti
1043 3988 1188 4050 imaginum
1231 3987 1384 4050 gradatione

301 4059 420 4120 damis«,
447 4059 476 4107 ut
497 4072 630 4109 nonnemo
650 4059 824 4110 calumniatus
862 4063 1059 4112 inundationem
1086 4061 1222 4112 describit.
1266 4063 1383 4113 Primum

301 4136 351 4192 est,
361 4147 414 4196 quo
423 4134 615 4198 suspectiorem
624 4134 824 4185 redderethunc
861 4135 972 4201 phocae,
992 4135 1054 4185 olim
1072 4137 1183 4200 apricari
1195 4138 1298 4187 tantum
1314 4137 1340 4186 in
1352 4135 1384 4186 ii-

300 4209 397 4260 iocum.
413 4209 549 4275 -dnmaeJ
569 4211 752 4274 «dommoeiut
769 4212 822 4260 mei
861 4215 918 4260 tore
947 4210 1052 4270 solitae,
1082 4223 1152 4261 nunc
1180 4213 1252 4276 ipsos
1280 4213 1383 4261 montes

301 4284 385 4336 Codd.
410 4285 548 4346 Horedanii
571 4284 669 4348 ubique
690 4285 824 4336 Mediceus
861 4283 1000 4347 obtegunt;
1024 4284 1120 4334 deinde
1141 4287 1241 4349 pisces,
1265 4285 1291 4335 in
1312 4287 1382 4334 terra
