3012 4978
287 453 349 518 582
638 493 641 499 .
675 453 803 504 aonam
822 453 991 506 cunamen

286 613 430 678 ningbamii
455 613 583 676 impendio
609 613 699 676 (quam
725 611 833 662 firmare
858 614 970 664 conatus
993 614 1035 664 cst
1062 613 1127 664 Stat.
1146 612 1207 664 Silv.
1227 613 1261 675 3,
1280 613 1311 676 3,
1330 615 1362 666 87
1374 629 1380 661 :

282 703 424 760 portaeque
440 709 489 760 por
510 709 593 746 emeres
609 696 720 746 Divitiae
736 696 844 758 populos
859 697 995 761 moysique
1011 697 1140 760 impendio
1155 697 1279 762 meandi),
1306 699 1383 748 Doe-

286 781 362 844 ringii
378 779 518 844 stipendio,
546 779 659 830 «tributa
678 781 703 830 ei
720 779 842 844 imposita
854 797 877 840 ,ι
896 779 1036 830 Frtthlichii
1053 780 1169 842 Namque
1183 781 1266 831 inciso
1276 807 1317 826 -ι-
1328 797 1382 832 nou

284 865 374 915 celeres
395 865 471 929 supas
487 865 644 925 detectosque
659 869 799 914 retrorsum
815 861 868 914 cei.
898 891 925 900 -
955 863 1056 914 Verum
1082 877 1147 915 ecce
1165 879 1235 915 nova
1259 865 1383 916 exoritur

287 947 429 999 difficultas
454 962 487 998 ex
513 949 651 998 sententiis
676 949 749 1012 ipsis.
796 947 877 1010 Quid,
906 961 1024 1012 quaeso,
1058 947 1144 998 dicit?
1173 949 1250 999 «Non
1273 948 1382 1013 lagatus

284 1032 430 1094 Hannibal,
456 1045 507 1082 non
528 1033 660 1096 Karthago
681 1030 786 1082 devicta
804 1043 837 1081 ac
853 1043 940 1096 paene
957 1029 1060 1081 deletae
1080 1033 1117 1096 (ut
1135 1030 1228 1082 faciles
1245 1033 1331 1083 simus
1347 1034 1376 1082 in

284 1115 501 1180 interpretando)
539 1115 651 1167 «clarius
674 1115 791 1166 indicant
811 1113 904 1166 laudes
922 1115 1052 1180 Scipionis
1075 1115 1184 1166 maioris
1202 1129 1285 1181 quam
1302 1117 1381 1168 Ennii

285 1201 431 1252 carmina.»
474 1199 526 1252 Sed
559 1201 627 1250 baec
660 1201 718 1264 ipsa
752 1197 816 1265 quid
842 1197 914 1250 aliud
939 1197 1049 1250 tandem
1074 1197 1269 1264 praedicabant
1294 1213 1380 1264 quam

284 1285 395 1338 easdem
419 1283 476 1336 illas
499 1285 629 1349 Scipionis
654 1297 699 1335 res
724 1286 836 1347 gestas?
864 1283 940 1335 Nulla
958 1286 1000 1335 est
1016 1297 1080 1348 ergo
1105 1277 1269 1348 ἀντίθεσις,
1296 1297 1380 1349 quam

285 1373 375 1420 tamen
391 1369 532 1420 manifesto
550 1370 681 1432 quaesivit
698 1371 787 1432 poeta.
834 1370 922 1429 Quam
939 1369 969 1419 ut
985 1366 1165 1432 qualicunque
1182 1366 1280 1420 saltem
1297 1367 1381 1420 modo

285 1453 406 1514 eliciant,
433 1450 558 1518 (nonnulli
580 1451 660 1503 etiam
677 1453 830 1518 parenthesi
848 1451 957 1504 inclusis
980 1466 1023 1503 vv.
1050 1453 1098 1502 Per
1114 1465 1180 1516 quoe
1196 1452 1302 1514 :prims
1313 1477 1328 1490 ·
1339 1477 1353 1490 -
1365 1477 1382 1489 -

284 1537 402 1599 decimes,
421 1550 474 1600 quo
492 1533 593 1588 scilicet
608 1536 707 1598 artius,
726 1536 776 1586 sed
794 1539 883 1588 mmen
900 1537 969 1587 mira
986 1537 1194 1601 compositione,
1214 1537 1382 1587 cohaereant

284 1622 374 1672 ceteros
395 1621 473 1685 soqee
497 1632 560 1670 cum
581 1621 665 1670 ircists
683 1621 853 1670 muratoribus
859 1620 881 1686 i,
910 1621 946 1671 lta
970 1621 1025 1672 iere
1049 1622 1274 1685 interpretantur:
1305 1633 1381 1670 «non

285 1707 384 1756 incisae
408 1706 489 1766 uotis,
517 1703 544 1754 id
569 1705 624 1764 est,
656 1707 683 1754 in
707 1705 878 1768 inscriptione
904 1706 1008 1756 statuae
1034 1705 1164 1768 Scipionis
1189 1707 1376 1762 memoratae.

286 1787 439 1842 Hannibalis
457 1788 552 1852 iugae,
579 1789 667 1838 minae
685 1787 823 1852 repulsae,
853 1787 944 1839 clades
961 1789 1127 1852 Karthaginis
1144 1787 1241 1840 elarius
1259 1787 1381 1840 indicant

286 1874 453 1938 imperatoris
477 1870 544 1922 illius
561 1870 655 1923 laudes
672 1885 755 1936 quam
771 1873 848 1923 Ennii
863 1873 973 1924 Διιιιαῖιι
989 1874 1017 1923 et
1033 1873 1144 1936 Scipio.»
1188 1872 1292 1924 Verum
1310 1873 1380 1924 baec

288 1957 411 2024 precario
428 1957 498 2007 sumi
515 1959 635 2020 apparet.
681 1957 775 2020 Aequo
794 1958 865 2008 enim
886 1958 944 2008 iure
970 1970 1002 2008 ac
1020 1957 1133 2008 tortasse
1150 1957 1240 2007 minus
1258 1959 1381 2009 contorte

287 2040 430 2106 suppleas:
459 2041 610 2104 «Scipionis
633 2039 700 2089 iacta
724 2043 770 2091 aut
793 2041 973 2092 marmoribus
994 2039 1151 2105 anaglyphis
1168 2041 1315 2105 picturisve
1332 2055 1382 2091 ex·

288 2138 395 2192 pressa,
414 2126 461 2175 aut
472 2123 506 2174 ab
519 2122 654 2176 annalium
671 2123 846 2188 scriptoribus
863 2123 956 2175 litteris
974 2125 1079 2185 tradita,
1097 2127 1143 2175 aut
1160 2125 1230 2176 lama
1242 2125 1382 2176 dumtaxat

286 2211 322 2263 ad
338 2211 523 2275 posteritatem
540 2211 698 2273 propagato,
718 2211 805 2260 minus
824 2207 895 2259 clara
913 2213 975 2260 sunt
992 2211 1050 2260 eius
1061 2211 1189 2260 virtutum
1201 2211 1379 2260 monumenta

291 2309 373 2359 quam
385 2296 458 2346 Ennii
471 2297 622 2358 poemata.»
642 2294 809 2357 (Dignissima
818 2295 898 2344 etiam
910 2296 953 2344 est
964 2306 1033 2358 quae
1045 2293 1229 2358 perpendatur
1239 2294 1281 2344 Fr.
1290 2293 1382 2344 liitteri

288 2379 323 2430 de
347 2378 398 2428 boc
415 2377 475 2428 loco
498 2378 629 2428 sententia
655 2380 681 2427 in
702 2377 829 2440 Philologi
855 2376 1205 2428 Schneidewinianivot.1.
1224 2391 1252 2442 p.
1272 2377 1318 2428 sat
1339 2391 1381 2441 sq.

289 2463 381 2513 contra
399 2460 575 2525 Peerlkampii
586 2464 612 2512 et
625 2462 814 2528 Lachmanni*)
834 2464 974 2528 opiniones
992 2464 1136 2528 proposita.
1168 2463 1259 2512 altrei
1275 2461 1382 2522 boren,

290 2546 389 2608 inquit,
416 2546 475 2594 adio
499 2546 582 2594 tteten
607 2546 648 2594 des
667 2547 751 2608 Scipio
775 2547 810 2596 im
835 2547 964 2597 arideum
989 2548 1034 2598 der
1052 2546 1181 2597 mensatim
1198 2559 1234 2596 zu
1253 2546 1382 2608 ababa,

288 2630 389 2680 werden
412 2643 461 2678 oon
485 2630 540 2678 don
565 2629 657 2678 diobter
681 2643 709 2678 so
729 2630 806 2680 oeteo
824 2631 945 2681 einander
964 2631 1071 2696 qestettt,
1097 2631 1155 2680 dass
1171 2643 1206 2680 ou
1223 2631 1269 2680 der
1293 2631 1384 2680 emes

287 2713 354 2764 steilo
370 2714 496 2776 dederim
512 2713 627 2776 metten
642 2714 756 2776 peracti
772 2715 852 2778 wird,
869 2728 924 2764 was
935 2729 963 2765 er
979 2715 1023 2778 fiir
1034 2716 1080 2764 dos
1091 2713 1249 2764 wirtsomate
1259 2713 1320 2764 biett
1330 2715 1383 2763 and

287 2799 379 2848 darum
404 2799 451 2848 den
476 2797 560 2848 beiden
585 2799 682 2848 andern
705 2804 906 2863 entqepeasetste.
942 2799 1015 2850 Diese
1039 2797 1118 2848 mittet
1135 2811 1225 2848 merere
1248 2803 1384 2848 ersten

287 2881 465 2947 enatantes
481 2883 526 2932 der
542 2882 625 2932 ttateo
641 2883 683 2932 des
697 2883 781 2944 Scipio
798 2883 876 2932 duret
892 2882 1044 2933 steodbitder
1057 2883 1110 2932 uod
1126 2882 1273 2946 insobritiea
1290 2881 1382 2944 [ineisa

288 2968 357 3018 uotis
373 2979 508 3016 marmora
529 2965 671 3030 publicis),
697 2966 788 3016 wetclte
807 2967 859 3017 ϋιιιι
879 2967 945 3016 oeci
966 2967 1057 3018 selaeu
1081 2966 1144 3016 Tode
1163 2969 1257 3029 pesam
1276 2966 1383 3016 eom-dn

288 3053 345 3115 (per
362 3063 432 3114 quae
450 3051 559 3114 spiritus
572 3052 599 3100 et
614 3051 667 3100 vita
684 3051 755 3102 redit
771 3049 848 3102 bonis
865 3051 927 3116 post
944 3053 1060 3102 mortem
1075 3049 1207 3112 ducibus).
1238 3049 1384 3101 Solctesat

286 3148 347 3184 meu
368 3149 417 3186 zur
436 3135 485 3184 seit
505 3135 547 3184 des
567 3135 655 3186 Horae
674 3133 712 3184 bei
730 3135 792 3186 Rota
810 3149 858 3184 oor
873 3135 929 3186 dem
944 3135 1110 3198 Gapeeiscteo
1130 3135 1199 3184 ittera
1215 3135 1268 3184 md
1286 3147 1323 3184 ιιι
1339 3135 1384 3184 Li·

286 3224 393 3286 braum.
424 3219 480 3268 Liv.
493 3218 538 3280 38,
557 3219 601 3270 aa:
625 3217 669 3269 alti
685 3220 799 3280 Romae,
818 3217 862 3270 alii
879 3220 977 3270 literni
994 3221 1021 3269 et
1038 3219 1175 3270 mortuum
1191 3219 1219 3268 et
1235 3215 1381 3282 sepultum.

287 3301 431 3366 Utrobique
449 3305 622 3353 monumenta
640 3303 818 3354 ostenduntur
841 3306 869 3354 et
890 3305 1008 3354 statuae:
1032 3303 1140 3354 namet
1161 3303 1259 3354 literni
1283 3314 1383 3355 monu-

287 3389 409 3438 mentum
426 3389 655 3452 monumentoque
681 3388 769 3438 statua
796 3388 1002 3452 superimposita
1028 3387 1088 3448 luit,
1115 3399 1199 3451 quam
1219 3387 1382 3452 tempestate

288 3471 421 3521 deiectam
438 3483 525 3534 nuper
540 3469 656 3521 vidimus
674 3471 737 3535 ipsi,
756 3473 783 3522 et
799 3472 899 3522 Romae
917 3473 990 3521 extra
1007 3473 1113 3535 portam
1131 3471 1268 3535 Capenam
1286 3471 1312 3520 in
1324 3471 1383 3522 Sci-

286 3555 397 3618 pionum
413 3556 588 3604 monumento
615 3557 669 3605 tres
686 3557 790 3606 statuae
813 3557 889 3616 sunt,
916 3567 1032 3619 quarum
1049 3554 1119 3605 duae
1145 3552 1229 3604 Publii
1255 3557 1284 3606 et
1309 3554 1382 3604 Lucii

288 3638 441 3701 Scipionum
461 3639 587 3688 dicuntur
609 3652 682 3700 esse,
709 3639 786 3689 tertia
810 3642 905 3703 poetae
929 3639 1017 3699 Quinti
1039 3639 1123 3690 Ennii.
1160 3639 1210 3690 Eia
1232 3639 1382 3689 arorites

288 3723 380 3784 mittet,
399 3723 446 3772 dere
465 3723 549 3784 Scipio
564 3736 599 3773 zu
614 3723 805 3784 omberrttctten,
822 3737 911 3774 meren
928 3724 967 3773 die
982 3723 1168 3788 wirkuopora
1193 3723 1256 3774 und
1280 3721 1380 3786 salpen

287 3805 393 3855 seiuer
414 3806 528 3855 tiator.
562 3807 611 3857 Die
633 3813 696 3857 erste
718 3809 798 3858 dieser
818 3808 968 3872 wirtsmpea
990 3807 1092 3858 bestand
1115 3807 1205 3868 deria,
1230 3807 1290 3857 dass
1310 3807 1381 3858 llo·-

288 3887 358 3938 oittet
377 3889 455 3938 durclt
476 3890 582 3952 Scipio's
601 3891 666 3955 sicae
687 3891 714 3940 ιἰι
737 3891 848 3953 Sparten
870 3893 922 3942 aad
941 3891 1030 3954 Attice
1044 3891 1171 3955 peadttiqt
1189 3890 1279 3940 soto-de
1294 3889 1380 3940 ltalia·

289 3973 368 4037 citipst
390 3988 424 4023 ιιι
446 3975 584 4034 vortmsen,
602 3987 646 4024 om
662 3974 742 4025 seiuer
753 3976 904 4040 ὁιᾱιαιιρωιι
920 3976 1060 4027 ooterstodt
1075 3987 1109 4026 aa
1124 3973 1192 4038 britte
1207 3987 1242 4026 ιιι
1256 3973 1377 4026 mm.

298 4187 658 4198 *ma-...w

346 4347 361 4394 ⁸)
379 4343 496 4389 Zaitscbr.
508 4345 523 4388 t.
536 4343 661 4391 tltertbw.
674 4345 735 4392 tels.
749 4359 771 4402 p.
784 4345 822 4394 tat
841 4357 894 4402 sqq
913 4345 1030 4402 l’btlolog.
1043 4345 1197 4392 Sebneidev.
1210 4343 1225 4390 l.
1238 4357 1261 4401 p.
1273 4343 1314 4391 tet
1323 4353 1372 4398 titt·
