2998 4980
333 440 394 506 432
714 440 842 491 acaum
861 439 1028 491 caaumuu

498 595 592 677 Quod
614 595 698 662 latus
720 595 830 662 mundi
852 594 990 662 nebulae
1013 592 1181 682 malusque

627 717 769 804 luppiter
789 727 898 804 urgct3

499 879 586 943 Pone
607 874 668 942 sub
690 896 787 942 curru
810 876 944 942 nimium
965 877 1136 964 propinqui

500 997 582 1064 Solis
605 997 636 1061 in
659 1007 744 1063 terra
766 997 915 1064 domibus
939 1008 1069 1085 negata:

498 1119 598 1184 Dulce
620 1117 778 1185 ridentem
799 1119 937 1206 Lalagen
960 1118 1091 1195 amabo,

627 1243 728 1311 Dulce
750 1243 944 1330 loquentem.

364 1441 403 1491 49.
422 1442 462 1492 2⁰.
481 1439 555 1504 letus]
567 1440 659 1490 mundi
672 1439 789 1504 plagam,
809 1441 852 1490 cui
889 1434 1004 1489 ἁπαλὸν
1018 1434 1147 1504 γελάσω.
1182 1439 1290 1503 Sappho
1308 1440 1406 1502 Fragm.

329 1517 411 1566 motae
427 1515 546 1578 luppiter,
565 1513 670 1565 caelum
682 1515 756 1564 triste
769 1516 851 1577 atque
888 1517 914 1574 2,
938 1517 967 1564 li:
994 1512 1129 1579 γελαισας
1146 1510 1270 1584 ἱμερόεν.
1307 1513 1406 1564 Pindar.

331 1589 480 1653 insalubre,
499 1591 615 1653 graviter
631 1589 747 1640 incubat.
889 1590 964 1651 Pyth.
992 1590 1017 1648 2,
1043 1589 1088 1638 20:
1117 1587 1242 1660 dpnxst'o'
1271 1582 1407 1649 ἀσφαλές.

335 1711 337 1716 ,
363 1667 403 1716 44.
434 1665 545 1714 domibus
568 1665 668 1728 nepotc]
690 1663 852 1714 inhabitabili
889 1663 964 1713 aude
981 1663 1050 1726 Virg.
1069 1667 1134 1713 Aen.
1154 1664 1194 1724 40,
1220 1664 1282 1714 272:
1306 1667 1410 1712 concae

330 1742 440 1804 propter
458 1751 540 1788 zonae
559 1738 676 1788 torridae
694 1740 807 1788 aestum.
890 1739 1026 1801 Sanguinei
1043 1737 1146 1800 lugubre
1156 1737 1253 1786 meere.
1276 1736 1406 1788 claudian.

362 1814 401 1862 23.
430 1814 508 1862 Dulce
523 1812 652 1875 ridentem]
671 1812 713 1861 Sic
730 1813 784 1862 iam
802 1813 853 1862 Ca·
889 1809 953 1861 Bell.
978 1811 1042 1862 Gild.
1067 1812 1126 1862 365:
1153 1812 1240 1862 souilc
1259 1824 1368 1876 penae.
1386 1811 1409 1857 et

332 1885 386 1936 tull.
398 1887 473 1946 bb&
486 1887 692 1936 Dulccrideatem
701 1885 852 1948 (Lesbiam),
890 1887 988 1936 mirum
1012 1884 1075 1936 illud
1098 1887 1170 1936 Statii
1195 1885 1279 1936 Theb.
1303 1887 1328 1948 4,
1353 1883 1406 1935 33⁰:
1479 1905 1480 1944 j

333 1963 433 2011 Graeco
459 1961 552 2018 modo.
578 1963 608 2009 ut
628 1961 722 2023 Odyss.
745 1956 770 2024 ξ,
791 1961 851 2012 too:
889 1961 962 2010 orode
977 1963 1061 2012 aedem
1076 1962 1103 2011 in
1117 1962 1198 2024 plano
1214 1961 1357 2012 Cithaeron.

796 2179 941 2189 ——-—-

693 2390 1056 2450 EXGDBSDS

801 2592 838 2638 An
855 2601 881 2637 ν.
901 2588 941 2638 lb.
1027 2555 1030 2561 Ι

393 2708 433 2759 hd
450 2706 644 2770 definiendum,
666 2721 748 2772 quam
764 2709 900 2772 regionem
916 2709 992 2759 labae
1008 2707 1120 2760 aaaron
1135 2712 1212 2774 poeta
1230 2709 1366 2760 vocaverit
1382 2707 1406 2754 et

328 2795 418 2844 utrum
434 2791 528 2844 Iubam
545 2795 649 2857 patrem
661 2805 694 2841 an
706 2787 794 2842 'fllium
807 2791 964 2843 intellexerit
975 2795 1002 2843 et
1017 2805 1070 2856 quo
1081 2807 1150 2844 anuo
1163 2807 1272 2844 cannen
1284 2795 1408 2858 scriptum

327 2878 368 2939 sit,
388 2877 493 2940 egregie
512 2875 572 2926 iacit
589 2876 728 2926 schroetcri
745 2876 887 2940 disputatio
904 2879 931 2926 iu
943 2879 1051 2939 occasu.
1065 2879 1163 2928 Horati.
1177 2891 1203 2942 p.
1217 2877 1304 2938 3-8.;
1324 2872 1406 2939 equi·

327 2959 379 3015 bus
396 2962 464 3010 haec
481 2960 610 3024 Excerpta
628 2958 759 3010 debemus
777 2960 879 3010 amicae
896 2961 1053 3010 humanitati
1071 2962 1099 3012 C.
1119 2959 1214 3011 Halmii
1231 2963 1330 3012 nostri:

395 3043 475 3094 «iuba
488 3046 564 3108 patre
582 3043 615 3092 ad
632 3043 766 3108 Thapsum
783 3043 886 3094 devicto
904 3046 931 3094 et
947 3057 1026 3096 caeso
1043 3045 1100 3096 eius
1116 3057 1229 3108 regnum
1245 3046 1282 3094 ita
1299 3045 1408 3095 divisum

322 3131 381 3189 est,
403 3130 433 3177 ut
449 3127 572 3178 Numidia
592 3128 712 3192 propria,
733 3128 803 3177 inter
818 3127 928 3178 humina
945 3129 1057 3179 Tuccam
1076 3131 1103 3178 et
1118 3130 1280 3193 ampsagam
1298 3130 1360 3187 sita,
1385 3123 1407 3171 lu

327 3212 490 3277 provinciam
507 3211 616 3262 redacta
633 3212 735 3262 hiricae
753 3211 905 3274 adderetur,
925 3211 1007 3263 altera
1024 3225 1087 3277 pars
1104 3213 1139 3262 ad
1151 3225 1277 3263 occasum
1289 3209 1406 3278 porrecta

328 3295 434 3346 Boccho
452 3299 479 3345 et
495 3296 595 3360 Dogudi
612 3297 765 3347 Maurorum
782 3296 946 3361 principibus
963 3295 1122 3358 traderetur,
1141 3310 1174 3346 ex
1186 3295 1283 3360 quibus
1295 3293 1408 3347 Bocchus

330 3379 500 3430 Mauritaniae
526 3379 553 3428 in
578 3379 708 3428 orientem
733 3381 852 3443 vergenti
877 3378 1038 3445 imperabat,
1070 3380 1161 3444 Bogud
1186 3380 1221 3430 ad
1247 3381 1408 3432 occidentem

330 3461 468 3526 spectanti.
503 3461 646 3524 Utramque
663 3461 763 3513 ilumen
778 3463 901 3515 Mulucha
918 3464 1028 3528 attingit.

397 3546 427 3594 Α.
445 3558 472 3594 u.
492 3557 514 3592 c.
534 3544 590 3594 449.
624 3543 690 3595 luba
707 3544 775 3597 filius
793 3547 827 3596 ab
845 3549 961 3611 Augusto
978 3561 1028 3613 pro
1038 3550 1123 3614 patrio
1134 3562 1216 3612 regno
1228 3551 1356 3613 etpartes
1367 3541 1409 3593 all‘

331 3631 397 3692 quot
421 3625 553 3677 Gaetuliae
576 3627 678 3692 accepit
696 3629 751 3694 (Dio
769 3631 843 3681 Cass.
862 3631 906 3693 53,
931 3632 981 3694 26.)
1000 3635 1026 3682 et
1047 3633 1198 3684 universam
1219 3631 1406 3684 marianam,

332 3723 400 3776 quae
412 3710 510 3760 Bocchi
527 3713 554 3760 et
564 3710 678 3774 Bogudis
691 3713 776 3763 iuerat
789 3713 882 3777 (strab.
896 3715 940 3776 tr,
959 3715 983 3765 3.
996 3728 1023 3779 p.
1037 3713 1113 3778 483.),
1132 3715 1203 3766 unde
1219 3717 1324 3767 Tacitus
1337 3715 1404 3777 (Anu.

332 3792 356 3856 4,
376 3794 409 3856 5.)
437 3792 532 3844 Iubam
553 3807 645 3857 regem
667 3797 772 3848 Mauros
793 3797 893 3849 donum
915 3800 1050 3862 accepisse
1068 3802 1095 3849 et
1111 3797 1208 3849 Plinius
1226 3799 1265 3861 (Η.
1284 3801 1316 3850 Ν.
1334 3799 1358 3856 5,
1376 3789 1406 3850 l)

332 3877 448 3942 primum
464 3878 570 3940 utrique
582 3879 752 3930 Mauritaniae
769 3881 942 3945 imperavisse
954 3882 1024 3932 dicit.
1046 3883 1099 3932 Sed
1110 3883 1181 3947 quod
1194 3883 1287 3933 Strabo
1299 3875 1404 3943 scripsit·

332 3960 427 4011 iubam
444 3958 516 4031 πρὸς
532 3957 567 4033 τῇ
585 3959 703 4033 πατρῴᾳ
723 3977 817 4027 regum
839 3965 1039 4016 demortuorum
1060 3968 1088 4016 B.
1108 3969 1135 4017 ct
1151 3967 1213 4029 Bog.
1232 3979 1314 4029 regna
1333 3971 1405 4014 acce·

332 4044 417 4109 pisse,
436 4043 479 4095 illa
496 4039 613 4116 πατρῴα
629 4039 705 4117 ἀρχὴ
717 4046 780 4097 nihil
793 4049 834 4099 est
845 4049 893 4100 nisi
905 4062 967 4113 pars
979 4050 1117 4100 Numidiae
1129 4049 1313 4110 occidentalis,
1331 4051 1404 4112 qnam

333 4129 439 4179 mortuo
455 4129 560 4180 Boccho
581 4132 714 4193 Augustus
736 4131 769 4182 de
791 4131 868 4183 bonis
884 4135 1002 4197 paternis
1019 4135 1141 4184 restituit.
1177 4135 1249 4183 llaec
1265 4146 1327 4197 pars
1343 4129 1405 4180 inter

332 4211 435 4262 flumen
452 4211 601 4264 Mulucham
618 4216 645 4264 et
660 4215 766 4279 portum
784 4217 964 4280 oppidumque
982 4216 1088 4268 Seldam
1099 4218 1149 4268 sita
1161 4219 1226 4266 erat.
1250 4217 1342 4282 [strab.
1354 4211 1369 4262 l·
1381 4221 1401 4256 0-

332 4309 358 4360 p.
378 4295 434 4347 484.
457 4296 523 4360 isa)
