2998 4980
503 389 562 438 Ltu.
582 389 600 436 l.
637 387 665 436 (ἒ,
684 387 748 436 lllll.

298 547 423 632 Spercs
445 553 652 631 perpetuum,
677 541 783 608 dulcia
805 541 941 608 barbare

252 709 258 722 ·
340 665 539 733 Laedentem
562 663 688 742 oscula,
712 685 798 752 quae
821 665 927 730 Venus

303 787 419 867 Quinta
442 797 534 874 parte
556 787 606 852 sui
629 787 768 852 nectaris
791 783 912 852 imbuit.

344 925 469 994 Felices
492 935 541 992 ter
563 936 595 992 et
616 925 768 1014 amplius

301 1049 391 1128 Quos
414 1047 537 1134 irrupta
559 1057 646 1113 tenet
668 1045 784 1134 copula
806 1065 866 1112 nec
889 1045 980 1112 malis

344 1166 495 1234 Divolsus
518 1167 729 1255 querimoniis

300 1291 460 1377 Suprema
482 1289 577 1356 eitius
599 1287 703 1358 solvet
724 1309 814 1356 amor
835 1287 898 1356 die.
1152 1291 1194 1356 20

174 1443 214 1494 ts.
242 1441 515 1506 Quasm--tmouttt
543 1442 663 1492 Ramirez
688 1440 721 1490 de
739 1439 840 1502 Prado,
857 1437 1103 1490 MaltePaldemus.
1133 1469 1160 1476 -

142 1517 181 1568 te.
205 1518 311 1580 israela
326 1515 391 1566 bST.
412 1543 439 1552 -
462 1517 501 1566 l9.
520 1515 634 1566 Diuoboe
649 1513 767 1566 malebat
781 1513 864 1564 Bentl.
888 1515 939 1577 (Sic
956 1515 1008 1564 iam
1025 1517 1161 1578 Muretus.)

115 1641 225 1704 tropice:
254 1651 340 1700 ιςιιιιι
359 1642 437 1700 parte
459 1638 501 1688 etti
524 1637 635 1687 neem
704 1636 744 1686 ts.
765 1636 994 1700 israela-copula]
1013 1634 1084 1686 ulau.
1103 1650 1129 1696 o,
1146 1636 1193 1686 ts:

117 1715 229 1774 babuit»,
260 1714 333 1762 certa
364 1714 496 1763 Graecum
526 1709 634 1775 aliquod
670 1705 778 1776 δεσμὸς
802 1703 954 1780 ἄρ’ῥηιιτος.
976 1710 1002 1760 h.
1029 1708 1046 1760 l.
1068 1712 1196 1774 perpetu·

116 1786 264 1854 aremplum
280 1789 388 1838 secutus
405 1787 477 1836 dixit.
501 1787 558 1836 lam
570 1801 635 1849 pers
671 1785 1042 1838 umelcertieeimumamorie
1050 1783 1193 1834 vinculum.

113 1862 260 1914 delinienda
292 1863 350 1912 eret
376 1863 523 1925 praeeunte
551 1861 634 1925 Ibyco
672 1861 799 1910 Ceterum
815 1873 841 1910 v.
859 1861 973 1921 ineptia
994 1859 1100 1910 videtur
1125 1871 1196 1908 nuuc

112 1936 273 1988 Schneiden.
290 1949 317 2000 p.
330 1935 396 1996 teu,
418 1937 464 1999 qui
481 1935 535 1988 mel
551 1929 635 1988 ἕννα-
672 1949 733 1986 esse
750 1927 828 2000 ἅπαξ
840 1931 1004 2001 λεγόμενοι.

111 2027 158 2062 ιον
179 2013 272 2081 μέρος
297 2007 349 2076 τῆς
370 2002 536 2081 ἀμβροσίας
561 2013 633 2074 duit,
705 2011 746 2060 20.
765 2012 874 2074 Proprie
892 2009 1002 2062 solvitur
1018 2022 1109 2070 emor,
1130 2008 1157 2058 h.
1177 2005 1194 2056 l.

111 2089 263 2152 pariterque
288 2085 347 2147 illa,
377 2087 453 2136 euius
476 2089 635 2138 sententiam
672 2087 730 2149 ipse
745 2083 794 2136 soli
808 2087 887 2136 morti
899 2085 1000 2136 cedens
1011 2087 1039 2132 et
1049 2083 1083 2134 ab
1096 2096 1127 2132 aa
1140 2083 1197 2132 fini-

110 2161 226 2212 servavit
250 2157 338 2210 Schol.
363 2159 437 2212 Piud.
456 2161 490 2212 ad
510 2164 586 2224 Pylh.
604 2161 634 2224 d,
673 2163 716 2212 tus
732 2162 853 2212 amantes
868 2161 983 2224 separat,
1000 2171 1136 2220 nunquam
1148 2171 1197 2206 an-

111 2236 172 2284 tte:
198 2230 233 2284 τὸ
249 2231 317 2300 μέλι
332 2231 385 2298 τῆς
404 2227 569 2299 ἀθανασίας
591 2235 637 2288 δέ·
674 2237 716 2284 lea
745 2233 869 2296 divulsae,
898 2232 1028 2283 violenter
1055 2231 1197 2282 distractus

112 2323 201 2358 κατον
218 2311 308 2379 μέρος
324 2303 466 2375 ᾠήθησαν
483 2307 564 2362 εἶναι.
600 2313 638 2362 Si·
673 2310 762 2374 pravis
779 2309 952 2371 querimoniis
970 2308 997 2356 et
1019 2307 1116 2369 iurgiis.
1152 2306 1198 2354 Est

112 2384 209 2434 militer
221 2383 299 2446 igitur
310 2385 432 2446 οσιήισιη,
445 2385 509 2438 satis
520 2385 637 2450 amplam
674 2383 750 2446 quasi
773 2383 898 2434 dixisset:
924 2383 1015 2433 «inter
1036 2394 1104 2444 quos
1127 2393 1197 2430 nun-

111 2461 216 2522 partem
228 2458 343 2508 Venerei
355 2459 479 2522 necteris,
495 2461 578 2510 immo
590 2460 638 2510 du·
674 2471 756 2522 wem
773 2461 834 2510 ante
847 2461 962 2510 mortem
972 2457 1112 2508 discidium
1125 2469 1198 2506 arno-

114 2531 183 2594 plam
201 2531 287 2582 mellis
305 2531 490 2596 dulcedinem,
512 2536 538 2586 in
556 2535 637 2586 basiis
674 2535 711 2584 ris
734 2547 767 2584 en
783 2533 999 2584 altercationibus
1016 2533 1125 2582 oritur.»
1160 2531 1199 2580 Si·

113 2607 199 2656 inesse
218 2605 297 2664 dicil;
317 2620 463 2670 quaesane
481 2623 637 2674 saepaeurn
674 2605 743 2658 milis
776 2603 915 2659 locutionis
949 2605 1123 2658 conformatio
1157 2607 1199 2655 est

112 2679 188 2730 melle
200 2683 398 2744 comparantur.
416 2682 549 2747 Meleager
556 2685 635 2738 Anlb.
674 2684 722 2734 ud.
741 2685 766 2744 3,
784 2683 887 2744 21059:
920 2683 982 2734 Cum
995 2683 1103 2744 periura
1115 2681 1200 2744 patris

113 2753 163 2804 Pal.
182 2755 214 2804 tl.
232 2753 295 2804 ltu:
312 2754 428 2822 φίλημα
439 2756 473 2806 τὸ
485 2755 637 2830 νεκτάρεον
672 2761 733 2823 fidas
752 2759 895 2810 consortem
913 2759 1008 2808 soemo
1024 2757 1099 2820 salet
1118 2761 1141 2806 et
1157 2757 1200 2806 lto-

113 2824 298 2894 Γαιιομήδιος
320 2857 336 2868 -
352 2859 367 2869 -
387 2827 490 2898 ψυχῆς
507 2827 561 2899 ἡδὺ
588 2836 638 2886 τιέ-
673 2835 768 2904 tpitcttt.
803 2833 919 2884 Divolsus
934 2834 1025 2882 eutem
1042 2829 1137 2880 melius
1154 2844 1199 2880 re-

113 2917 195 2952 πωκα
215 2901 290 2967 pala.
326 2905 350 2968 Ξ)
368 2908 477 2958 Doctior
492 2911 581 2960 lamen
597 2913 639 2962 est
675 2907 790 2972 spondet
806 2919 832 2956 v.
851 2908 966 2968 irrupta,
986 2917 1067 2967 quam
1084 2906 1198 2964 divolsus,

113 2976 192 3028 altera
204 2979 281 3039 ratio,
292 2992 373 3042 quam
385 2985 638 3046 sequorcumWyt-
675 2981 748 3048 quod
764 2985 903 3045 praeterea
919 2981 1073 3030 auctoritate
1092 2978 1201 3029 destitu-

112 3051 414 3118 lcnbachioadEunap.
428 3069 454 3120 p.
469 3058 524 3108 lid.
540 3059 640 3108 etWe-
675 3059 732 3108 tum
750 3058 799 3106 est.
822 3083 849 3092 -
868 3057 993 3117 Seprerm
1009 3053 1089 3116 ciliae]
1115 3054 1201 3102 rarior

112 3127 191 3178 bero:
222 3130 347 3190 ιριιὲιιισ,
373 3130 471 3192 idest,
496 3131 639 3184 absolutis-
676 3130 839 3182 constructio
857 3143 921 3193 pro:
948 3128 1041 3178 «οιίιιιι
1054 3140 1136 3190 quam
1153 3141 1199 3176 su-

112 3204 187 3254 sima.
241 3203 378 3254 Transierl
417 3204 451 3254 ad
493 3208 639 3256 amantium
676 3219 769 3270 prema
795 3205 872 3254 dia.»
919 3202 972 3252 Cir.
1002 3201 1148 3252 Firnhaber
1173 3203 1200 3255 in

112 3277 203 3329 oscula
220 3275 256 3327 τὸ
273 3279 403 3342 πέμπτον
420 3271 470 3342 ὄν,
497 3275 551 3346 τὴν
567 3283 640 3348 τιέμ-
676 3281 873 3331 Zimruermann
889 3277 1005 3328 Zeitccltr.
1024 3275 1098 3327 teto.
1117 3289 1143 3340 p.
1159 3278 1198 3326 ta.

112 3368 184 3418 κιην
203 3347 308 3402 οὐσίαν
326 3354 570 3418 Pythagoreorum,
595 3357 640 3419 qtri
678 3352 934 3418 (Weissenbornius:
955 3353 1141 3415 «ciuesquam
1154 3365 1201 3402 su·

112 3431 151 3478 est
168 3428 290 3477 aethera
311 3427 372 3491 (Clr.
385 3430 492 3480 Meursii
509 3431 640 3482 Denariue
677 3441 770 3494 prema
787 3427 845 3478 dies
862 3426 964 3480 solvit.»
991 3427 1090 3476 Verum
1107 3427 1202 3489 gratio·

114 3502 314 3564 Pythagoricus.
334 3502 399 3566 Opp.
409 3503 472 3554 edit.
484 3503 551 3554 Flor.
564 3504 637 3556 titt.
676 3518 735 3554 rem
752 3503 912 3556 sententiam
929 3500 1042 3565 praebet
1057 3501 1140 3551 altera
1156 3515 1201 3550 ra-

113 3575 169 3626 Vol.
188 3575 232 3626 IV.
251 3590 279 3640 p.
297 3575 338 3628 46.
378 3579 495 3628 Boeclth.
517 3580 642 3630 Philolaus
677 3579 733 3642 tio.)
768 3579 896 3630 Ceterum
913 3591 966 3626 uon
983 3574 1113 3638 intelligo,
1133 3589 1202 3638 quo-

114 3663 138 3714 p.
158 3651 227 3714 tet.)
243 3651 316 3701 lianc
334 3650 579 3704 denominationem
596 3668 641 3706 re·
671 3652 759 3728 'modo
776 3650 1034 3704 CrllicusLeidensis
1050 3663 1202 3714 proponere

114 3727 247 3776 noverunt
273 3726 331 3776 See.
350 3727 414 3776 XVI.
442 3728 544 3790 quintae
560 3741 641 3778 essert-
678 3729 795 3794 poluerit
809 3727 935 3789 Sttprerrm
951 3726 1019 3776 laud
1035 3725 1120 3785 citius,
1139 3737 1202 3774 cum

113 3801 162 3850 tiec
185 3799 408 3866 (Quinlessenz)
431 3803 539 3852 nomine
562 3805 642 3852 ulen-
678 3818 703 3854 v.
716 3817 761 3852 nac
772 3803 904 3866 pertineat
915 3801 949 3851 ad
960 3815 985 3851 v.
998 3801 1083 3861 sabel,
1102 3813 1154 3850 non
1168 3799 1202 3850 ad

114 3877 154 3926 les
171 3874 206 3924 de
223 3875 312 3924 succis
327 3875 445 3926 odoratis
470 3889 502 3928 ae
522 3876 642 3928 medica-
678 3893 704 3928 v.
735 3879 851 3928 livosus.
903 3875 978 3926 Idem
1001 3890 1034 3925 ex
1057 3887 1111 3924 uno
1134 3874 1200 3926 Cod.

116 3949 211 3998 mentm
235 3947 427 4000 subtilioribus.
471 3951 533 4014 (Ctr.
561 3953 642 4002 etiam
679 3951 872 4018 Vandarburgii
896 3951 1014 4015 praefert
1041 3949 1126 4008 εοὶοιις
1153 3949 1202 4000 sed

116 4025 248 4088 Boetliger
262 4023 359 4074 Sabim
374 4025 395 4074 l.
412 4039 439 4090 p.
460 4025 527 4088 l83.)
680 4026 798 4078 futurum
815 4025 893 4090 longe
911 4025 997 4088 aptius
1013 4025 1054 4074 est
1071 4021 1104 4073 ad
1122 4023 1203 4084 signi-

149 4099 188 4148 tt.
224 4099 316 4149 Felices
349 4099 395 4164 ter]
432 4097 641 4172 τρισμάκαρες,
680 4101 815 4152 licendum
842 4113 963 4152 amorem
987 4111 1067 4162 quam
1088 4098 1202 4148 manime

118 4170 292 4243 τρισόλβιοι,
309 4172 371 4226 alibi
392 4181 477 4238 terque
496 4183 640 4240 σιισιιιριισ.
680 4177 843 4228 diuturnum.
