3078 4978
650 481 654 488 ¹
724 459 853 512 nonant
878 459 1007 511 EPODON

688 893 1029 957 cmm.

492 1045 637 1112 Parentis
660 1043 736 1111 olim
757 1044 784 1111 si
808 1045 881 1132 quis
904 1044 1002 1131 impia
1024 1015 1120 1110 manu

532 1165 640 1233 Senile
664 1173 772 1252 guttur
793 1165 941 1253 fregerit,
1003 1195 1010 1210 ·

489 1286 562 1354 Edit
582 1287 695 1355 cicutis
717 1286 827 1354 allium
848 1287 1026 1354 nocentius

535 1409 564 1476 Ο
587 1407 669 1474 dura
690 1427 873 1475 messorum
894 1407 966 1476 ilial

490 1529 576 1611 Quid
598 1529 661 1598 hoc
681 1529 797 1598 veneni
819 1530 923 1598 saevit
944 1530 977 1596 in
997 1527 1226 1618 praecordiis?
1388 1531 1406 1594 5

388 1713 430 1762 lll.
453 1711 535 1761 luscr.
554 1708 622 1772 volg.
650 1709 689 1760 Ad
704 1711 890 1772 Mammam,
909 1713 936 1760 et
952 1709 991 1760 sic
1007 1709 1052 1772 Bc,
1070 1708 1200 1760 addentes
1224 1709 1379 1760 aesernia-

355 1786 451 1836 atltcm.
472 1811 497 1822 -
523 1784 548 1835 3.
567 1784 627 1834 Edit
644 1795 779 1847 superscr.
798 1798 816 1833 o
832 1783 864 1846 b,
886 1785 955 1834 liciat
971 1783 989 1834 d
1006 1786 1034 1834 04
1051 1783 1203 1849 complures
1220 1783 1276 1845 alii,
1296 1785 1376 1834 etiam

355 1858 545 1921 Pott.‚1lldus.
560 1859 600 1923 (Ut
615 1871 674 1920 nos,
686 1859 750 1920 ase,
770 1858 862 1911 Bland.
876 1861 1014 1922 quattuor,
1032 1860 1100 1909 Pott.
1115 1858 1239 1922 septem.)
1258 1886 1285 1894 -
1299 1859 1377 1908 aliran

356 1935 384 1984 B.
405 1933 461 1986 vid.
475 1933 622 1985 Schneider
633 1935 688 1984 Lat.
700 1935 744 1985 Gr.
758 1935 778 1984 l.
792 1947 818 1998 p.
830 1933 888 1985 4448.
911 1934 1029 1996 Wagner
1041 1931 1158 1996 Ortioqr.
1175 1933 1264 1996 Verqii.
1278 1945 1305 1997 p.
1318 1931 1374 1983 446.

357 2095 399 2143 lll.
417 2094 510 2144 looosa
528 2093 676 2144 exsecratio
694 2092 758 2156 allii,
777 2092 850 2157 quod
885 2094 991 2156 patrem
1010 2089 1161 2154 iugularit.»
1191 2089 1272 2141 simili
1290 2101 1408 2141 exsecra·

326 2169 350 2218 ei
372 2168 493 2219 inscienti
514 2171 654 2220 Maecenas
675 2169 701 2218 in
719 2165 791 2218 olere
808 2168 850 2216 in·
887 2168 957 2217 tione
975 2177 1040 2216 usus
1058 2167 1100 2217 est
1116 2166 1229 2216 Naevius
1245 2165 1318 2230 apud
1330 2165 1406 2214 Prisc

325 2245 432 2294 coctum
460 2245 630 2308 apposuerat.
670 2243 750 2294 lliros
778 2242 850 2292 enirn
886 2242 910 2302 6,
924 2242 986 2306 ap.
997 2241 1054 2291 288.
1066 2241 1125 2291 lla:
1147 2240 1408 2302 uenenariorum

327 2319 390 2367 4000
415 2316 490 2368 cibos
514 2315 651 2379 (italorum
676 2315 793 2380 00404044)
817 2329 851 2364 ex
886 2315 930 2376 qui
950 2316 1064 2377 pricuan
1086 2315 1161 2364 alitor
1177 2327 1265 2376 cepam
1288 2315 1408 2376 00040444

326 2389 423 2440 talibus
440 2391 626 2442 conficiebant.
652 2392 706 2442 Cic.
720 2390 763 2441 ad.
776 2391 848 2440 Fam.
889 2419 915 2426 -
934 2401 1071 2440 0400000004
1086 2387 1140 2453 ilic]
1160 2401 1246 2452 «quae
1263 2388 1335 2438 terre
1346 2401 1409 2453 pos-

326 2465 355 2526 7,
382 2466 428 2514 26:
463 2465 567 2528 scapos,
606 2465 734 2528 helvetios,
762 2464 852 2514 400νὸ00
887 2465 939 2514 0404
967 2467 1021 2514 tam
1047 2463 1134 2514 dirum
1159 2475 1322 2512 venenum.»
1358 2463 1408 2514 Cir.

327 2551 410 2588 manes
425 2537 463 2588 ita
485 2540 616 2598 condiunt,
643 2543 673 2588 ut
693 2539 756 2588 nihii
773 2538 852 2601 possit
886 2536 982 2602 Virgilii
1012 2539 1144 2590 Moratum
1169 2541 1197 2588 et
1222 2535 1275 2586 Ecl.
1304 2537 1335 2598 2,
1363 2537 1408 2587 to:

326 2612 497 2662 000000αυί00,
522 2611 571 2662 Alii
583 2613 732 2675 cogitarunt
748 2612 782 2663 de
795 2626 852 2663 mo·
888 2613 1003 2674 Tiustuiis
1023 2617 1047 2662 et
1065 2613 1157 2674 rapido
1179 2612 1250 2675 sessis
1265 2611 1412 2660 0000004400

326 2689 400 2746 reto,
419 2687 468 2738 sed
483 2687 581 2751 priscam
598 2688 620 2736 is
638 2688 696 2742 erat
712 2687 789 2748 cibas,
807 2701 852 2737 ru-
887 2692 957 2737 acsta
972 2685 1039 2737 luta
1055 2686 1238 2748 serpyllumque
1254 2683 1345 2734 herbas
1358 2699 1412 2735 eoa-

326 2762 455 2812 sticorum
466 2763 605 2826 imprimis.
620 2761 685 2812 Vide
695 2763 770 2812 ovid.
782 2764 848 2812 Fast.
887 2762 968 2812 tundit
985 2762 1083 2811 olentes.
1105 2757 1220 2810 Galenus
1237 2759 1353 2823 Therap.
1373 2759 1410 2820 ti,

326 2835 351 2898 4,
365 2836 413 2886 367
425 2849 502 2901 seqq.
517 2839 544 2888 et
555 2837 628 2900 quod
640 2837 745 2901 Virgilio
757 2836 851 2888 tribui-
887 2837 911 2886 3.
930 2835 1023 2885 allium
1032 2835 1111 2885 vocat
1127 2830 1185 2883 τῶν
1200 2827 1347 2905 ἀγροίκων
1360 2832 1412 2898 3η-

325 2913 369 2961 tur
384 2913 517 2962 Moratum.
542 2911 852 2977 (Compositumvidetur
887 2905 999 2982 ριακήν.
1020 2937 1048 2947 -
1069 2908 1239 2973 praecordiis]
1261 2921 1313 2972 pro
1330 2907 1412 2958 «inte

326 2999 448 3048 carmen,
475 2989 618 3050 antequam
638 2987 761 3038 Terentia
778 2989 851 3038 4400-
887 2987 987 3037 0440700.
1012 2985 1064 3036 Cir.
1084 2987 1137 3035 Sat.
1156 2985 1185 3046 2,
1204 2982 1232 3044 4,
1251 2983 1293 3033 76.
1312 2983 1411 3034 &neca

326 3062 412 3112 cenati
430 3065 572 3126 nupserat,
595 3076 620 3112 a.
639 3075 666 3112 a.
685 3076 710 3112 0.
729 3063 786 3113 7444.
805 3063 852 3112 aut
887 3063 934 3126 Ep.
962 3061 1007 3120 95,
1025 3061 1073 3110 25:
1103 3071 1311 3125 qarum--aoa
1336 3058 1413 3108 credis

327 3135 394 3198 734.)
886 3149 962 3187 orere
977 3135 1045 3185 salsa
1061 3135 1117 3184 4040
1129 3131 1304 3197 praecordia?

359 3211 413 3260 4-4.
443 3209 510 3275 olim]
535 3212 589 3262 Cir.
608 3211 656 3261 0d.
675 3209 704 3272 4,
728 3210 756 3272 4,
775 3212 799 3260 5.
820 3238 848 3246 -
921 3209 992 3260 6-8.
1021 3209 1149 3271 viperinas
1170 3207 1256 3272 eruor]
1281 3219 1410 3272 praeseus

324 3285 420 3349 quitur]
433 3284 523 3345 Odi,
539 3285 584 3346 43,
603 3285 627 3334 6.
646 3285 785 3348 usurpavit
796 3282 852 3334 vol·
887 3297 1036 3347 venenum,
1062 3287 1093 3334 04
1109 3283 1157 3333 0d.
1177 3283 1206 3344 l,
1225 3281 1252 3343 8,
1272 3281 1297 3331 9.
1320 3307 1347 3317 -
1374 3282 1412 3329 ia-

326 3360 411 3423 304400
427 3360 546 3423 sraaqere
563 3360 683 3409 0040400440
698 3372 748 3424 pro
763 3363 851 3408 stran-
888 3359 978 3424 coctio]
997 3359 1039 3408 Sic
1057 3357 1150 3410 Medea
1167 3356 1240 3420 apud
1256 3355 1333 3406 Ouid.
1351 3357 1410 3406 liet.

326 3435 424 3498 patore.
454 3463 481 3471 —
510 3435 584 3484 «Edit
599 3436 688 3499 potius
705 3434 851 3485 dicendum
887 3434 992 3494 istac:
1012 3433 1162 3494 Sarcinaque
1176 3433 1413 3495 florcsqaaactsacoa

328 3522 409 3573 quam
427 3511 492 3560 edat.
511 3510 618 3573 Antiqui
636 3510 708 3559 enim
725 3507 852 3559 dicebant
887 3509 997 3570 incoquit
1013 3521 1093 3558 acres.
1110 3533 1137 3544 -·
1155 3505 1245 3570 maias]
1262 3505 1335 3568 Virg.
1349 3505 1411 3555 Aen.

326 3585 404 3646 edim,
423 3586 487 3646 odis,
505 3586 634 3634 cditcet.»
652 3586 849 3635 ncnouNarnrn.
887 3584 918 3644 2,
943 3581 1006 3633 lli:
1036 3581 1136 3632 0040400
1159 3581 1231 3630 maia
1255 3579 1411 3642 (venenosa)

326 3660 422 3722 Sicque
448 3663 490 3708 est
515 3661 595 3711 etiam
620 3660 673 3708 Sat.
696 3659 727 3720 8,
753 3659 781 3720 8,
809 3659 849 3708 94,
886 3657 1007 3722 pamiae
1018 3661 1116 3719 pastus.
1142 3683 1169 3693 -
1193 3653 1309 3717 Cnidia]
1335 3665 1411 3716 saga,

327 3731 604 3792 Cic.adFam.8.8tl:
623 3733 850 3792 uc·-comadim;
888 3733 986 3783 Horatii
1009 3732 1125 3782 inimica.
1160 3729 1212 3782 Cir.
1232 3727 1361 3793 Epod.5.
1389 3731 1413 3775 et

292 3805 299 3817 “
327 3807 355 3855 04
379 3808 533 3856 constanter
558 3807 631 3870 apud
656 3806 787 3858 Plautum.
810 3807 850 3870 (V.
889 3809 929 3857 47.
950 3835 977 3842 -
996 3806 1124 3871 tractauit]
1148 3805 1300 3869 «apparavit
1320 3805 1348 3852 et
1365 3801 1413 3852 mi·

326 3878 412 3931 aulul.
431 3879 461 3940 3,
479 3882 508 3940 3,
529 3882 568 3930 46.
596 3881 742 3931 Trinumm.
766 3882 795 3943 t,
819 3881 849 3942 2,
888 3881 982 3932 scuit.»
1012 3881 1054 3930 Sic
1072 3880 1119 3930 0d.
1139 3881 1170 3942 2,
1196 3879 1241 3938 43,
1262 3878 1293 3928 8:
1319 3889 1412 3926 acuam

326 3953 367 4003 65.
381 3952 446 4003 ibid.
460 3953 488 4014 3,
508 3953 538 4014 4,
557 3955 597 4003 77.
617 3954 678 4014 004.)
700 3952 850 4005 Perfectum
887 3955 978 4008 004040
989 3981 1003 3990 -
1015 3981 1026 3990 -
1042 3955 1177 4006 Tractaoit.

327 4041 388 4078 esse
404 4027 507 4092 nequit,
527 4040 588 4077 cum
601 4039 697 4076 sensus
710 4029 850 4078 manifesto
920 4030 993 4080 9-tt.
1012 4029 1146 4092 Insignem
1163 4029 1218 4078 vim
1235 4025 1370 4078 cornicem
1386 4027 1410 4076 iu

327 4104 371 4153 hic
387 4103 434 4154 sit:
454 4103 525 4154 «4400
543 4113 679 4152 summum
691 4101 851 4168 supplicium
888 4102 1073 4154 huiuscemodi
1083 4103 1202 4154 carmine
1213 4101 1413 4152 habentexem-

326 4179 455 4242 patiatur,
482 4179 512 4228 ut
533 4175 622 4227 allium
640 4189 701 4227 asse
718 4176 849 4237 debeata
887 4176 1116 4243 plaabheroibus
1128 4176 1248 4241 repetita.
1264 4204 1291 4212 -
1308 4175 1411 4236 [44004]

328 4255 482 4318 neutiquam
506 4263 584 4302 vero:
614 4250 692 4301 «ideo
714 4253 774 4316 quia
797 4253 852 4303 edit
888 4254 1082 4314 «Posteaquam
1095 4250 1188 4303 Medea
1203 4249 1305 4300 laconis
1318 4251 1412 4300 ceteris

327 4327 417 4378 allium
434 4340 523 4390 eoquo
540 4326 567 4378 in
584 4325 701 4378 furorem
713 4330 788 4379 actas
800 4329 850 4391 est,
888 4325 1013 4379 omnibus
1023 4325 1182 4391 Argonautis
1192 4323 1351 4390 pulchrioris
1363 4323 1412 4377 lor
