3012 4978
492 458 551 508 LlB.
570 459 612 508 lV.
648 461 676 508 C.
697 459 726 507 V.

228 617 265 682 Et
286 616 383 683 vitem
406 613 519 682 viduas
542 613 630 680 ducit
651 613 693 680 ad
716 613 869 692 arbores,

228 738 309 805 Hinc
331 737 372 804 ad
394 736 468 802 vina
490 735 574 804 redit
595 735 699 802 laetus
722 745 755 802 et
776 735 884 803 alteris

313 861 356 926 Te
379 859 499 926 mensis
521 857 654 924 adhibet
675 857 789 936 deum;

229 1021 271 1085 Te
294 1017 393 1085 multa
413 1039 529 1106 prece,
554 1029 584 1084 ta
608 1017 817 1105 prosequitur
839 1038 928 1084 mero

227 1139 349 1208 Debrso
371 1141 493 1227 pateris
518 1150 551 1207 et
571 1138 708 1206 Laribus
729 1149 820 1206 tuum

153 1343 157 1350 .
228 1263 340 1331 Miscet
361 1283 495 1340 numen,
519 1262 565 1328 uti
588 1262 724 1329 Graecia
747 1262 889 1329 Castoris
1148 1263 1189 1328 35

315 1386 352 1451 Et
373 1385 479 1473 magni
502 1405 626 1450 memor
649 1382 807 1450 Herculis.

169 1604 208 1653 al.
234 1605 303 1654 acab
319 1604 352 1665 Τ,
379 1604 444 1654 item
461 1605 494 1664 S,
523 1603 753 1667 superaccessit,
780 1600 848 1664 βκχ,
873 1601 1016 1654 Bentlslus.
1044 1604 1075 1656 Ut
1093 1615 1156 1663 nos,

138 1675 267 1814 bibims
285 1677 433 1805 tapetias
450 1677 537 1738 blod.
556 1675 647 1728 Bland.
661 1677 810 1740 antiquiss:
828 1677 927 1740 Dilllsro
943 1677 972 1736 B,
990 1679 1055 1728 item
1070 1679 1096 1738 S,
1114 1691 1159 1730 su-

109 1959 187 1998 renas
212 1963 320 2000 sacram
343 1950 472 2012 possessio.
508 1947 627 1998 Similem
665 1961 728 1998 cum
745 1947 856 1998 Laribus
878 1949 933 2001 suis
954 1952 981 2000 ta
998 1951 1141 2002 veneratur
1158 1965 1190 2002 ao

111 2023 176 2084 pacis
192 2025 325 2088 picturam
345 2024 482 2074 Dacierius
500 2023 628 2073 affertos
664 2029 760 2086 pacem
777 2026 851 2075 tuam
869 2024 999 2074 invocat.»
1024 2025 1099 2075 Ouid.
1118 2027 1187 2082 Fast.

110 2097 235 2150 Michaeas
253 2101 319 2164 Cap.
339 2097 367 2159 i,
387 2099 415 2149 i:
434 2099 467 2148 lit
482 2098 571 2147 sedebit
586 2097 628 2145 air
664 2097 693 2156 ξ,
713 2094 774 2148 63l:
799 2097 932 2161 (Caristiis)
950 2099 984 2148 ut
1004 2100 1079 2150 libate
1100 2101 1189 2164 tapes,

109 2171 185 2222 ιιιὸιιιι
198 2174 299 2224 vineam
316 2187 389 2222 scam
405 2177 429 2222 et
449 2172 533 2221 subtus
551 2173 628 2236 ficum
663 2177 691 2221 ιιι
707 2172 777 2235 prati
793 2173 887 2236 pipaas
906 2175 1007 2223 iocaris
1025 2175 1129 2224 Natriet
1149 2177 1191 2226 ia-

110 2257 187 2310 saem,
213 2254 236 2298 et
260 2263 313 2298 non
338 2248 397 2308 erit,
425 2249 468 2309 cai
494 2249 625 2296 deterreat.
664 2247 757 2296 cinctos
771 2247 848 2295 missa
862 2247 957 2309 patella
968 2247 1054 2298 Lares.
1086 2250 1190 2310 lancae
1296 2251 1301 2257 '

113 2347 136 2354 -
157 2323 252 2388 cidens]
276 2321 379 2372 Viduas
403 2321 527 2370 dicuntur
547 2320 625 2382 ulmi,
663 2320 706 2369 abi
734 2319 846 2370 suadebit
869 2322 984 2384 placidos
1010 2337 1064 2372 nox
1088 2324 1191 2374 humida

57 2460 60 2468 Ι
110 2397 190 2458 populi
215 2398 372 2461 similesque
398 2395 523 2454 arbores,
550 2396 628 2446 ante·
663 2407 774 2456 soncos,
787 2397 875 2460 Larsa
887 2397 1190 2459 praemarisamitsoiac

111 2480 182 2530 quam
211 2473 355 2537 iungantur
382 2472 492 2533 vitibus,
522 2472 627 2550 iupclaa
663 2481 743 2518 macc
763 2471 809 2532 at,
836 2471 901 2521 Bene
922 2485 967 2522 nos
990 2473 1105 2535 Patriae,
1131 2473 1191 2526 beas

110 2547 191 2595 autem
208 2551 321 2598 maritae
336 2547 475 2597 vocantur.
499 2545 583 2609 Epod.
600 2546 625 2606 2,
664 2549 699 2606 te,
717 2545 806 2607 Pater,
819 2547 910 2608 optime
922 2547 1028 2610 Caesar,
1048 2549 1128 2599 Dicite
1139 2551 1191 2614 sas·

111 2615 136 2665 a:
154 2620 629 2684 adabaaitiampropapiasdltesme-
663 2619 719 2682 fisso
732 2635 781 2683 psr
798 2635 874 2672 sacra
889 2622 967 2672 verba
983 2637 1061 2674 mero.
1087 2625 1188 2688 Diabl,

111 2691 166 2743 ritot
183 2698 296 2758 populas.
318 2697 426 2746 Inversa
446 2696 561 2757 imagine
580 2695 629 2745 Ca-
666 2697 705 2746 ⁴9.
719 2699 780 2759 post
791 2709 909 2760 pugnam
920 2698 1068 2748 Actiacam:
1086 2697 1117 2750 ἐν
1128 2705 1191 2764 τοῖς

112 2765 181 2818 tullus
191 2771 234 2832 bi,
246 2770 292 2822 iil:
305 2771 380 2819 uitem
390 2770 494 2819 viduam
503 2767 625 2833 appellat.
665 2771 839 2832 συσσιτίοις,
858 2763 915 2829 οὐχ
932 2764 978 2821 ὅτι
989 2776 1051 2834 τοῖς
1069 2779 1189 2838 κοινοῖς,

113 2867 136 2876 -
151 2845 224 2908 restit]
249 2846 380 2896 «domum
398 2855 476 2894 suam
493 2842 527 2892 ab
545 2856 627 2907 opere
664 2837 738 2894 ἀλλὰ
755 2845 805 2893 nol
818 2850 882 2906 τοῖς
898 2842 980 2908 ἰδίοις
992 2842 1102 2909 πάντας
1112 2843 1190 2917 αὐτῷ

110 2917 213 2980 rustico,
226 2923 255 2970 ul
265 2919 335 2971 solet
346 2919 478 2982 quotidie,
492 2920 520 2968 ct
530 2931 629 2968 sacun-
665 2915 796 2969 σπένδειν
821 2917 989 2981 ἐκέλευσαν,
1016 2915 1047 2982 ἔς
1067 2936 1098 2971 τι
1122 2920 1191 2988 τούς

111 2988 146 3040 dis
162 2997 260 3046 mansis
281 2993 330 3045 tibi
352 2995 383 3043 ut
404 2993 455 3043 deo
471 2991 628 3043 libationem
666 2987 776 3059 ὕμνους
793 2987 883 3043 αὐτὸν
899 2991 931 3057 ἐξ
948 2991 1015 3044 ἴσον
1032 2999 1094 3058 τοῖς
1110 2997 1192 3063 θεοῖς

111 3063 205 3116 alleri.»
240 3069 312 3120 Venit
328 3067 405 3130 longe
423 3069 511 3118 minus
535 3068 628 3132 aptum
665 3065 870 3140 ἐγγράφεσθαι.
896 3071 953 3120 Non
971 3073 1013 3120 est
1029 3072 1109 3133 igitur
1123 3087 1192 3125 vana

111 3149 184 3199 quam
199 3145 275 3204 redit3
303 3143 446 3203 estasim,
470 3143 547 3205 quasi
564 3143 628 3191 tunc
665 3143 789 3195 adulatio.
818 3169 846 3179 -
872 3143 974 3207 Desara]
1000 3157 1025 3194 v.
1053 3149 1192 3210 proprium

111 3214 218 3273 primum
235 3218 380 3270 accederet
396 3219 431 3267 ad
448 3219 517 3267 vina.
549 3218 628 3267 Simi-
665 3220 699 3270 de
716 3217 895 3269 libationibus.
922 3217 1009 3269 Valor.
1029 3221 1096 3271 Max.
1112 3222 1141 3284 ἲ,
1161 3224 1189 3286 6,

111 3283 164 3338 liter
179 3293 479 3344 contundunturrerliret
491 3295 519 3342 et
533 3293 629 3342 asciret
664 3296 694 3346 8:
715 3294 775 3343 Tam
792 3293 883 3358 derasis
898 3294 1026 3345 Mercurio
1042 3295 1189 3350 libamentis.

111 3361 170 3428 Epp.
188 3370 216 3429 t,
234 3372 263 3432 2,
281 3371 322 3422 22.
339 3397 367 3406 —
385 3367 475 3418 Verba
492 3369 524 3419 Te
539 3370 629 3418 massis
664 3371 693 3418 ln
719 3367 808 3419 multis
835 3367 919 3418 Codd.
945 3367 1120 3421 substitutum
1149 3373 1192 3422 ost

112 3438 201 3492 adhibet
217 3445 289 3495 bema
306 3442 472 3508 explicantur
489 3444 628 3507 sequenti·
665 3445 752 3494 notius
777 3442 893 3493 verbum
916 3444 1022 3506 diffisso,
1050 3443 1123 3507 quod
1149 3449 1191 3497 est

112 3509 165 3562 bus.
182 3517 251 3582 virg.
270 3522 336 3571 Aen.
350 3520 377 3580 5,
397 3518 444 3568 62:
463 3517 628 3568 adbibetsl’s-
665 3533 713 3569 aex
725 3517 795 3569 dolio
808 3531 830 3568 s.
845 3531 913 3581 cupa
926 3519 1017 3568 vinum
1034 3520 1060 3568 in
1078 3522 1191 3584 ampho-

111 3592 174 3638 aates
192 3593 224 3642 lit
241 3595 342 3656 patrios
358 3593 437 3655 epulis
452 3597 476 3642 st
493 3607 554 3655 qaas
570 3593 628 3642 colit
663 3607 706 3644 ms
728 3592 770 3643 vel
791 3591 900 3656 lagenas
923 3593 1136 3645 transiundere.»
1161 3625 1188 3633 -

111 3657 188 3722 imp„
203 3667 307 3718 Acestes.
342 3669 382 3717 lle
405 3666 494 3730 sigillis
511 3666 627 3737 ἐπιτρα-
662 3670 700 3717 eti
716 3668 833 3731 Graecia]
848 3669 892 3718 aut
904 3669 1013 3718 Graecia
1025 3681 1130 3719 memor
1141 3671 1191 3721 Ca·

112 3738 209 3802 πεζιοις
230 3742 339 3806 Augusti
360 3742 398 3804 (ut
419 3745 478 3792 erat
497 3741 626 3793 Hercules
664 3744 743 3793 storis
767 3744 795 3792 et
817 3741 937 3793 Herculis
961 3756 1008 3793 sos
1030 3743 1101 3793 inter
1123 3744 1189 3796 deos

112 3811 279 3877 epttnpazius
299 3816 416 3868 Vindicis
437 3818 500 3867 Stat.
520 3817 580 3868 Silv.
600 3818 624 3880 i,
663 3818 801 3878 honorata
820 3831 888 3877 non,
906 3819 937 3866 ut
953 3816 996 3867 alii
1012 3816 1118 3867 volunt:
1144 3821 1189 3869 aut

112 3881 137 3943 6,
154 3885 195 3936 32:
212 3891 289 3952 sertae
303 3892 398 3955 ,Genius
415 3892 539 3954 lautaque
554 3907 626 3942 merr-
663 3892 772 3941 Graecia
794 3905 900 3942 memor
918 3893 1013 3941 miscet
1030 3891 1070 3942 dis
1088 3905 1188 3942 numen

111 3959 171 4022 tae.)
187 3965 256 4028 apud
272 3967 387 4016 rusticos
401 3965 483 4016 nolim
498 3967 624 4030 equidem
663 3967 779 4017 Castoris
800 3969 828 4016 et
852 3966 997 4017 Herculis„
1028 3967 1189 4030 (assentitur

112 4037 237 4093 tumultis
254 4043 381 4104 cogitare.
664 4041 727 4091 mibi
739 4041 925 4104 Dillenburger
940 4055 967 4105 p.
986 4041 1033 4090 92:
1053 4042 1187 4092 «Primum

140 4105 222 4162 33-36.
239 4117 400 4178 prosecatur
415 4115 493 4180 mero]
511 4117 543 4168 llt
559 4115 625 4166 dici·
662 4115 773 4179 quidem
790 4129 843 4166 non
861 4115 935 4166 tacite
953 4116 1025 4176 lero,
1043 4114 1116 4178 quod
1132 4129 1187 4165 me-

113 4189 166 4264 ffljls
183 4183 332 4251 «laudibus,
351 4193 537 4251 veneratione,
555 4191 624 4243 votis
661 4205 719 4240 mor
731 4191 894 4242 adiectivum
905 4203 958 4254 quo
970 4189 1102 4240 reseratur
1113 4188 1187 4240 obie-

112 4249 219 4316 abqnem
234 4267 385 4328 proaem»,
408 4267 446 4316 sic
466 4266 493 4316 b.
512 4265 529 4316 l.
548 4278 625 4316 mero
663 4268 706 4315 cto
728 4267 832 4329 privare
856 4266 986 4316 conantur
1002 4265 1032 4324 ii,
1057 4265 1103 4327 qui
1119 4263 1186 4315 alte·

113 4327 272 4387 attractionis
283 4338 395 4388 bonore.
408 4341 454 4389 Est
465 4353 541 4401 argo:
556 4351 625 4390 «una
662 4353 720 4392 ram
738 4341 965 4392 constructionem
982 4341 1131 4404 sequuntur
1140 4355 1147 4402 ς
1156 4367 1187 4379 --

83 4453 85 4460 ⁴
191 4425 278 4474 Henna.
295 4442 349 4476 von.
365 4431 380 4476 l.
412 4443 451 4479 sn.
469 4441 546 4476 aaron
562 4430 597 4476 lll.
985 4433 1014 4477 36
