2998 4980
627 455 632 466 '
666 445 794 498 itonam
812 443 980 495 centonum

469 607 580 670 Donec
601 601 715 668 virenti
738 599 871 666 canities
894 597 987 663 abest

472 727 607 790 Morosa.
651 725 742 788 Nunc
763 731 796 788 et
817 739 951 806 campus
973 729 1005 783 et
1026 737 1123 782 areae

513 847 684 932 Lenesque
706 841 768 909 sub
790 850 917 906 noctem
944 837 1069 904 susurri
1157 899 1159 904 ,

516 965 701 1053 Composita
722 971 909 1050 repetantur
930 958 1025 1034 hora,

472 1127 562 1192 Nunc
585 1132 617 1190 et
639 1121 765 1188 latentis
787 1117 932 1206 proditor
955 1116 1064 1182 intimo

472 1246 587 1313 Gratus
610 1241 738 1331 puellae
759 1240 845 1305 risus
867 1237 908 1304 ab
930 1236 1048 1324 angulo

513 1366 699 1452 Pignusque
723 1333 894 1448 dereptum
914 1358 1042 1426 lacertis

514 1489 575 1552 Aut
595 1484 695 1574 digito
716 1481 800 1550 male
824 1479 988 1568 pertinaci.

347 1691 387 1741 st.
407 1688 502 1739 intorno
519 1700 542 1736 c.
565 1711 591 1721 -
611 1685 652 1734 23.
672 1683 796 1744 direptum
813 1680 850 1729 ST
868 1680 896 1728 et
913 1690 981 1728 corr.
1001 1676 1028 1726 b.

283 1869 308 1922 6,
328 1868 388 1918 tta:
407 1867 494 1924 Parce,
509 1873 610 1926 precor,
627 1859 721 1918 Paean,
739 1861 763 1907 02
779 1861 808 1906 Ν
843 1864 938 1922 cultat;
957 1877 1019 1914 mox
1036 1865 1127 1914 autem
1144 1875 1177 1912 ex
1194 1860 1303 1925 angulo,
1323 1861 1370 1914 ubi

282 1945 376 2004 dapem
399 1939 512 2002 sapores.
542 1937 570 1985 et
598 1933 720 1985 Horatius
749 1933 805 1996 ipse
843 1938 920 2000 latet,
942 1939 1072 1988 cachinno
1093 1935 1198 1988 sublato
1219 1935 1248 1987 ‘se
1266 1937 1368 2000 prodit;

282 2019 348 2079 Epp.
369 2015 393 2072 t,
411 2013 437 2072 2,
459 2011 503 2060 63:
533 2010 605 2058 Hunc
624 2007 720 2070 Γνοιιίε,
742 2008 807 2055 hunc
843 2015 947 2064 amator
963 2014 1032 2062 intro
1049 2025 1079 2062 se
1090 2011 1268 2075 praecipitans
1280 2009 1372 2060 armil-

282 2096 310 2140 ιιι
326 2099 450 2149 compesce
466 2089 563 2134 cateno.
843 2086 897 2138 lam
921 2085 964 2136 vel
991 2085 1112 2145 anulum,
1139 2085 1233 2149 pignus
1259 2086 1369 2144 amoris,

316 2163 355 2212 tr.
382 2159 481 2222 virenti]
501 2157 613 2206 llorenti.
632 2155 744 2206 Theoor.
763 2156 805 2216 2⁸1.
844 2161 942 2226 deripit
957 2159 1062 2226 puellae
1080 2157 1212 2212 simulanti
1234 2172 1264 2209 se
1286 2161 1372 2222 perti-

282 2237 328 2287 66:
351 2229 692 2303 χλοεροῖσιν-μελὲεσσιν.
722 2230 805 2292 Epod.
844 2249 939 2287 nacem
962 2248 1075 2286 esseae
1099 2232 1236 2292 reluctari,
1264 2233 1313 2283 sed
1340 2247 1371 2283 re

283 2311 323 2370 tt,
342 2309 371 2360 l:
390 2310 498 2369 dnnrqrte
512 2307 594 2355 virent
604 2317 696 2367 potua,
715 2305 806 2368 sicque
843 2325 908 2361 vera
925 2323 955 2360 so
973 2308 1079 2375 spoliari
1096 2308 1230 2371 gaudenti.

281 2385 370 2433 viridis
394 2385 512 2432 senectus.
542 2379 637 2430 llansit
656 2379 698 2428 hic
716 2381 807 2442 tropus
877 2386 918 2435 20.
936 2383 1090 2448 repetentur]
1111 2381 1223 2432 acrebro
1235 2395 1372 2444 quaeran-

283 2457 354 2510 ltalis
380 2457 405 2506 ln
431 2455 458 2504 lo
481 2454 556 2504 verde
580 2453 635 2512 θίὰ,
665 2465 718 2503 1¹0ss
743 2453 807 2502 ilem
844 2461 913 2508 tur.»
948 2459 985 2508 Ex
1002 2471 1028 2506 v.
1047 2461 1194 2520 repetantur
1211 2457 1370 2517 cogitatione

283 2531 371 2582 nobis.
844 2531 973 2582 elicienda
999 2529 1048 2580 alia
1076 2531 1146 2580 risus
1173 2529 1315 2593 proditoris
1344 2532 1372 2580 et

317 2605 357 2654 t8.
376 2605 490 2654 Moroeue
505 2602 654 2652 contrarius
672 2603 712 2651 est
729 2602 809 2651 mori-
843 2607 959 2670 pignoris
994 2605 1097 2669 derepti
1130 2605 1214 2666 magis
1247 2605 1369 2667 propria:

282 2693 352 2743 pero,
371 2679 402 2738 is,
423 2678 467 2739 qui
484 2675 541 2726 aliis
553 2689 657 2726 morem
675 2689 769 2738 gerere
782 2677 809 2725 et
845 2682 935 2730 «Nunc
957 2679 984 2728 hi
1006 2691 1113 2742 quoque
1135 2675 1204 2728 soliti
1224 2678 1372 2728 amantium

283 2753 396 2816 obsequi
413 2753 528 2801 recuset.
544 2779 572 2786 -
585 2750 697 2813 lt'unctn
686 2751 809 2801 nUtcon-
844 2755 894 2804 ioci
912 2767 960 2804 vos
978 2751 1112 2803 delectare
1123 2753 1261 2815 possunt
1250 2750 1372 2802 »Nolim

282 2829 356 2878 venit
381 2827 550 2888 aetatique
576 2838 646 2873 nunc
675 2837 714 2886 es,
742 2824 808 2874 ado·
845 2829 915 2878 enim
933 2826 1058 2892 supplere
1076 2825 1192 2877 estadv.
1205 2826 1373 2888 protecturus

283 2901 415 2952 lescens.»
450 2899 558 2950 Rufinus
575 2899 691 2949 lnAnth.
711 2897 768 2949 Pal.
787 2901 806 2948 l.
845 2905 1004 2966 gratumque
1018 2901 1112 2965 planos
1134 2912 1196 2950 eum
1213 2897 1270 2949 aliis
1287 2899 1372 2950 iuter-

282 2989 309 3040 p.
330 2975 391 3025 tot:
422 2973 504 3038 Ζωῆς
518 2965 690 3061 Ιᾶνθρώποις
711 2966 809 3038 ὀλίγος
845 2975 975 3040 pratibus.

283 3047 398 3122 χρόνος·
417 3042 483 3120 ἄρτι
500 3044 619 3109 Λύαιος,
630 3041 707 3132 *Apu
723 3049 808 3118 χοροὶ
878 3049 919 3100 et.
942 3047 1009 3098 mole
1022 3046 1156 3111 pertinace]
1184 3060 1257 3096 ouon
1274 3045 1371 3097 admo-

283 3125 425 3186 στέφανοί
441 3138 471 3173 τε
488 3121 655 3184 palamne,
677 3115 741 3192 ἄρτι
758 3137 809 3188 γυ·
846 3123 910 3173 dum
936 3123 1076 3186 pertinaci,
1104 3123 1165 3186 quia
1186 3120 1371 3172 tantummodo

284 3205 442 3262 ναῑιιες.-
414 3197 550 3262 -areocJ
569 3195 627 3247 loca
646 3195 762 3260 publica,
782 3198 808 3247 iu
846 3197 953 3249 simulat
974 3211 1003 3247 se
1026 3197 1136 3246 obniti.»
1171 3197 1308 3248 Contraria
1333 3195 1372 3246 si·

282 3274 380 3339 quihus
392 3271 568 3322 conveniebat
578 3273 710 3330 iuventus,
728 3284 809 3334 prae·
846 3273 1012 3336 gnificatione
1029 3271 1154 3322 Prudent.
1182 3270 1303 3321 Cathem.
1324 3269 1368 3320 ll:

283 3350 374 3399 sertim
388 3349 458 3396 cirea
469 3343 577 3408 templa,
599 3348 628 3394 ut
640 3347 697 3394 erat
708 3346 807 3395 Romae
845 3347 911 3397 mute
923 3347 1045 3409 pertinen
1060 3345 1175 3395 vincendi
1191 3345 1301 3395 studium
1311 3343 1371 3394 sul>-

283 3434 346 3471 area
363 3421 484 3479 Volcani,
507 3432 569 3468 area
588 3418 762 3468 Concordiae.
845 3421 924 3470 tacuit
945 3420 1043 3469 cosdro
1064 3419 1167 3482 asperia
1208 3419 1261 3469 Cir.
1283 3417 1369 3468 Hand.

317 3494 356 3542 ta.
386 3493 430 3542 aab
449 3493 552 3555 noctan]
581 3504 645 3554 aper
662 3504 809 3556 crepuscu-
845 3496 920 3545 Ture.
940 3495 981 3545 lll.
1001 3509 1027 3558 p.
1046 3496 1104 3544 585,
1127 3492 1219 3544 Tibull.
1241 3494 1264 3554 l,
1283 3493 1307 3554 9,
1327 3491 1368 3544 tt.

283 3567 364 3618 lum.»
399 3567 573 3630 Opponuntur
597 3566 665 3615 haee
689 3566 759 3616 ludis
781 3569 809 3616 et
846 3569 880 3619 de
906 3567 984 3619 simili
1009 3567 1112 3634 puellae
1139 3569 1210 3619 loeo:
1247 3567 1281 3617 ut
1296 3568 1371 3617 latuit

284 3639 517 3692 exercitationibus
539 3640 640 3690 diurnis
661 3640 687 3690 tn
706 3639 807 3706 Campo
845 3643 945 3693 clareas
957 3649 1014 3706 post
1025 3645 1147 3705 adoperta
1155 3643 1230 3705 soree
1250 3642 1370 3692 Pseudo-

283 3717 384 3767 llartto.
401 3714 546 3777 -susaorrl
565 3715 648 3764 Scene
666 3715 734 3764 haec
752 3718 806 3766 est:
845 3717 928 3780 gallus
953 3731 974 3768 s.
1002 3718 1176 3770 Maximianus
1200 3714 1238 3767 El.
1267 3718 1294 3778 t,
1323 3717 1368 3766 67:

283 3792 393 3840 amata
420 3789 454 3837 ad
482 3789 588 3838 ianuam
619 3789 808 3853 semiapertam
844 3794 877 3842 ltt
897 3806 964 3841 rronc
985 3791 1113 3841 adridens
1133 3790 1243 3840 moror
1261 3791 1371 3855 Midon

283 3864 385 3914 amicae
407 3863 480 3918 ¹hora
508 3863 649 3913 constituta
677 3866 806 3924 susurrat,
841 3865 948 3928 petebat.
983 3865 1041 3915 lton
1065 3869 1149 3916 tonan
1165 3871 1188 3914 et
1203 3866 1302 3929 sapienta
1317 3870 1371 3916 toto

283 3935 416 3986 submissa
428 3949 494 3986 uoce
508 3949 568 3986 eam
580 3935 706 4001 appellat;
720 3936 807 4000 puella
844 3940 923 3988 tutare
941 3939 1042 3999 vokra,
1066 3939 1114 3988 Sed
1133 3939 1215 4002 acopis
1232 3953 1265 3988 aa
1282 3940 1370 4001 attam

284 4009 345 4060 nihil
363 4010 529 4074 respondens
542 4011 608 4061 intra
621 4011 740 4071 domum,
754 4024 807 4075 quo
844 4013 958 4076 captabat
979 4018 1056 4074 porte
1075 4013 1169 4062 otden':
1199 4013 1301 4062 laetior
1324 4014 1370 4064 troc

284 4082 434 4134 ludificetur
451 4083 663 4146 adolescentem,
681 4099 742 4137 sese
760 4099 807 4135 oo·
839 4089 936 4150 potiare,
954 4088 1021 4148 qood
1036 4088 1101 4138 mule
1117 4093 1180 4138 tecte
1195 4088 1268 4150 [oret.
