2992 4978
535 436 592 486 ilo.
613 436 655 484 lll.
693 435 723 484 C.
742 433 771 484 V.

273 594 427 658 Firmaret
449 601 562 658 auctor
584 610 749 677 nunquam
772 589 851 654 alias
874 588 965 665 dato,

314 717 464 802 Interque
487 723 670 778 maerentes
693 711 814 778 amicos

354 835 511 923 Egregius
534 843 725 922 properaret
747 832 850 898 terrsul.¹

271 994 365 1083 Atqui
389 993 513 1060 sciebat
534 1013 619 1081 quae
642 992 704 1058 sibi
727 991 886 1057 barbarus

272 1117 386 1181 Tortor
408 1125 554 1202 pararet;
578 1135 641 1180 non
665 1113 758 1180 aliter
778 1125 886 1179 tamen
1148 1117 1189 1178 50

314 1237 454 1302 Dimovit
476 1235 641 1302 obstantes
663 1237 875 1326 propinquos*¹

358 1359 395 1424 Et
418 1358 575 1446 populum
597 1357 721 1424 reditus
743 1369 938 1434 morantem,

272 1520 378 1598 Quam
399 1519 428 1584 si
451 1517 601 1585 clientum
625 1516 720 1605 longa
742 1519 870 1604 negotia

171 1738 209 1788 ll.
228 1739 364 1788 martia
384 1737 521 1802 (warda)
538 1739 586 1788 BT.
616 1767 644 1774 -
670 1739 711 1787 bl.
729 1737 890 1800 mopinquoa]
913 1737 1006 1786 animos
1023 1751 1054 1786 ex
1072 1751 1096 1786 v.
1116 1737 1156 1788 tr.

140 1811 171 1871 d,
190 1811 240 1873 αβκ
258 1826 322 1863 curn
339 1815 465 1876 quattuor
482 1812 565 1863 aliis.»
582 1813 674 1862 lisura.

140 1998 177 2048 tt.
202 2001 287 2050 Doriec
307 1999 373 2063 oet]
398 2001 508 2050 aDouec
525 2001 627 2064 patrea,
666 1999 733 2048 bunt.
773 1998 908 2048 Tuditanus
932 2004 1016 2048 cutam
1040 2013 1125 2048 aornim
1149 2001 1193 2048 diu

113 2085 217 2134 quorum
231 2075 337 2126 animus
349 2072 491 2124 vacillabat
501 2087 533 2124 ac
545 2086 628 2137 prope
663 2071 817 2134 prohibitum
841 2079 917 2133 utque
938 2075 975 2122 ito
995 2075 1049 2122 uilo
1062 2075 1193 2134 privam

112 2146 158 2196 iam
177 2147 320 2199 inclinabat
340 2147 374 2198 ad
397 2149 564 2212 captivorum
584 2159 630 2196 re·
665 2148 750 2210 refert.
788 2145 874 2209 (Silius
891 2149 920 2208 i,
934 2147 982 2198 3l3
1000 2148 1027 2197 et
1043 2147 1100 2197 435.
1119 2149 1192 2198 cruci

113 2219 286 2286 demptionem
315 2222 529 2283 decernendam,
565 2235 631 2271 con·
667 2221 776 2272 alfixum
802 2221 883 2284 dicit.)
927 2223 1057 2282 Fuerunt,
1088 2223 1133 2284 qui
1158 2223 1193 2272 de

111 2293 247 2358 firmassem
285 2297 357 2361 quod
394 2311 456 2348 eum
490 2299 630 2346 assecutus
668 2297 763 2345 tutare
776 2293 941 2356 dubitarent,
962 2298 1118 2360 praesertim
1131 2311 1194 2348 cum

111 2373 189 2434 esset,
212 2371 302 2423 voltus
323 2374 453 2424 serenitas
475 2385 507 2422 ac
528 2370 632 2435 plenior
668 2370 868 2432 antiquissimus
890 2369 952 2420 belli
971 2373 1062 2424 Punici
1079 2374 1195 2437 scriptor

111 2443 198 2497 fiducia
216 2451 240 2498 ei
257 2447 363 2498 rediit.»
383 2447 444 2512 (Cir.
458 2447 539 2496 etiam
555 2445 631 2496 Hand
668 2442 795 2508 Polybius
820 2443 854 2494 de
888 2444 979 2508 Reguli
1007 2445 1139 2510 legatione
1168 2450 1195 2498 et

111 2517 178 2570 l'urs.
191 2523 221 2572 ll.
235 2536 262 2587 p.
276 2521 345 2585 iil.)
364 2549 392 2558 ·-
409 2521 520 2585 consido]
540 2522 569 2570 llt
585 2535 632 2570 co-
668 2521 755 2570 morte
768 2519 831 2570 nihil
843 2519 938 2571 tradat.
965 2521 1076 2572 Accedit
1086 2521 1195 2572 Diodori

110 2594 162 2654 aba
176 2598 260 2647 minor
277 2597 416 2647 dumtaxat
432 2596 562 2646 consilium
581 2595 631 2646 de·
668 2596 731 2646 Exc.
757 2594 791 2644 de
813 2595 877 2644 Virt.
903 2598 930 2646 et
951 2596 1001 2645 Vit.
1024 2595 1065 2646 tl.
1090 2609 1116 2660 p.
1135 2595 1193 2646 566.

110 2667 155 2730 dit,
171 2684 222 2722 uon
235 2675 265 2723 ut
276 2673 387 2722 senator
397 2672 545 2720 renuntiem
555 2671 629 2721 dixit.
669 2671 757 2720 Wess.
792 2671 973 2720 testimonium
1007 2669 1041 2720 de
1079 2671 1193 2721 Marcia:

139 2743 175 2794 lt.
194 2747 235 2797 50.
261 2747 339 2808 Atqui
354 2745 458 2809 sciebat]
485 2747 579 2796 Cicero
597 2745 631 2796 de
668 2741 780 2814 βαρέως
797 2745 931 2814 φέρουσα
946 2739 1000 2809 τὴν
1017 2739 1195 2832 τάνδρὸςτε-

109 2816 177 2869 Ollio.
196 2821 226 2882 3,
254 2823 305 2872 27:
335 2819 426 2883 Reguli
443 2834 500 2870 cum
516 2821 633 2872 valebat
669 2816 789 2884 λευτήν,
806 2821 855 2868 aul
872 2821 1036 2883 νομίσασα,
1054 2818 1086 2869 δι
1111 2815 1196 2884 ἀμέ-

111 2897 260 2958 ouctoritoe,
279 2897 375 2958 captim
391 2897 480 2946 reterrti
490 2901 561 2956 sitnm
579 2897 632 2958 ipae
670 2892 769 2944 λειαν
781 2887 871 2944 αὐτὸν
882 2891 1077 2944 ἐκλελοιπέναι
1088 2890 1122 2943 τὸ
1134 2890 1195 2964 ζῇν,

109 2965 284 3034 Karthaginem
300 2971 392 3020 rediit:
418 2983 497 3032 neque
514 2984 570 3021 eum
586 2985 633 3020 ca-
669 2962 767 3018 ῗπεισε
784 2963 853 3030 τοὺς
865 2964 947 3030 υἱοὺς
958 2973 1116 3028 κακουχεῖν
1128 2964 1197 3030 τούς

109 3041 167 3091 ntus
187 3045 293 3106 partae
318 3045 422 3094 retinuit
446 3059 492 3094 nec
519 3058 630 3096 aeonem.
670 3040 874 3109 αἰχμαλώτους
890 3042 950 3093 κτλ.
987 3044 1071 3094 Etiam
1083 3044 1132 3094 Dio
1147 3042 1164 3093 l.
1178 3042 1194 3093 l.

109 3115 207 3179 Neque
230 3133 307 3169 uero
332 3123 393 3168 tom
418 3119 587 3182 ionorobot
607 3133 633 3169 se
671 3119 741 3170 lama
750 3118 888 3169 dumtaxat
902 3120 970 3168 teste
986 3119 1080 3168 utitur:
1099 3119 1197 3179 φασί-

109 3191 140 3239 ud
157 3195 357 3244 madeliasimom
377 3193 469 3243 hortem
490 3199 513 3244 et
535 3196 570 3244 od
586 3209 633 3244 en-
670 3187 817 3256 φασι-ὤς
833 3188 918 3243 καὶὸ
941 3189 1028 3260 λόγος
1043 3185 1113 3252 Ιἔχει.
1143 3191 1196 3242 Clr.

110 3265 196 3324 matra
214 3268 341 3331 aepplieio
359 3269 501 3332 prostcbei,
525 3269 568 3318 aed
584 3271 634 3318 ioa-
671 3270 752 3320 etiam
769 3268 889 3319 Niebuhr
912 3269 940 3318 li.
961 3269 990 3318 G.
1011 3269 1058 3318 Ed.
1078 3268 1119 3316 lV.
1138 3264 1195 3316 Vol.

109 3339 241 3392 immun
257 3343 458 3392 conseruandae
471 3341 587 3404 potuim.
604 3370 629 3378 -
671 3345 713 3393 lll.
733 3357 759 3408 p.
779 3344 837 3393 706.

111 3413 207 3481 Tortor]
228 3417 283 3468 Cir.
304 3417 358 3467 Cic.
377 3417 412 3467 de
429 3415 477 3467 ou.
498 3418 528 3477 l,
547 3417 587 3467 ta.
607 3419 634 3466 et
704 3420 745 3468 5⁴.
772 3418 897 3481 Dimooit]
916 3418 1032 3467 «cedere
1051 3415 1101 3468 sibi
1122 3418 1199 3467 lussit

109 3487 383 3551 3,27.Gelliusi,l:
402 3491 524 3556 licardom
542 3491 634 3541 Tubero
671 3493 796 3556 viamque
814 3493 946 3556 aperire.»
966 3520 993 3528 -
1019 3491 1125 3556 reditu]
1143 3493 1198 3541 Nu-

109 3562 132 3612 ia
146 3563 257 3616 ibtoiiis
275 3565 369 3614 redisse
384 3565 567 3630 Koetlrcoiuem
587 3581 635 3616 ao-
673 3579 777 3617 morum
795 3565 863 3630 plur.
877 3565 1015 3630 praetulit,
1035 3569 1097 3630 qula
1114 3569 1200 3630 ingra-

108 3637 189 3699 abque
204 3640 379 3702 excerptor-ram
401 3641 482 3690 modis
498 3641 635 3690 comuma-
672 3641 765 3692 tissimi
789 3641 847 3690 soni
872 3644 899 3690 et
915 3655 948 3690 ex
965 3644 1040 3705 parte
1058 3640 1199 3705 ambiguus

109 3715 158 3761 tun
173 3715 289 3764 oPoenis
306 3714 373 3764 dicit.
397 3716 427 3764 la
438 3720 524 3776 otrus,
542 3716 632 3776 inquit,
673 3715 766 3766 luisset
784 3712 932 3778 singularis.

108 3792 129 3834 et
150 3789 293 3852 metiendas
317 3789 431 3839 wnebroa
455 3803 512 3840 aare
533 3790 635 3839 claude-
705 3789 746 3839 53.
765 3789 897 3853 clientum]
917 3792 948 3841 ut
962 3789 1200 3853 solebantpatroni

109 3860 179 3924 bunt,
210 3877 242 3913 uc
270 3865 315 3913 dio
339 3869 412 3926 post,
442 3863 485 3914 ubi
513 3869 569 3914 erat
594 3865 635 3914 oi-
673 3862 800 3913 clientum
825 3864 895 3914 inter
919 3877 949 3914 sa
973 3863 1031 3914 lites
1054 3865 1200 3926 transigere

60 3965 67 3989 ι
108 3947 147 3985 aa
162 3939 199 3988 eoi
215 3940 417 4000 ardentissimae,
435 3943 535 4001 repente
550 3939 635 3988 educe-
672 3951 705 3988 ac
722 3937 848 3988 decidere
867 3938 939 3988 domi
957 3950 1037 3998 suae,
1062 3940 1201 3999 tamquam

109 4010 166 4060 tant
190 4019 214 4062 et
237 4014 357 4063 adeam
377 4013 441 4063 ictra
460 4013 519 4062 solis
535 4014 635 4075 omasi-
673 4013 778 4073 arbitri,
806 4011 883 4063 nullis
899 4011 956 4062 allis
975 4011 1106 4062 iudicibus
1124 4011 1202 4061 adbl-

109 4090 159 4133 tum
182 4087 342 4138 continebant
366 4091 442 4147 utque
466 4087 592 4137 intardere
608 4088 635 4138 in
672 4086 748 4146 bitis,
763 4086 1201 4152 idquodproptermiuusrcctam

108 4161 202 4210 coetum
228 4163 313 4211 oculos
337 4161 465 4226 coedent.
500 4160 635 4222 Palpebras
672 4160 758 4212 vossii
794 4161 1040 4225 interpretationem
1069 4159 1200 4225 (Anwull)

109 4245 204 4294 quoque
230 4236 299 4297 etia,
328 4250 359 4286 ae
383 4235 514 4286 connivere
537 4240 633 4296 postet,
674 4236 839 4286 monendum
856 4234 1006 4286 videbatur.
1026 4263 1053 4270 -
1067 4233 1151 4297 bueo]
1169 4248 1200 4282 ac

109 4318 206 4358 airaon
232 4323 264 4357 er
284 4311 399 4360 deorsum
420 4310 535 4360 diductos
551 4309 635 4360 tnaa-
674 4312 818 4373 propterea
836 4308 915 4360 taedii
934 4307 1021 4374 plena.
