2992 4978
536 496 594 545 ΗΒ.
614 496 655 546 lll.
692 497 720 545 C.
740 496 804 546 xiv.

299 651 330 716 Si
355 672 414 738 pen
435 651 573 716 invisum
596 671 686 715 mora
711 652 879 718 ianitorem

386 773 463 848 Fial,
488 773 586 838 abito.

299 933 390 998 Lenit
411 929 579 998 albescens
603 931 726 996 animos
749 931 883 1020 capillus

300 1053 416 1118 Litium
438 1063 471 1118 et
492 1053 580 1118 rixae
603 1052 738 1139 cupidos
761 1063 951 1140 protervae;

301 1177 370 1240 Non
396 1195 457 1262 ego
479 1173 542 1240 hoc
563 1174 680 1240 lernam
703 1172 826 1242 calidus
850 1176 978 1241 iuventa

389 1294 528 1362 Consule
562 1293 689 1361 Planco.

195 1476 234 1524 ii.
253 1475 355 1524 inienio
371 1487 424 1524 om.
446 1474 473 1522 T.

136 1635 177 1696 qui
194 1635 273 1684 huius
291 1634 376 1694 iussa,
403 1647 451 1697 pro
470 1631 560 1683 lulium
577 1632 655 1682 lemi-
692 1633 764 1682 modi
782 1631 881 1703 ἑταίρα
900 1633 1217 1696 mocumpotaneasper·

135 1722 225 1759 nalum
242 1707 397 1772 quotidiano
415 1705 499 1758 lubitu
516 1721 598 1771 saepe
609 1721 656 1758 vo-
692 1709 752 1756 nala
765 1711 837 1758 ossei
848 1707 946 1757 conwlo
957 1709 984 1757 L.
998 1708 1216 1758 llunalioPlunco

135 1781 218 1832 labilia
236 1785 318 1845 eique
336 1781 386 1831 sibi
404 1781 591 1845 repugnantia,
609 1780 656 1831 illi-
692 1795 754 1831 cum
771 1783 804 1832 M.
818 1781 929 1832 Aemilio
946 1780 1045 1845 Lepido
1062 1783 1092 1831 11.
1111 1795 1134 1830 a.
1150 1796 1175 1830 u.
1190 1795 1213 1830 c.

134 1870 163 1906 uo
187 1857 298 1919 exsequi
322 1855 417 1916 debet,
443 1868 496 1904 non
521 1856 563 1917 (ul
586 1853 657 1905 calu-
692 1857 1214 1916 7⁴2.,cumxx11.annosnalusemm,

134 1933 279 1981 mniaiurus
295 1934 403 1994 poetam
421 1931 472 1980 HP.
491 1929 565 1980 dicit:
586 1929 655 1980 «Tuli
693 1943 745 1980 non
762 1930 874 1992 ionem,
901 1931 950 1982 sed
966 1931 1023 1980 eius
1042 1929 1112 1981 iores
1132 1944 1216 1994 expu-

134 2005 235 2056 mulieni
260 2017 340 2055 nemo
364 2017 445 2055 sanus
466 2005 570 2055 dederit
590 2005 657 2055 iani·
693 2017 829 2068 gnaram.»
850 2033 876 2042 -
896 2007 987 2056 Mirum
1005 2002 1132 2072 dcloyiav
1146 2005 1215 2054 odo-

133 2081 251 2142 lorem.»)
277 2083 366 2129 custos
388 2092 402 2127 a
421 2079 515 2128 merito
536 2079 654 2138 additus,
693 2081 765 2128 ratus
774 2093 860 2143 nuper
869 2078 1017 2143 philologus
1027 2079 1135 2143 quidam
1148 2080 1216 2128 haec

133 2152 361 2216 quemadmodum
378 2165 443 2202 sane
461 2151 553 2202 Tibull.
574 2155 602 2214 l,
626 2154 654 2212 9,
694 2155 728 2202 iia
746 2155 881 2217 exposuit:
902 2153 962 2203 allio
980 2167 1063 2212 anno,
1083 2167 1136 2218 quo
1154 2153 1217 2202 ado·

132 2229 159 2276 5:
186 2229 255 2278 Noni
272 2229 356 2289 posito
377 2233 412 2277 esi
428 2232 528 2276 nostroe
544 2228 657 2276 melodia
693 2225 798 2278 lescens
815 2227 940 2292 Philippis
958 2228 1118 2291 depugnavi,
1138 2228 1217 2276 Octa-

132 2317 205 2352 soevo
224 2303 335 2366 puellm.
372 2303 492 2366 propert.
512 2303 541 2362 9,
560 2301 606 2361 93,
625 2301 654 2350 9:
692 2302 761 2350 vieni
794 2300 1003 2353 dominationem
1032 2316 1081 2366 ego
1108 2315 1216 2365 quoque

132 2377 235 2428 Cernere
265 2378 303 2427 uli
326 2378 407 2440 possis
432 2377 526 2426 voltum
550 2375 657 2425 malodis
693 2375 817 2436 oderam;
837 2391 907 2428 nunc
924 2377 1000 2440 longe
1019 2376 1094 2426 aliter
1111 2389 1172 2426 sum
1190 2377 1216 2425 in

132 2454 221 2504 umori.
693 2464 757 2500 eum
773 2451 918 2503 animatus:
939 2453 977 2503 sic
995 2452 1148 2511 etiamvos,
1168 2451 1218 2498 Ro-

162 2526 655 2590 27.Nooe90locfmom]«s1eius-
693 2524 868 2585 mani‚illum
886 2525 1087 2576 veneraminiln
1075 2525 1214 2589 inpage!
