2998 4980
462 437 520 488 uta.
541 437 559 488 l.
596 437 624 488 C.
644 435 730 488 XXVI.

301 598 391 662 Hunc
413 595 529 662 Lesbio
552 613 681 660 sacrare
704 592 827 680 plectro

344 719 454 804 Teque
478 727 615 803 tuasque
637 713 732 781 decet
756 734 895 780 sorores.

127 918 162 966 ll.
197 915 291 980 Lesbio]
325 915 425 966 Versus
453 913 525 964 haud
550 915 614 964 sniis
649 915 813 964 sacravimus.
849 914 909 963 Tac.
929 915 996 964 Ann.
1016 913 1041 975 l,
1060 913 1104 964 37:
1128 929 1175 978 per

97 992 220 1042 concinne
243 989 419 1054 compositum
448 990 492 1038 hic
514 989 613 1038 nomini
650 1001 734 1039 omues
763 987 910 1050 provincias
937 987 1018 1052 effipia
1044 991 1175 1041 nucinum

96 1067 195 1130 proprio
214 1064 356 1114 tribuenda
368 1069 426 1114 arat
437 1064 485 1114 ista
497 1063 612 1114 licentia.
649 1063 749 1112 socrati
774 1061 947 1122 munitionum,
976 1061 1117 1124 autperbttm.
1146 1093 1173 1100 -

97 1139 144 1189 Cir.
167 1140 366 1190 Lachmannum
389 1139 414 1188 in
438 1139 539 1188 Franliii
566 1140 615 1188 Fa·
651 1137 724 1188 Falsa
747 1139 838 1187 autem
860 1140 901 1188 est
919 1137 1071 1200 interpretis
1089 1139 1177 1189 cuius-

97 1215 140 1264 stis
156 1227 180 1278 p.
199 1215 256 1264 239.
284 1215 415 1277 perquam
433 1215 522 1262 autem
540 1213 615 1276 inge·
651 1212 714 1262 dam
726 1213 822 1275 opinio,
837 1211 862 1260 id
879 1213 1016 1276 spectasse
1029 1213 1174 1274 Horatium,

97 1291 163 1339 niusa
186 1291 227 1338 est
249 1286 338 1338 tabula
359 1287 430 1352 apud
454 1287 615 1339 euanoctem
651 1289 681 1336 ιιι
697 1287 816 1338 Lamiam
833 1287 868 1336 ad
885 1286 978 1350 poitsin
995 1285 1109 1348 lyricam
1120 1289 1177 1337 ten-

98 1377 120 1411 ι.
137 1365 174 1412 45.
194 1365 221 1413 et
232 1362 308 1412 Ovid.
321 1363 382 1412 Hei.
397 1364 437 1423 ll,
450 1364 491 1412 55.
510 1363 617 1412 el'hra·
653 1361 760 1412 modam
779 1361 920 1420 excitarem
939 1373 1001 1410 nam
1013 1375 1063 1411 nec
1076 1362 1102 1411 ln
1114 1367 1178 1424 poe-

98 1438 134 1486 cia
155 1437 270 1488 Lesbum
294 1436 410 1486 delatum
433 1449 493 1486 essa
518 1437 615 1500 Orphei
652 1439 694 1486 tue
717 1435 808 1486 verbis
830 1435 976 1498 quidquam
998 1435 1080 1496 inest,
1104 1435 1176 1498 quod

98 1514 171 1574 caput
197 1511 348 1574 lyramque.
396 1511 457 1570 Hic,
486 1513 516 1560 ut
543 1510 614 1570 alibi,
652 1511 704 1560 ιιοιι
721 1510 818 1574 prodat
834 1512 880 1558 aut
896 1508 1035 1572 significet,
1055 1510 1082 1558 et
1098 1509 1177 1559 nimis

98 1585 212 1648 Sapphus
230 1589 258 1636 et
275 1585 365 1636 Alcaei
386 1584 501 1646 lyricum
521 1597 614 1648 genus,
653 1598 778 1647 magnus,
798 1584 905 1648 opinor,
928 1584 981 1632 iam
999 1585 1056 1632 erat
1072 1583 1177 1632 medio-

98 1660 162 1722 qnod
183 1661 307 1710 Horatius
330 1659 491 1720 imitabatur,
515 1660 616 1722 signifi·
653 1661 738 1711 crium
748 1661 898 1722 poetarum,
911 1658 1018 1708 Horatio
1030 1657 1176 1708 admodum

99 1737 145 1783 cat.
164 1762 190 1770 -
209 1735 323 1798 sacrare]
343 1732 531 1783 immortalitati
550 1747 616 1783 con·
653 1733 838 1794 molestorum‚
868 1745 1013 1792 numerus,
1043 1744 1124 1795 quam
1149 1734 1179 1780 ιιι

99 1820 205 1858 sectare.
225 1809 291 1858 stat.
306 1805 367 1858 Silv.
387 1807 411 1868 l,
431 1809 455 1868 7,
474 1809 503 1857 7:
522 1808 550 1857 Si
561 1813 618 1856 tuos
653 1821 717 1858 aum
734 1819 832 1870 augere
845 1807 980 1870 cupiisset.
1004 1803 1178 1856 immoblan-

99 1889 168 1933 cautu
182 1883 255 1934 Latio
275 1883 390 1944 socrati,
413 1883 536 1943 Pindaro,
562 1883 618 1931 lite·
653 1881 686 1932 da
705 1885 746 1933 est
762 1879 909 1944 gratulatio,
929 1881 994 1940 lore,
1012 1883 1042 1930 ut
1057 1880 1109 1930 hoc
1122 1881 1178 1944 ipso

100 1956 144 2005 los.
177 1957 303 2008 Similiter
328 1958 408 2007 etiam
443 1957 469 2006 in
497 1957 617 2021 pedestri
654 1957 772 2008 carmine
795 1957 900 2006 Lamiae
928 1969 1025 2006 nomen
1048 1956 1178 2019 perpetuo

99 2033 216 2082 oratione.
237 2035 293 2084 Liv.
307 2033 331 2092 8,
351 2033 379 2081 ιι
398 2033 472 2082 Haud
486 2033 584 2096 suestra
596 2037 618 2081 tc
654 2033 770 2082 moneat⁴

97 2113 186 2168 patrem
207 2110 280 2158 timuit
302 2107 478 2170 hominumque
498 2109 545 2156 toa
563 2107 618 2155 seda

563 2287 710 2300 ——Q

444 2442 819 2502 EXCUBSUS.

161 2633 211 2684 Clr.
231 2631 365 2684 Velleium
387 2632 412 2694 ι,
431 2631 491 2681 tii:
513 2631 581 2680 Nom
602 2636 625 2681 at
640 2631 723 2680 Actius
741 2629 843 2692 Lamia,
865 2629 906 2678 uir
923 2626 1089 2690 antiquissimi
1104 2629 1183 2676 motis

101 2717 237 2778 etpriscom
256 2717 409 2782 pravitatem
424 2729 521 2777 sarnpar
537 2715 692 2764 lumuuiauc
708 2720 858 2776 tauparaus,
875 2714 902 2762 iu
914 2713 1052 2762 aerumma
1068 2711 1182 2772 liiprico-

102 2811 141 2860 otta
155 2807 178 2851 ct
197 2815 263 2852 mom
278 2802 306 2850 iu
320 2801 408 2864 Attica
423 2800 625 2862 splendidissimis
645 2799 746 2862 saucius
764 2797 923 2856 ministeriis,
947 2811 997 2846 ιιοιι
1013 2797 1117 2858 marito,
1140 2797 1183 2846 sed

100 2887 199 2936 munio
214 2886 370 2948 adipiscatuli
386 2884 551 2946 triumphalia
566 2884 673 2946 dosacuts
689 2887 738 2940 cst;
756 2882 793 2930 uti
811 2879 962 2930 felicissima
984 2879 1089 2930 Codicis
1106 2893 1182 2929 erro-

102 2979 152 3018 ram
168 2975 190 3020 ct
205 2971 284 3020 ctiam
298 2970 340 3018 uir
357 2969 473 3019 correxit
489 2967 660 3018 Ruhnkenius
675 2967 781 3028 hocque
798 2979 851 3014 non
874 2965 994 3026 inspecto
1012 2975 1104 3012 rursus
1116 2963 1182 3012 Bor-

103 3049 208 3110 ghesius.
244 3052 312 3102 Vide
329 3051 478 3115 Aiiperueiue
493 3052 596 3116 Zaituup
614 3050 687 3101 tata.
705 3049 807 3111 acitapc
823 3049 854 3098 H.
874 3047 914 3097 68.
934 3059 960 3110 p.
980 3045 1036 3096 oio.
