2998 4980
649 403 777 453 HORATU
794 403 962 455 CARMINUM'

606 792 838 862 cm
866 793 997 853 XXV·
1050 831 1060 856 ι

437 961 568 1028 Parcius
589 961 714 1028 iunctas
736 962 882 1050 quatiunt
902 961 1058 1029 fenestras

436 1082 555 1150 lctibus
577 1083 701 1150 crebris
723 1083 857 1150 iuvenes
879 1085 1035 1170 protervi,

435 1206 502 1272 Nec
523 1204 579 1270 tibi
602 1225 732 1270 somnos
754 1205 911 1284 adimunt,
936 1215 1085 1292 amatque

562 1327 661 1393 Ianua
681 1325 795 1404 limen,

334 1563 409 1614 XXV.
444 1564 527 1613 inser.
546 1561 613 1626 volg.
647 1562 686 1614 Ad
700 1563 815 1624 tettan
841 1589 868 1602 „-
886 1562 924 1612 Aa
940 1562 1046 1624 lydiam
1061 1563 1091 1612 de
1107 1561 1224 1624 merito
1238 1564 1319 1625 ianm

303 1640 348 1690 ST.
369 1666 396 1674 -
416 1639 439 1688 4.
457 1639 554 1688 vinctos
571 1636 670 1689 «codd.
690 1635 789 1700 aliquot
804 1636 858 1686 mai
876 1637 903 1685 et
918 1635 1055 1686 aliorumr
1074 1638 1165 1691 Basra.
1187 1664 1214 1673 -
1233 1639 1257 1688 2.
1276 1639 1319 1688 la·

302 1715 380 1764 atibus
396 1711 553 1778 BbTossyx,
572 1713 715 1776 Cruquiani
732 1713 840 1776 praeter
855 1723 938 1761 unum
955 1723 1063 1772 omnes,
1087 1711 1155 1761 Jahn
1171 1710 1251 1763 solus.
1278 1713 1319 1776 (Ut

303 1802 351 1838 nos
368 1785 417 1847 Sd,
434 1782 529 1851 μνξω,
547 1788 614 1837 Pott.
634 1786 658 1848 8,
678 1787 718 1846 44,
737 1785 788 1849 47.)
808 1813 835 1822 -
854 1785 878 1836 3.
896 1800 991 1836 somnes
1007 1787 1035 1836 T.
1056 1813 1083 1822 -
1102 1789 1126 1837 t.
1145 1787 1231 1851 facias
1249 1786 1314 1838 bod.

304 1862 400 1923 (Ceteri
412 1862 502 1922 nostri,
522 1876 555 1910 «κ
572 1872 634 1910 cum
650 1859 749 1924 aliquot
765 1858 841 1910 aliis»
859 1860 981 1922 Bentleii,
1001 1859 1085 1912 codd.
1107 1860 1197 1912 Bland.
1213 1862 1318 1926 facila.)

303 2039 378 2090 XXV,
415 2037 526 2102 Lydiae,
548 2036 652 2102 puellae
669 2035 732 2088 olim
750 2038 792 2088 ni-
827 2039 893 2088 Aen.
912 2037 936 2100 i,
955 2039 1016 2088 iss:
1042 2051 1166 2100 mrsuqae
1189 2040 1288 2100 utrique
1310 2039 1353 2089 lo-

271 2115 322 2164 mis
345 2113 428 2163 durae
450 2126 482 2162 ao
503 2111 649 2176 superbae,
678 2113 791 2177 quantus
827 2118 931 2164 cessarit.
951 2112 997 2176 (Cf.
1011 2116 1100 2164 tamen
1112 2112 1351 2164 Paldamusltheia.

269 2190 380 2252 propter
390 2189 555 2239 senectutem
566 2185 700 2252 paullatim
710 2185 792 2237 obre·
827 2190 892 2238 Mas.
910 2190 942 2238 N.
961 2189 989 2238 F.
1007 2189 1050 2238 VI.
1063 2200 1090 2252 p.
1104 2188 1171 2251 633.)

271 2265 380 2328 pentem
396 2264 523 2314 iuvenum
545 2264 713 2326 contemptus
729 2273 792 2311 mox
861 2262 917 2312 3-6.
943 2263 1062 2326 Propert.
1080 2263 1110 2324 2,
1127 2263 1172 2324 49,
1189 2263 1213 2313 5.
1231 2261 1266 2312 ad
1278 2264 1354 2326 Cyn-

272 2350 332 2387 eam
349 2350 491 2388 mansurus
503 2337 545 2398 sii,
564 2350 616 2386 non
628 2337 686 2388 sine
701 2349 792 2386 amara
830 2337 913 2387 thiam
930 2349 976 2387 rus
992 2335 1152 2401 proiectam:
1179 2337 1258 2387 Nullo
1273 2351 1356 2400 neque

271 2413 391 2462 irrisione
416 2411 554 2476 praedicit.
589 2412 723 2462 Incertum
748 2424 794 2462 re·
830 2417 889 2462 onte
904 2416 961 2460 tuos
977 2411 1284 2475 orieturrtaosenestroa
1301 2413 1355 2462 Nes

272 2487 363 2535 manet
374 2487 452 2536 huius
464 2486 589 2536 carminis
606 2488 726 2550 tempus,
745 2486 794 2535 etsi
830 2487 874 2535 tibi
890 2486 1014 2535 emmelos
1030 2498 1130 2536 scemate
1140 2499 1245 2536 outonis
1255 2487 1311 2536 erit.
1324 2515 1353 2523 -

270 2559 348 2623 volgo
364 2560 485 2610 referunt
506 2561 540 2610 ad
558 2573 582 2610 a.
601 2560 657 2611 434.
675 2558 792 2611 ve1735.
831 2562 956 2626 meatque]
974 2561 1045 2624 virg.
1066 2562 1132 2611 Aen.
1154 2561 1179 2622 t,
1198 2561 1260 2611 463ι
1284 2562 1356 2612 titus

305 2635 329 2684 4.
363 2635 471 2701 iunctos]
498 2634 589 2686 valvas
618 2635 794 2686 fenestrarum
832 2649 904 2697 onio,
923 2649 1009 2686 serva.
1050 2637 1154 2699 «Aegre
1176 2637 1255 2699 igitur
1275 2636 1355 2686 ianua

272 2722 333 2760 sera
350 2707 479 2760 occlusas.
506 2709 580 2761 Ovid.
600 2712 717 2760 exPout.
731 2709 755 2772 3,
768 2709 793 2772 3,
831 2710 933 2762 recedit
949 2709 1075 2772 alimine‚
1094 2708 1286 2760 obserataiam
1297 2723 1356 2761 ma·

272 2785 303 2834 t:
331 2785 453 2848 fenetras
480 2785 577 2849 bitom
610 2811 637 2822 ·-
666 2785 795 2849 fmestras]
832 2788 886 2846 net,
905 2798 974 2848 quae
995 2786 1056 2834 ante
1079 2785 1185 2835 multum
1204 2785 1300 2848 santo,
1327 2788 1355 2834 te

272 2857 347 2908 ovid.
370 2860 401 2909 Α.
425 2860 454 2909 Α.
479 2859 503 2922 3,
527 2860 589 2910 605:
625 2859 687 2911 Oion
709 2859 797 2910 malim
832 2862 982 2910 amatorum
1008 2858 1134 2923 precibus
1162 2857 1292 2919 cedente,
1321 2857 1355 2909 li-

272 2934 368 2997 sortbas
404 2935 499 2997 possis,
545 2935 648 2986 adnuite
688 2938 796 3000 {mestre
832 2934 988 2986 beatissime
1006 2937 1033 2984 et
1049 2933 1354 2998 crebroaperiebatirr.n

273 3010 430 3059 amatorem.
461 3009 514 3060 Cir.
528 3009 630 3061 Becker
643 3009 793 3073 Gallatsied.
832 3009 924 3060 Facilis
947 3010 1027 3058 tenuo
1053 3009 1140 3072 ponus
1168 3010 1247 3072 lungo
1273 3019 1355 3072 quam

273 3082 327 3148 alt.)
346 3086 378 3136 ll.
396 3098 423 3150 p.
441 3086 501 3136 mi.
832 3085 948 3134 cardines
971 3083 1053 3147 facitu
1070 3095 1159 3133 accus.
1182 3083 1264 3146 antiq.
1300 3081 1354 3132 Cir.

304 3160 329 3209 2.
364 3159 462 3225 lctibus]
491 3158 573 3224 Volgo
602 3159 735 3226 explicant
761 3159 795 3210 de
833 3157 925 3210 Tibull.
945 3159 969 3219 4,
987 3159 1013 3219 3,
1031 3157 1059 3206 i:
1085 3159 1169 3208 Ionam
1185 3157 1293 3222 difficilis
1308 3158 1356 3206 do·

273 3232 406 3296 vectibus,
422 3234 519 3299 qrribm
537 3235 716 3300 effringantur.
744 3233 797 3285 Sed
831 3235 923 3284 minoe.
958 3232 1032 3283 Ovid.
1053 3234 1112 3283 Am.
1133 3233 1158 3294 t,
1181 3233 1205 3295 6,
1223 3233 1256 3283 2:
1278 3231 1356 3296 Diffi·

273 3310 400 3372 praestat,
420 3310 521 3372 opinor,
540 3307 574 3360 de
591 3308 710 3374 lapidum
721 3310 797 3359 iacti-
832 3311 903 3360 mmm
929 3313 995 3359 moto
1022 3308 1126 3358 cordiae
1148 3307 1234 3370 pande
1265 3307 1281 3372 s
1350 3348 1353 3356 .

273 3380 325 3431 bus
338 3380 479 3447 explicare,
493 3395 555 3434 eum
568 3383 690 3436 vectibus
709 3385 736 3434 ot
752 3397 797 3434 se·
834 3385 931 3435 Contra
955 3383 1045 3433 iuven.
1068 3381 1093 3444 4,
1117 3381 1161 3432 63:
1189 3381 1260 3445 sacili
1280 3387 1358 3444 patre

275 3455 384 3507 eunom
395 3458 483 3522 potius
495 3459 588 3509 ianuae
601 3462 795 3523 expugnentur,
833 3461 906 3508 emat
922 3456 1025 3507 cordine
1039 3456 1137 3506 caloae.
1153 3483 1181 3493 -
1198 3455 1305 3505 mulatm
1313 3457 1356 3519 fo·

276 3530 332 3593 (Od.
351 3531 376 3591 3,
394 3531 436 3592 36,
455 3533 479 3582 8.
507 3534 535 3583 et
554 3532 665 3584 Theocr.
688 3535 713 3594 2,
733 3533 795 3583 tat:
834 3532 894 3598 cilis]
912 3533 942 3581 ut
958 3532 1010 3580 Sat.
1030 3532 1054 3590 4,
1074 3531 1098 3593 3,
1117 3531 1161 3581 st:
1189 3531 1295 3582 multum
1312 3531 1357 3580 ‹le-

275 3598 439 3676 εἰ-ἁθύρα
450 3603 543 3667 εἴχετο
553 3603 664 3675 μόχλῳ,
676 3603 798 3668 Πάντως
833 3607 922 3658 musas
937 3606 1017 3656 horno
1052 3606 1105 3656 Sat.
1123 3607 1148 3668 2,
1173 3605 1198 3666 3,
1216 3604 1277 3656 tlt:
1303 3618 1358 3655 me

274 3677 325 3729 καὶ
341 3677 467 3743 πελέκεις
483 3681 533 3731 καὶ
548 3679 696 3747 λαμπάδες
706 3673 798 3749 finitos
834 3683 904 3732 dictu
917 3683 1024 3732 marn
1039 3681 1111 3731 celer.
1146 3682 1314 3731 Burmannus
1331 3683 1359 3730 et

274 3755 321 3817 ἐφ’
338 3748 450 3819 ὑμέας.)
475 3769 526 3806 nec
548 3755 623 3806 facile
640 3756 690 3808 illie
707 3758 797 3820 attingi
834 3757 1011 3818 Schraderus,
1038 3757 1085 3820 qui
1110 3757 1249 3806 coniecere
1273 3755 1360 3806 nocuo

274 3829 377 3894 possint
402 3827 516 3880 cubiculi
543 3831 683 3882 fenestrae.
725 3833 798 3883 Mera
833 3831 929 3896 [acilia
952 3831 1025 3880 hunc
1041 3843 1120 3881 usum
1139 3844 1164 3879 v.
1183 3829 1289 3880 matun
1305 3842 1357 3880 non

276 3901 414 3968 explicatio
423 3904 528 3955 videtur
536 3904 619 3956 altera
628 3904 705 3956 lectio
713 3905 796 3956 Codd.
835 3905 958 3955 videntur
975 3905 1128 3956 attendisse.

276 3977 385 4043 quidem
407 3979 544 4043 antiquiss.
570 3983 597 4030 et
616 3979 798 4045 perhonorum
867 3981 892 4029 Ἰ.
927 3980 975 4044 Mc]
1010 3977 1300 4051 παρακλαυσίθυρον,
1331 3981 1360 4026 ut

275 4053 387 4104 tactim
418 4054 470 4104 Sed
486 4056 550 4105 ictas
566 4069 673 4120 quoque
686 4055 719 4106 de
732 4054 799 4119 lapi·
836 4052 883 4104 Od.
896 4054 921 4114 3,
936 4055 986 4114 to..
1009 4055 1064 4105 siva
1082 4052 1212 4104 cantilena
1231 4057 1272 4102 est
1283 4063 1359 4102 ama-

276 4127 341 4178 dum
351 4129 515 4180 coniectione
526 4131 713 4181 rectedioitur.
726 4129 797 4191 Virg.
836 4132 939 4179 torum:
960 4131 1048 4180 «Dum
1066 4141 1129 4192 ego,
1147 4129 1210 4178 tune
1225 4128 1270 4191 qui
1288 4139 1358 4186 sum,

276 4205 342 4253 Aen.
361 4203 402 4266 ⁴2,
421 4203 483 4254 toi:
506 4203 588 4270 (lapis)
606 4203 801 4267 occaecatust
836 4202 992 4268 perlongus
1009 4205 1102 4254 noctes
1121 4201 1244 4252 exclusus
1263 4213 1361 4251 excru-

277 4281 366 4338 ictam
393 4281 420 4330 et
444 4278 478 4330 de
504 4278 617 4345 pilorum
642 4277 799 4332 iaculatione
837 4280 893 4331 cior
904 4280 976 4330 cet.»
995 4305 1022 4316 -
1039 4277 1142 4330 Similes
1154 4277 1360 4342 imprecationes
