3012 4978
485 439 618 490 CARMEN
637 437 811 492 secuisse.

251 591 357 646 Ἔνθεν
375 591 523 668 nopotem
539 597 734 662 μεμνημένος.
762 589 878 662 “lipsani
894 589 994 648 δ’ἴστω

258 677 330 745 illuit
345 679 584 752 τ’ἐπαοσοτέρῃσι
600 680 798 752 θεοπρέπτοος
813 676 888 730 κατὰ
904 675 1019 742 θώκους

257 759 442 829 Παμπληθὴς
457 757 570 835 ἄγυρις·
591 759 706 828 σπονδὴ
723 761 755 815 δὲ
771 761 872 830 γέλωτι
888 763 1033 828 μεμίχθω.

307 843 405 900 Ταῦτά
422 862 467 898 τοι
484 845 515 898 ἐν
532 849 620 919 φρεσὶ
637 844 725 920 σῇσιν
741 841 788 897 nist
804 848 991 912 μεμνημένος
1007 841 1094 908 sivae,
1201 847 1232 896 35

259 931 316 984 irco
332 947 381 984 σοι
398 929 478 983 πᾶσα
494 927 576 992 χθών
589 927 687 998 'leutii
705 931 754 982 καὶ
772 927 853 982 πᾶσα
868 929 979 996 nasim]

257 1013 324 1068 Areu
341 1011 398 1068 ὑπὸ
415 1013 606 1088 οκήπτροισιν
623 1010 798 1076 inunximus
815 1009 901 1081 ζυγὸν
920 1007 984 1078 ἕξει.

410 1369 973 1434 ΜΕΝ

317 1521 449 1590 Phoebo
472 1521 692 1609 silvarumque
715 1531 830 1608 potens
852 1519 973 1596 Diana,

319 1643 477 1712 Lucidum
498 1641 580 1710 coeli
603 1641 720 1720 deone,
744 1663 764 1708 o
787 1640 913 1709 colendi

320 1765 460 1854 Semper
481 1774 514 1832 et
536 1764 624 1842 ouili,
649 1764 740 1842 dete,
763 1783 850 1852 quae
872 1783 1044 1851 precamur

403 1888 561 1975 Tempore
584 1906 694 1962 suero,

215 2031 348 2084 CARMEN
365 2030 538 2082 SECULARE.
573 2027 658 2080 Abest
674 2041 689 2079 s
707 2027 791 2080 Codd.
811 2029 878 2080 meis
895 2028 913 2079 S
930 2030 958 2079 et
974 2028 1008 2084 di
1028 2027 1118 2080 deficit
1132 2031 1160 2081 in
1174 2043 1200 2080 v.

179 2107 221 2158 20.
242 2104 307 2156 Cod.
327 2105 487 2156 Turiceusis.
508 2133 534 2143 -
558 2102 686 2155 Notabilis
704 2105 745 2157 est
762 2105 899 2170 inscriptio
917 2103 1021 2156 Codicis
1039 2105 1150 2156 Gothnnl
1167 2105 1200 2156 2:

179 2181 270 2242 Incipit
286 2192 389 2230 corroso
404 2179 517 2229 sooolors
541 2179 608 2240 qood
628 2180 701 2240 potii
722 2193 776 2229 meo
799 2184 822 2229 ot
842 2179 920 2229 moiri
943 2192 1014 2229 oseae
1039 2184 1203 2230 omitooorom

180 2256 215 2305 od
232 2255 336 2305 otonem
349 2267 489 2316 puerorum
501 2251 693 2316 poellommpoo
709 2255 743 2302 od
753 2252 891 2315 Apollinem
908 2257 931 2303 ot
941 2253 1056 2303 Dionem
1063 2255 1204 2316 promoties

181 2329 335 2386 onerosos„
359 2328 459 2389 Quibus
481 2329 508 2378 in
528 2326 619 2378 verbis
641 2327 692 2378 etsi
714 2328 786 2378 varie
809 2327 940 2391 corruptis
963 2327 1104 2380 manifesto
1121 2327 1204 2380 letoni

182 2403 251 2453 liaeo
278 2403 390 2454 Zosimi:
426 2400 524 2465 παῖδες
549 2401 699 2465 ἐπιφανεῖς
728 2396 803 2466 μετὰ
828 2401 1018 2473 rupissem,
1046 2403 1076 2454 οἳ
1100 2398 1203 2466 πάντες

180 2474 378 2544 ἀμφιθαλεῖς,
404 2469 476 2550 ὅπερ
493 2475 586 2540 ἐστίν,
611 2471 798 2550 ἀμφοτέρους
820 2473 888 2540 τοὺς
904 2481 999 2544 γονεῖς
1019 2471 1136 2542 ἔχοντες
1153 2493 1203 2530 πε-

179 2550 297 2624 ριόντας
315 2555 429 2618 (patrimi
446 2556 473 2604 et
489 2553 628 2616 matrimi),
651 2545 762 2618 ὕμνους
777 2545 882 2620 ᾄδουσι
898 2551 958 2603 κτλ.
989 2552 1065 2605 Coni.
1083 2555 1203 2618 Berneys

180 2631 265 2682 utun.
284 2631 350 2681 Mos.
368 2629 401 2680 N.
414 2629 442 2680 F.
461 2629 503 2678 Vl.
521 2643 549 2694 p.
569 2629 626 2680 438.
648 2633 674 2681 ο4
690 2641 760 2693 quoe
778 2627 964 2680 adnotavimus
981 2626 1015 2678 sd
1032 2643 1058 2679 v.
1078 2627 1102 2678 6.

183 2749 260 2801 4-4.
285 2749 385 2814 Ptoolle]
410 2750 447 2800 Ex
464 2750 561 2802 Zosimi
578 2763 672 2802 narre-
711 2749 749 2810 3,4
762 2764 767 2797 :
772 2749 965 2814 potesisprti.)
973 2747 1071 2799 ναπῶν
1079 2746 1234 2814 μεδέουσα.

147 2826 332 2877 tioneoonstot
343 2826 474 2887 hymnum
485 2825 557 2875 hunc
569 2825 672 2876 innodo
710 2825 780 2887 virg.
799 2827 865 2875 Aen.
885 2825 913 2884 9,
932 2822 994 2874 ios:
1015 2823 1147 2874 Astronm
1163 2825 1237 2874 osso

146 2899 273 2966 Apollinis
301 2899 408 2951 Palatini
437 2901 572 2950 centetum
601 2912 671 2950 esse.
709 2903 733 2948 ot
748 2911 879 2948 senonen
894 2899 1003 2949 Latonia
1018 2903 1107 2948 eustos.
1134 2899 1235 2948 Seneca

147 2977 283 3040 Optimum
308 2976 399 3024 sutem
425 2973 495 3024 iootu
518 2973 574 3024 iore
596 2973 674 3022 vide-
710 2971 814 3036 Hippol.
834 2972 897 3024 ilii:
925 2973 1056 3036 omopoo
1077 2973 1153 3022 siloas
1171 2975 1237 3023 inter

147 3051 205 3111 tur,
224 3052 254 3099 ut
270 3048 305 3098 od
323 3046 506 3112 explicandam
523 3047 592 3097 lione
607 3058 672 3111 pros
710 3051 733 3097 st
754 3047 822 3098 ineos
843 3047 891 3096 ooo
912 3046 1063 3110 Clerumenoe
1084 3047 1148 3096 coeli
1168 3048 1237 3098 sirim

147 3123 245 3174 ceteris
262 3121 303 3173 dis
319 3120 445 3184 Apollinis
463 3123 490 3171 et
510 3121 609 3172 Dianae
631 3121 674 3170 in·
710 3127 733 3173 st
757 3122 836 3171 noetis
863 3122 944 3172 demes
972 3149 1000 3157 -
1026 3122 1149 3172 Lucidum
1172 3123 1237 3172 coeli

146 3197 317 3247 vocationem
334 3195 478 3260 utrobique
494 3196 522 3245 et
542 3196 568 3245 in
585 3192 674 3257 Sibyl·
710 3197 796 3258 dom]
822 3207 897 3246 num.
916 3196 983 3258 sing.
1002 3195 1036 3246 de
1057 3195 1163 3246 duobus
1185 3209 1237 3246 nu-

148 3271 207 3324 linis
233 3270 306 3322 libris
333 3273 360 3320 et
384 3270 456 3334 opud
486 3270 621 3320 Horatium
647 3269 673 3318 in
710 3270 826 3322 minibus
844 3271 974 3332 geminis,
990 3272 1020 3320 ut
1031 3268 1121 3332 oui,
1140 3270 1169 3333 44,
1188 3271 1234 3321 34;

147 3347 266 3397 Excursu
284 3357 346 3395 eum
366 3343 467 3395 lectore
490 3334 673 3394 eommuuiee-
710 3347 814 3396 Olenon
832 3345 989 3407 medendos
1011 3345 1087 3395 mdis.
1109 3373 1136 3382 -
1156 3359 1170 3396 o
1192 3359 1237 3395 oo-

148 3431 224 3481 mus,
244 3431 313 3483 quoe
331 3419 438 3470 latinius
455 3418 533 3468 docte
552 3420 674 3468 eteocu·
710 3420 775 3470 tondi
796 3421 899 3482 Seropor
914 3425 938 3470 ot
957 3420 1029 3482 miti]
1062 3418 1152 3470 Verba
1174 3422 1238 3471 sunt

145 3496 204 3546 rate
230 3493 355 3544 disseruit
380 3492 414 3543 od
439 3491 538 3556 Virgilii
564 3490 617 3542 Eol.
643 3490 671 3552 4,
710 3493 784 3544 velut
792 3507 825 3544 er
834 3492 1009 3546 formularum
1018 3507 1153 3556 sermone,
1167 3506 1236 3558 quoe

148 3569 194 3620 io:
225 3569 301 3619 Coelo
320 3568 379 3631 soris
404 3568 517 3618 Lemno:
542 3573 600 3616 iosos
621 3567 674 3616 iem
710 3566 876 3618 ononnullis
893 3569 1059 3632 reprehensa
1074 3569 1178 3620 Steiner
1194 3581 1238 3619 ro·

146 3647 238 3708 rspnot
246 3641 347 3706 Apollo:
367 3643 418 3693 hoo
430 3641 616 3693 tantummodo
628 3641 675 3692 od·
711 3643 753 3692 ete
772 3641 889 3692 vindicet
906 3640 1007 3693 collatis
1029 3641 1103 3693 ovid.
1124 3644 1186 3694 liet.
1205 3643 1235 3705 8,

147 3719 256 3778 dentes,
275 3716 364 3768 Solem
376 3721 403 3768 el
415 3719 517 3768 Lunum
530 3729 592 3766 eum
603 3717 673 3766 utris
710 3716 773 3768 eie:
790 3716 895 3778 stoebe,
908 3717 1113 3779 oesmpncides,
1131 3718 1188 3768 sito
1197 3731 1239 3768 oo-

146 3790 263 3845 salubris
284 3794 365 3856 utque
387 3805 512 3855 agrorum
534 3790 673 3842 lerlilitntis
710 3791 906 3853 loiqrwooloous
920 3819 957 3840 -.
972 3790 1020 3843 od.
1035 3791 1063 3854 4,
1077 3793 1105 3853 2,
1118 3791 1164 3842 ³7:
1184 3793 1238 3855 Quo

147 3867 269 3928 dotores,
296 3869 353 3917 tum
379 3866 414 3917 od
438 3869 544 3932 pestem
569 3865 672 3930 alioque
710 3867 773 3916 oilil
781 3867 865 3916 moires
875 3867 1238 3919 oseliososisrsisiiotoilooo·

147 3939 217 3991 melo
235 3941 437 3991 overrunconda
455 3942 673 4005 praesentissimo
709 3954 768 3991 uero
781 3941 886 4003 bonique
900 3941 964 4004 diui,
978 3943 1029 3992 Neo
1040 3943 1194 3993 dotomcet.
1207 3969 1235 3980 -·

147 4027 209 4066 esse
223 4013 302 4065 ductu
314 4016 422 4065 numina
435 4016 491 4080 (cir.
506 4015 553 4065 0d.
567 4017 591 4076 4,
604 4015 672 4078 24.);
712 4017 829 4079 Τοηψονο
853 4017 941 4079 soei-o]
967 4018 1050 4080 prisco
1067 4031 1100 4067 ex
1117 4017 1238 4081 Porphy-

147 4091 288 4154 proeteres
299 4091 447 4153 Augustum
459 4102 512 4140 non
525 4089 581 4140 siue
593 4091 675 4140 simu·
711 4091 787 4142 rions
804 4094 967 4156 receperunt
983 4094 1112 4143 Boxterus
1130 4092 1156 4141 et
1172 4093 1238 4142 Ges-

147 4163 246 4214 leiioue
263 4176 372 4229 semper
389 4163 415 4214 id
433 4163 589 4226 affectasse,
607 4165 675 4214 utin
712 4178 802 4217 uerus.
821 4167 922 4217 Verum
934 4167 1102 4232 ¹Porphyrion
1113 4166 1181 4215 haee
1192 4164 1239 4215 sd-

146 4237 517 4303 prsecipuulpollinistuteln
531 4237 675 4288 essevide-
713 4242 800 4290 nolet:
829 4242 909 4292 «Non
935 4243 1056 4305 tempore
1081 4239 1170 4303 priseo
1196 4239 1238 4289 di-

148 4315 230 4364 retur.
247 4341 274 4352 -
288 4311 563 4377 sivamnquoroo]
577 4312 634 4375 (od.
649 4313 673 4374 4,
712 4315 829 4367 cendum
856 4317 910 4376 esi,
944 4314 992 4366 sed
1018 4317 1152 4378 tompore,
1184 4325 1237 4378 qno
