2992 4978
483 491 542 540 tiit.
562 491 604 540 111.
640 491 668 540 C.
687 492 751 541 iiix.

454 1036 830 1100 cmm·

229 1234 390 1312 Quantum
413 1232 509 1299 distet
530 1233 571 1300 ab
593 1234 711 1301 Inacho

270 1353 396 1421 Codrus
418 1374 477 1441 pro
500 1354 604 1441 patria
625 1375 689 1420 non
711 1353 842 1421 timidus
866 1356 964 1432 mori,

226 1475 345 1541 Narras
368 1485 401 1540 et
425 1494 528 1562 genus
549 1476 647 1543 Aeaci

268 1595 307 1661 Et
327 1605 468 1683 pugnata
490 1615 584 1662 sacro
606 1595 691 1663 bella
714 1596 775 1663 sub
796 1596 869 1663 llio:

164 1827 420 1892 xix.1nsor.voig.
446 1830 485 1880 An
508 1829 648 1892 Telephon,
676 1833 704 1880 et
727 1831 766 1882 sio
782 1831 850 1882 BS'l.
878 1857 907 1868 -
934 1831 972 1882 Ad
996 1831 1124 1896 Telephon
1140 1847 1158 1883 o

133 1901 240 1954 uum
262 1905 374 1968 αιιςιιήο
397 1905 549 1954 honoratum
564 1903 609 1954 be.
629 1929 658 1942 -
678 1905 701 1953 l.
721 1905 796 1955 diunt
811 1904 898 1968 blod,
925 1908 955 1955 nt
978 1906 1086 1959 volebat
1103 1909 1158 1959 Cu-

134 1978 310 2042 ninghamius.
330 1978 392 2041 (non
407 1979 466 2042 Be.)

132 2191 194 2242 xlx.
212 2191 357 2245 Probabile
374 2203 456 2255 sane,
474 2205 526 2244 noo
537 2194 628 2243 tumen
665 2205 698 2243 ne
715 2193 742 2242 in
758 2193 907 2256 Augustum
923 2195 1095 2258 conspiravit.
1120 2194 1192 2258 (Vel-

101 2275 207 2327 prorsus
233 2268 342 2318 certum
362 2268 416 2328 est¹
445 2266 518 2317 huno
540 2267 628 2317 liure-
664 2265 707 2317 lel.
720 2267 751 2328 2,
764 2266 805 2316 si.
824 2268 896 2317 Suet.
910 2267 966 2318 Oot.
980 2268 1026 2330 49,
1039 2269 1080 2318 66.
1100 2268 1188 2320 liber.

102 2352 159 2388 noro
182 2355 311 2406 neuwen
334 2341 451 2392 eundem
477 2353 538 2393 esso
564 2353 628 2391 oum
664 2341 688 2392 8.
719 2341 813 2391 senec,
832 2340 867 2391 de
885 2340 970 2392 Clom.
991 2342 1016 2392 9.
1046 2343 1095 2392 Dio
1114 2344 1189 2394 Cass.

101 2413 128 2462 L.
145 2415 244 2466 licinio
261 2415 384 2465 Varrone
401 2416 523 2476 Murena,
547 2414 627 2465 lrene
664 2412 708 2474 ot,
728 2413 763 2476 3.)
797 2415 867 2477 Ergo
884 2413 973 2478 aliqua
996 2419 1070 2466 oerte
1088 2416 1189 2481 proba·

101 2487 234 2539 Terentiae
247 2489 425 2550 Maecenatis,
444 2489 543 2540 Horatii
559 2488 628 2538 ami·
664 2487 771 2540 bilitatis
797 2491 888 2553 specio
914 2491 987 2540 olroa
1012 2503 1036 2542 a.
1064 2492 1121 2542 729.
1148 2491 1191 2542 vel

101 2573 131 2609 oo
149 2561 204 2624 (etr,
225 2563 276 2614 od.
291 2565 319 2624 Ξ,
334 2563 395 2625 l0.).
417 2564 443 2612 ls
461 2563 548 2626 igitur,
567 2563 628 2626 qui·
664 2563 721 2613 73⁰.
741 2566 769 2614 et
785 2563 895 2628 quidem
911 2565 1001 2616 hieme
1019 2566 1052 2629 (v.
1066 2558 1101 2629 δὴ
1114 2577 1191 2616 oom-

100 2638 277 2700 munusturi,
290 2637 534 2700 euminlugurum
546 2635 629 2687 eolle-
664 2639 781 2701 positum
799 2639 924 2689 dixeris.»
942 2640 1053 2690 imma.

102 2709 170 2769 uum
187 2713 332 2776 cooptatus
344 2711 430 2771 eset,
448 2710 506 2760 eius
518 2711 627 2761 honoris
698 2711 721 2760 l.
752 2713 880 2774 Quonim
907 2713 992 2776 αλιιοί]
1034 2713 1190 2773 «Quantum

102 2785 182 2844 gratie
198 2788 377 2844 nocturnam,
396 2786 423 2834 et
440 2795 502 2834 enm
517 2783 628 2847 quidem
663 2786 793 2848 temporis
810 2787 844 2836 sit
861 2785 895 2836 ab
913 2786 1024 2847 inacho,
1042 2787 1130 2850 primo
1141 2787 1192 2835 Ar-

100 2855 308 2918 hilarissimam,
343 2859 569 2921 amputationem
585 2859 629 2908 in·
664 2859 786 2921 givorum
803 2872 880 2922 rege,
907 2872 993 2922 usque
1011 2858 1045 2910 ad
1063 2859 1190 2920 Codrum,

100 2931 187 2982 stituit.
224 2934 324 2984 Totam
341 2932 398 2981 eius
419 2931 551 2995 picturam
573 2945 627 2995 quo
664 2931 866 2982 Atheniensium
899 2931 1053 2982 ultimum.»
1092 2933 1190 2982 Notnnt

97 3003 254 3058 uiuidiorem
266 3005 377 3066 reddat,
397 3007 515 3069 primum
532 3019 561 3057 se
579 3018 628 3056 ex·
665 3005 795 3055 interesse
826 3017 911 3055 annos
948 3007 1054 3056 circiter
1088 3006 1187 3056 DCCC.

95 3078 231 3139 postulare
249 3080 327 3144 tingit
343 3091 406 3130 oum
422 3077 555 3143 Telepho,
582 3079 627 3143 qui
665 3078 801 3141 (inachum
819 3092 843 3128 a.
863 3081 924 3128 ante
942 3079 1004 3129 Chr.
1025 3079 1098 3129 loeo.
1117 3079 1192 3142 ponit

95 3151 236 3217 philologis
254 3151 465 3218 quaestiunculis
479 3157 627 3218 oooupaws
663 3151 753 3201 Bookh
778 3153 895 3203 Marullo
919 3165 946 3216 p.
974 3151 1041 3214 ⁴93.)
1087 3149 1191 3202 Ooellus

95 3224 127 3274 de
153 3229 285 3278 convivio
314 3227 364 3277 rite
390 3227 509 3291 parando
538 3239 625 3289 nuno,
664 3227 787 3278 Lucanus
804 3226 835 3288 3,
854 3228 879 3276 5.
907 3240 933 3291 p.
953 3226 993 3276 37.
1023 3224 1090 3275 llud.
1122 3225 1190 3287 Τοῖς

95 3311 157 3350 oum
185 3303 222 3352 sit
252 3302 494 3371 συμποσίαρχος,
528 3302 625 3351 taceat.
664 3297 782 3365 λέγουσι
791 3295 846 3366 τὴν
856 3297 909 3366 τῆς
924 3294 1091 3364 Ἑλληνικῆς
1108 3297 1190 3350 ἱστο-

96 3373 171 3434 Quod
183 3373 338 3441 Telephum
351 3377 499 3426 «Graecum
509 3377 625 3439 poetam,
664 3374 729 3444 ρίας
745 3367 839 3446 ἀρχὴν
851 3369 911 3425 ἀπὸ
925 3369 1040 3434 Ἰνάχου
1052 3369 1126 3423 alvos
1136 3371 1189 3424 τοῦ

93 3449 216 3502 sodalem
235 3450 360 3501 Horatii»
377 3450 572 3511 vocaliorem
600 3449 627 3500 id
660 3441 785 3519 Ἀργείου
805 3449 981 3519 προσεκτέον
992 3446 1052 3498 κτλ.
1078 3447 1118 3498 Do
1139 3447 1189 3497 Co-

93 3523 171 3574 unloe
210 3537 246 3576 ex
275 3525 401 3575 carminis
429 3524 540 3574 exordio
576 3523 628 3574 de·
664 3521 713 3572 dno
731 3522 779 3573 eir.
798 3521 864 3572 Veli.
884 3525 940 3574 Pet.
959 3523 988 3584 t,
1009 3524 1034 3571 2.
1058 3521 1150 3572 lustin.
1163 3522 1188 3584 Ξ,

92 3599 235 3662 sumptum
267 3601 325 3658 est;
355 3599 509 3661 ignoramus
540 3598 625 3659 enim,
664 3597 688 3646 6.
719 3594 897 3648 soloecismus
915 3599 992 3648 disent
1007 3595 1081 3646 ortus
1098 3597 1142 3646 est
1158 3609 1191 3646 ex

91 3671 221 3724 utrumne
241 3673 278 3722 sit
293 3684 408 3736 persona
426 3671 501 3733 ficta,
520 3685 554 3722 sn
576 3673 627 3722 iool
663 3669 729 3722 laisa
755 3669 934 3724 distinctione:
966 3673 1094 3734 Quomwn
1114 3671 1191 3721 distat

92 3755 173 3796 causa
193 3747 299 3806 amieo,
318 3747 362 3796 oui
378 3758 506 3797 unacum
517 3748 627 3798 Murena
663 3745 800 3795 nmori?
816 3746 919 3796 Narras
934 3751 958 3796 et
975 3744 1073 3810 (etlam)
1092 3747 1144 3798 eet.
1174 3737 1181 3752 ⁸

90 3817 143 3868 hoo
174 3833 292 3870 carmen
326 3820 440 3881 miserit,
478 3821 627 3884 mythicum
697 3819 721 3870 3.
751 3818 774 3870 l.
810 3820 926 3884 Narras]
961 3818 1188 3879 «Quaestionibns

90 3889 154 3942 illud
171 3906 278 3944 nomen
289 3893 461 3957 imposuerit,
480 3907 534 3957 qno
545 3895 628 3944 utimr
663 3887 832 3960 φιλολόγοις
859 3905 960 3944 vacans
988 3892 1052 3943 alias
1078 3905 1188 3943 numere

89 3967 173 4018 etism
191 3967 246 4018 Od.
266 3969 294 4029 l,
315 3968 361 4030 ⁴3,
380 3968 404 4017 l.
423 3968 451 4018 et
467 3967 514 4018 0d.
534 3967 564 4028 l,
584 3969 624 4030 u,
662 3965 750 4028 soles;
772 3968 823 4018 sed
840 3981 911 4018 nuno
928 3966 1025 4018 talibus
1041 3966 1116 4018 loous
1134 3977 1188 4016 non

88 4041 129 4090 2⁴.
162 4041 229 4105 (Cir.
257 4042 338 4092 etiam
354 4041 465 4094 Weberi
488 4043 626 4107 opiniones
663 4043 732 4094 est.»
765 4069 792 4079 -
822 4055 909 4108 ςοοιιι
926 4041 1015 4105 Aeaci]
1050 4039 1188 4104 «explicas

88 4113 180 4164 Horas
197 4129 228 4180 p.
249 4115 300 4180 93.)
335 4117 430 4166 'lotum
452 4129 561 4167 carmen
585 4119 627 4166 est
662 4116 838 4169 Aeacidarum
874 4119 1016 4167 stemma.»
1060 4112 1185 4178 (Peleus,

86 4185 340 4255 mummolenum.
353 4217 381 4227 -
392 4190 576 4242 alianilestum
586 4192 627 4240 est
662 4189 794 4252 Achilles,
812 4189 1002 4256 Neoptolemus
1013 4205 1019 4249 ;
1049 4185 1186 4244 Telamon,

88 4265 227 4328 seriptum
253 4277 312 4315 osse
335 4267 396 4316 nuto
417 4279 441 4315 n.
468 4265 544 4326 7³2,
572 4277 625 4329 quo
661 4265 724 4315 Aiax
738 4278 801 4316 oum
812 4263 974 4326 Teucro.)-
987 4261 1069 4324 ramo]
1082 4247 1186 4330 Τροίης

86 4337 223 4389 llnraenn
246 4349 298 4388 una
315 4351 379 4389 oum
396 4340 493 4390 Fannio
511 4339 625 4402 Caepio-
663 4333 740 4408 ἱερὸν
758 4337 942 4408 πτολίεθρον,
953 4331 1041 4397 Ἴλιος
1059 4330 1115 4404 ἱρή.

177 4429 277 4473 ilonsr.
295 4440 350 4476 ron.
367 4429 382 4476 l.
412 4441 450 4479 nn.
468 4441 545 4476 aaaron
563 4429 597 4474 lll.
989 4427 1016 4470 λθ
