3078 4978
629 480 633 486 ’
712 455 839 505 thltAltt
859 453 987 504 Hroboh'

636 611 1004 672 excutietis
1043 615 1071 669 l.

759 765 797 811 An
815 763 892 812 Eron.
913 763 942 811 ll.

838 895 868 932 ex

714 1003 807 1053 Cinotr
832 1003 980 1053 tiranno

663 1137 696 1174 an
714 1135 736 1172 c.
756 1135 880 1173 ammius
903 1135 1028 1174 urrerem.

371 1249 427 1298 alte
452 1245 539 1311 epodo
556 1243 676 1295 secundo
702 1242 836 1293 uidebaris
861 1241 926 1292 mihi
945 1243 979 1308 lp.
997 1243 1038 1294 it.
1057 1241 1124 1308 tsi.)
1148 1247 1241 1296 nescio
1265 1257 1319 1310 que
1336 1247 1395 1297 sive

304 1329 411 1382 iuvenili
429 1328 595 1380 coniectandi
623 1327 826 1391 intemperantia
844 1327 900 1377 sive
927 1338 1072 1391 pravarum
1089 1326 1309 1380 observationum
1327 1343 1397 1380 con·

302 1415 405 1480 tagione
424 1415 502 1464 nimis
519 1409 650 1462 subtiliter
666 1409 821 1474 ignorabilia
839 1410 949 1460 rimatus
968 1422 1044 1470 esse,
1063 1413 1093 1461 ut
1107 1413 1246 1475 postremo
1265 1425 1319 1463 non
1332 1413 1396 1476 qui-

302 1499 366 1549 dem
392 1497 456 1561 quid
483 1496 601 1560 luppiter
625 1495 718 1545 lunoni
745 1495 905 1554 inaurem,
932 1493 981 1544 sed
1006 1495 1097 1546 temen
1123 1495 1187 1560 quid
1209 1498 1280 1547 inter
1302 1509 1333 1548 se
1357 1495 1395 1547 illi

302 1582 463 1632 «consortes
479 1579 575 1640 studii,
602 1580 645 1644 pia
670 1578 748 1628 turha
771 1579 886 1641 poetae»
914 1577 1066 1640 (Horatius,
1093 1579 1233 1642 Virgilius,
1259 1577 1393 1660 Tibullus)

301 1666 435 1729 egissent,
454 1662 501 1712 tibi
519 1661 648 1712 videreris
666 1659 820 1725 intelligere.
865 1661 944 1712 Certe
971 1675 1020 1725 ego
1045 1661 1169 1713 hebetior
1187 1661 1396 1726 Virgilianonrm

301 1748 451 1799 carminum
469 1747 572 1809 (Georg.
586 1747 617 1806 2,
636 1744 684 1796 tes
695 1745 783 1808 seqq.)
802 1745 828 1794 in
845 1743 888 1794 illo
906 1744 994 1808 epodo
1011 1743 1110 1797 nullam
1127 1745 1245 1796 litteram
1262 1759 1392 1810 agnosco.

300 1833 385 1884 immo
403 1831 467 1881 mihi
484 1843 571 1895 nuper
587 1829 718 1893 Gruppius
735 1829 761 1878 in
778 1827 860 1890 libro,
888 1840 970 1891 quem
985 1827 1019 1878 de
1037 1827 1120 1892 elegia
1138 1831 1257 1880 Romane
1274 1830 1392 1894 scripsit,

302 1917 336 1980 lp.
356 1915 424 1978 sti.)
442 1911 536 1964 Tibulli
553 1911 685 1977 quosdam
701 1923 797 1962 versus
816 1923 880 1962 cum
897 1911 1005 1961 Horatio
1023 1913 1222 1975 comparavisse
1243 1910 1286 1962 vel
1304 1915 1394 1977 aptius

300 1998 335 2049 ad
351 1997 570 2062 persuadendum
586 1996 709 2055 videtur;
737 2007 800 2046 eum
818 1997 908 2045 tamen
926 1996 1030 2045 certum
1046 1997 1081 2046 sit
1097 1996 1236 2046 Horatium
1253 1997 1280 2046 iu
1297 1996 1393 2062 epodie

298 2081 333 2134 ed
350 2080 443 2132 Tibulli
468 2081 585 2132 carmine
603 2080 737 2143 respicere
755 2091 808 2128 non
831 2079 967 2142 potuisse,
995 2078 1045 2129 nisi
1070 2079 1097 2127 in
1114 2076 1216 2129 libullo
1242 2093 1337 2140 meas,
1364 2082 1392 2132 in

298 2167 406 2216 Horatio
424 2168 482 2216 tuas
499 2164 653 2228 temporum
677 2163 793 2213 rationes
819 2163 1001 2225 repudiemus.
1038 2162 1092 2224 Ego
1117 2162 1168 2212 hoc
1185 2175 1271 2214 unum
1292 2163 1389 2226 video,

297 2249 405 2299 Horatio
430 2248 551 2299 iambum
574 2246 725 2298 Archilochi
750 2248 812 2296 ante
837 2245 928 2296 oculos
953 2244 1051 2307 luisse,
1080 2246 1115 2296 ad
1138 2247 1215 2297 cuius
1234 2246 1389 2312 exemplum

297 2335 369 2384 huno
386 2345 465 2384 suum
483 2332 667 2396 componeret.
703 2328 796 2391 illum,
823 2329 949 2393 inquam,
977 2329 1003 2378 in
1027 2342 1080 2393 quo
1102 2331 1255 2381 Chercnem
1282 2331 1391 2382 labrum

296 2414 451 2480 loquentem
476 2415 592 2476 induxit,
619 2416 693 2465 cuius
718 2413 820 2465 initium
843 2413 891 2463 luit
916 2403 958 2463 ei
982 2427 1034 2478 μοι
1055 2409 1091 2462 τὰ
1112 2411 1208 2480 Γύγεω
1225 2411 1278 2465 τοῦ
1296 2411 1392 2466 πολο-

296 2495 408 2570 κρύσοο
424 2497 504 2563 μέλει
522 2493 581 2550 οὐδ’
600 2493 656 2548 εἷλέ
668 2493 712 2548 πώ
720 2512 758 2563 με
769 2493 863 2562 ζῆλος.
898 2497 951 2547 Sed
969 2495 1060 2558 nobis,
1080 2509 1162 2560 quern
1180 2495 1251 2548 bella
1268 2511 1388 2562 quamue

296 2585 386 2633 iocosa
404 2581 483 2632 luerit
498 2582 626 2642 imitatio,
651 2582 695 2631 vix
711 2581 842 2644 suspicari
859 2578 936 2640 licet,
959 2593 1021 2631 cum
1039 2593 1073 2631 ne
1090 2583 1190 2632 exitum
1208 2581 1321 2646 quidem
1339 2584 1391 2633 Ar-

296 2665 420 2716 chilochil
437 2666 579 2726 carminis,
599 2663 765 2714 cuiusmodi
787 2664 881 2724 luerit,
909 2664 1027 2714 divinare
1050 2665 1195 2728 possimus.
1231 2667 1260 2715 ln
1275 2665 1347 2726 hoc,
1366 2667 1389 2716 si

295 2747 465 2802 Aristotelem
491 2752 565 2799 reete
592 2745 707 2812 intelligo
733 2747 847 2811 [Rhetor.
866 2747 894 2808 3,
914 2749 982 2810 til,
1011 2747 1058 2798 luit
1073 2743 1172 2814 ψόγος
1196 2740 1267 2800 ἇνεο
1285 2743 1389 2821 ἀγροτ-

294 2835 368 2897 stag.
404 2833 527 2884 Horatius
541 2832 701 2882 suavitatem
712 2831 844 2894 quaesivit
862 2832 889 2882 et
905 2827 1061 2891 ridiculum
1080 2831 1132 2882 hoc
1144 2830 1254 2895 quidem
1267 2845 1386 2894 summe,

295 2931 358 2969 cum
384 2915 525 2968 feneratori
551 2913 679 2966 adscribit
703 2914 786 2976 heec,
817 2914 872 2976 quis
894 2928 944 2964 ooo
966 2915 1111 2976 memmae,
1141 2928 1206 2977 quos
1221 2929 1296 2965 αοιοι·
1311 2929 1389 2966 cuins

294 3001 381 3062 hebet,
414 3001 475 3050 hoec
508 2999 573 3048 inter
598 2995 772 3048 obliviscitur?
804 2996 853 3047 sed
885 2996 936 3048 sub
970 2999 1027 3048 risu
1049 2998 1162 3062 iocoque
1193 2997 1278 3049 latere
1309 3001 1386 3050 amici

295 3083 410 3148 (Virgilii)
428 3083 579 3133 irrisionem
597 3095 645 3132 cur
662 3081 819 3145 suspiceris
839 3107 867 3118 -
886 3081 984 3132 hierius
1001 3081 1151 3132 Victorinus
1167 3095 1194 3146 p.
1214 3083 1385 3134 sisausa:

295 3169 338 3219 Ec
363 3169 476 3218 ttictetro
499 3179 574 3217 versu
598 3163 704 3214 iambico
728 3165 834 3227 oporicen
858 3165 1037 3226 octomliobum
1053 3165 1212 3216 Archilochus
1235 3173 1387 3216 cambes

296 3257 349 3303 eet:
367 3256 395 3302 ut
411 3251 509 3302 Beatus
526 3247 587 3308 ille,
606 3247 651 3310 qui
668 3244 762 3311 procul
779 3249 900 3311 negotiis.

359 3333 543 3385 Amicissimus
569 3330 688 3382 Halmius
713 3331 839 3380 indicavit
860 3332 924 3382 mibi
949 3330 1039 3383 locum
1060 3332 1151 3397 utique
1168 3331 1335 3396 persimilem
1352 3345 1383 3382 eu

293 3417 478 3484 Aristophanis
501 3411 613 3481 Νήοοις
630 3417 671 3466 Fr.
690 3414 748 3466 etl.
766 3413 880 3465 Dindori
893 3417 921 3464 P.
941 3417 983 3466 Sc.
1002 3427 1062 3480 pag.
1083 3415 1139 3466 tte.
1167 3416 1277 3479 (comio.
1296 3417 1380 3480 Frgm.

293 3501 352 3554 Vol.
365 3503 396 3552 ll.
409 3514 436 3565 p.
451 3499 544 3562 llos),
563 3511 645 3563 quem
657 3497 810 3550 exscribere
828 3499 917 3548 iuvet:
932 3489 968 3548 Ὦ
983 3495 1064 3571 μῶρε
1079 3493 1175 3570 μῶρε,
1193 3495 1286 3550 ταῦτα
1300 3495 1380 3548 πάντ·

293 3584 325 3638 ἐν
341 3581 401 3656 τῇδ’
420 3578 479 3648 ἔνι,
507 3583 603 3634 Οἰκεῑν
622 3581 677 3649 μὲν
698 3581 730 3634 ἐν
750 3575 827 3652 ἀγρῷ
844 3579 949 3632 τοῦτον
966 3580 997 3632 ἐν
1014 3579 1054 3650 τῷ
1071 3579 1160 3650 γηδίῳ
1174 3575 1382 3650 Ἅπαλλαγέντα

295 3661 353 3718 τῶν
370 3670 430 3718 κατ’
449 3661 560 3740 ἀγορὰν
577 3661 772 3738 πραγμάτων,
799 3663 983 3730 Κεκτημένον
999 3661 1150 3738 ζονγοὶριον
1168 3667 1278 3718 οἰκεῖον
1297 3665 1381 3727 βοοῖν

286 3745 393 3802 “Eaees'
419 3744 538 3803 ἀκούειν
569 3749 734 3822 προβατίων
759 3743 973 3816 βληχωμένων,
1011 3747 1122 3822 Τρυγός
1153 3765 1184 3801 τε
1214 3746 1318 3816 φωνὴν
1343 3751 1382 3812 εἰς

293 3829 417 3899 λεκάνην
442 3828 630 3900 ὦθοομένης,
651 3829 734 3900 'Oppi
760 3830 791 3884 δὲ
807 3829 946 3904 Χρῆσθαι
963 3831 1116 3897 οπινιᾶίοις
1132 3848 1163 3884 τε
1183 3835 1235 3885 καλ
1250 3832 1379 3898 κίχλαις,

294 3917 352 3971 Καὶ
368 3912 410 3984 μὴ
428 3917 589 3987 περιμένειν
605 3913 637 3980 ἐξ
653 3911 764 3989 ἀγορᾶς
781 3913 898 3979 ἰχθύδια
915 3919 1035 3988 rectora
1052 3917 1231 3985 πολοτίμητα
1252 3917 1381 3980 βεβασα-

294 4003 417 4070 νισμένα
431 3995 490 4051 Ἐπ’
510 3997 695 4060 ἰχθυοπώλου
712 4001 787 4073 χειρὶ
804 3997 1046 4074 παρανομωτάτῃ.
1080 4002 1128 4052 Vix
1146 4005 1236 4055 temen
1252 4003 1378 4062 adducor,

293 4090 324 4139 ut
339 4086 381 4138 vel
399 4083 567 4146 Archilochi,
594 4084 825 4147 quemadmodum
841 4087 916 4136 ratus
933 4085 975 4136 est
991 4085 1193 4148 Lachmannus,
1220 4086 1263 4138 vel
1281 4085 1379 4140 Comici

294 4173 468 4223 imitationem
486 4166 608 4220 consulto
625 4169 774 4232 quaesitam
793 4169 819 4219 in
835 4168 887 4220 hoc
904 4168 996 4234 Epodo
1013 4181 1166 4234 agnoscam.
