<?xml version="1.0" encoding="UTF-8"?>
<!DOCTYPE html PUBLIC "-//W3C//DTD XHTML 1.0 Transitional//EN"
    "http://www.w3.org/TR/xhtml1/DTD/xhtml1-transitional.dtd">
<html xmlns="http://www.w3.org/1999/xhtml" xml:lang="en" lang="en">
 <head>
  <title>
</title>
<meta http-equiv="Content-Type" content="text/html;charset=utf-8" />
  <meta name='ocr-system' content='tesseract 3.04.00' />
  <meta name='ocr-capabilities' content='ocr_page ocr_carea ocr_par ocr_line ocrx_word'/>
</head>
<body>
  <div class='ocr_page' id='page_1' title='image "./qhoratiusflaccu02baitgoog/qhoratiusflaccu02baitgoog_0243.png"; bbox 0 0 2986 4974; ppageno 0'>
   <div class='ocr_carea' id='block_1_1' title="bbox 676 439 990 489">
    <p class='ocr_par' dir='ltr' id='par_1_1' title="bbox 676 439 990 489">
     <span class='ocr_line' id='line_1_1' title="bbox 676 439 990 489; baseline -0.006 0"><span class='ocrx_word' id='word_1_1' title='bbox 676 439 803 489; x_wconf 80' lang='lat' dir='ltr'>HORATH</span> <span class='ocrx_word' id='word_1_2' title='bbox 824 439 990 489; x_wconf 71' lang='lat' dir='ltr'>caeninam</span> 
     </span>
    </p>
   </div>
   <div class='ocr_carea' id='block_1_2' title="bbox 569 594 1052 680">
    <p class='ocr_par' dir='ltr' id='par_1_2' title="bbox 569 594 1052 680">
     <span class='ocr_line' id='line_1_2' title="bbox 569 594 1052 680; baseline -0.006 -21"><span class='ocrx_word' id='word_1_3' title='bbox 569 594 678 660; x_wconf 81' lang='lat' dir='ltr'>Classe</span> <span class='ocrx_word' id='word_1_4' title='bbox 701 594 763 658; x_wconf 85' lang='lat' dir='ltr'>cita</span> <span class='ocrx_word' id='word_1_5' title='bbox 786 595 946 680; x_wconf 82' lang='lat' dir='ltr'>reparavit</span> <span class='ocrx_word' id='word_1_6' title='bbox 968 613 1052 658; x_wconf 90' lang='lat' dir='ltr'>oras.</span> 
     </span>
    </p>
   </div>
   <div class='ocr_carea' id='block_1_3' title="bbox 460 751 1115 1082">
    <p class='ocr_par' dir='ltr' id='par_1_3' title="bbox 460 751 1115 1082">
     <span class='ocr_line' id='line_1_3' title="bbox 460 751 1115 837; baseline 0.006 -21"><span class='ocrx_word' id='word_1_7' title='bbox 460 757 545 817; x_wconf 74' lang='lat' dir='ltr'>riusa</span> <span class='ocrx_word' id='word_1_8' title='bbox 568 763 600 816; x_wconf 92' lang='lat' dir='ltr'>et</span> <span class='ocrx_word' id='word_1_9' title='bbox 621 753 778 817; x_wconf 88' lang='lat' dir='ltr'>iacentem</span> <span class='ocrx_word' id='word_1_10' title='bbox 800 753 905 818; x_wconf 89' lang='lat' dir='ltr'>visere</span> <span class='ocrx_word' id='word_1_11' title='bbox 931 751 1051 837; x_wconf 83' lang='lat' dir='ltr'>regiam</span> <span class='ocrx_word' id='word_1_12' title='bbox 1113 815 1115 820; x_wconf 90' lang='lat'><em>.</em></span> 
     </span>
     <span class='ocr_line' id='line_1_4' title="bbox 466 872 1035 959; baseline 0 -23"><span class='ocrx_word' id='word_1_13' title='bbox 466 872 556 938; x_wconf 86' lang='lat' dir='ltr'>Voitu</span> <span class='ocrx_word' id='word_1_14' title='bbox 580 893 713 948; x_wconf 90' lang='lat' dir='ltr'>sereno,</span> <span class='ocrx_word' id='word_1_15' title='bbox 738 873 825 938; x_wconf 84' lang='lat' dir='ltr'>tortis</span> <span class='ocrx_word' id='word_1_16' title='bbox 848 884 881 938; x_wconf 89' lang='lat' dir='ltr'>et</span> <span class='ocrx_word' id='word_1_17' title='bbox 902 893 1035 959; x_wconf 87' lang='lat' dir='ltr'>asperas</span> 
     </span>
     <span class='ocr_line' id='line_1_5' title="bbox 529 997 1062 1082; baseline -0.002 -24"><span class='ocrx_word' id='word_1_18' title='bbox 529 997 677 1060; x_wconf 80' lang='lat' dir='ltr'>Tractare</span> <span class='ocrx_word' id='word_1_19' title='bbox 699 1005 880 1082; x_wconf 81' lang='lat' dir='ltr'>serpentes,</span> <span class='ocrx_word' id='word_1_20' title='bbox 905 1003 939 1058; x_wconf 90' lang='lat' dir='ltr'>ut</span> <span class='ocrx_word' id='word_1_21' title='bbox 960 1003 1062 1058; x_wconf 87' lang='lat' dir='ltr'>atrum</span> 
     </span>
    </p>
   </div>
   <div class='ocr_carea' id='block_1_4' title="bbox 323 1162 1342 1452">
    <p class='ocr_par' dir='ltr' id='par_1_4' title="bbox 323 1162 1342 1452">
     <span class='ocr_line' id='line_1_6' title="bbox 358 1162 1342 1226; baseline -0.004 -10"><span class='ocrx_word' id='word_1_22' title='bbox 358 1166 398 1216; x_wconf 75' lang='grc'>11.</span> <span class='ocrx_word' id='word_1_23' title='bbox 419 1165 532 1226; x_wconf 81' lang='lat' dir='ltr'>repetivit</span> <span class='ocrx_word' id='word_1_24' title='bbox 549 1162 614 1214; x_wconf 83' lang='lat' dir='ltr'>Cod.</span> <span class='ocrx_word' id='word_1_25' title='bbox 629 1163 712 1213; x_wconf 75' lang='lat' dir='ltr'>vatic,</span> <span class='ocrx_word' id='word_1_26' title='bbox 730 1164 859 1226; x_wconf 56' lang='lat' dir='ltr'>Reginam</span> <span class='ocrx_word' id='word_1_27' title='bbox 876 1165 1016 1225; x_wconf 68' lang='lat' dir='ltr'>penetrauit</span> <span class='ocrx_word' id='word_1_28' title='bbox 1034 1162 1150 1213; x_wconf 89' lang='lat' dir='ltr'>malebat</span> <span class='ocrx_word' id='word_1_29' title='bbox 1165 1163 1261 1224; x_wconf 72' lang='lat' dir='ltr'>Beati..</span> <span class='ocrx_word' id='word_1_30' title='bbox 1280 1178 1342 1226; x_wconf 85' lang='lat' dir='ltr'>repe-</span> 
     </span>
     <span class='ocr_line' id='line_1_7' title="bbox 325 1238 1339 1301; baseline -0.004 -10"><span class='ocrx_word' id='word_1_31' title='bbox 325 1243 394 1292; x_wconf 87' lang='lat' dir='ltr'>davit</span> <span class='ocrx_word' id='word_1_32' title='bbox 405 1241 500 1300; x_wconf 88' lang='lat' dir='ltr'>Titius,</span> <span class='ocrx_word' id='word_1_33' title='bbox 516 1239 651 1301; x_wconf 84' lang='lat' dir='ltr'>peraravit</span> <span class='ocrx_word' id='word_1_34' title='bbox 667 1238 796 1296; x_wconf 82' lang='lat' dir='ltr'>Bouhier,</span> <span class='ocrx_word' id='word_1_35' title='bbox 816 1238 934 1286; x_wconf 79' lang='lat' dir='ltr'>renaeauit</span> <span class='ocrx_word' id='word_1_36' title='bbox 946 1239 1062 1298; x_wconf 86' lang='lat' dir='ltr'>Oeseke‚</span> <span class='ocrx_word' id='word_1_37' title='bbox 1081 1239 1205 1288; x_wconf 82' lang='lat' dir='ltr'>recreauit</span> <span class='ocrx_word' id='word_1_38' title='bbox 1215 1239 1339 1294; x_wconf 79' lang='lat' dir='ltr'>Bosseba.</span> 
     </span>
     <span class='ocr_line' id='line_1_8' title="bbox 323 1311 1337 1378; baseline -0.005 -14"><span class='ocrx_word' id='word_1_39' title='bbox 323 1316 469 1378; x_wconf 83' lang='lat' dir='ltr'>properavit</span> <span class='ocrx_word' id='word_1_40' title='bbox 487 1314 629 1372; x_wconf 85' lang='lat' dir='ltr'>Guaccius,</span> <span class='ocrx_word' id='word_1_41' title='bbox 654 1312 787 1374; x_wconf 81' lang='lat' dir='ltr'>trepidavit</span> <span class='ocrx_word' id='word_1_42' title='bbox 809 1311 1011 1362; x_wconf 84' lang='lat' dir='ltr'>Hammerstein.</span> <span class='ocrx_word' id='word_1_43' title='bbox 1036 1341 1061 1348; x_wconf 98' lang='lat'>-</span> <span class='ocrx_word' id='word_1_44' title='bbox 1081 1313 1121 1362; x_wconf 77' lang='lat' dir='ltr'>aa.</span> <span class='ocrx_word' id='word_1_45' title='bbox 1142 1317 1262 1362; x_wconf 77' lang='lat' dir='ltr'>tacentem</span> <span class='ocrx_word' id='word_1_46' title='bbox 1277 1313 1337 1364; x_wconf 88' lang='lat' dir='ltr'>Cod.</span> 
     </span>
     <span class='ocr_line' id='line_1_9' title="bbox 325 1386 722 1452; baseline -0.015 -11"><span class='ocrx_word' id='word_1_47' title='bbox 325 1390 481 1441; x_wconf 81' lang='lat' dir='ltr'>Bersmanni</span> <span class='ocrx_word' id='word_1_48' title='bbox 499 1389 575 1452; x_wconf 90' lang='lat' dir='ltr'>prob.</span> <span class='ocrx_word' id='word_1_49' title='bbox 595 1386 722 1437; x_wconf 89' lang='lat' dir='ltr'>Bentleio.</span> 
     </span>
    </p>
   </div>
   <div class='ocr_carea' id='block_1_5' title="bbox 290 1535 1372 2569">
    <p class='ocr_par' dir='ltr' id='par_1_5' title="bbox 291 1535 1367 1758">
     <span class='ocr_line' id='line_1_10' title="bbox 291 1535 1365 1602; baseline -0.006 -12"><span class='ocrx_word' id='word_1_50' title='bbox 291 1540 462 1590; x_wconf 88' lang='lat' dir='ltr'>transmissas</span> <span class='ocrx_word' id='word_1_51' title='bbox 474 1537 508 1587; x_wconf 91' lang='lat' dir='ltr'>ab</span> <span class='ocrx_word' id='word_1_52' title='bbox 519 1537 652 1588; x_wconf 81' lang='lat' dir='ltr'>Arabibus</span> <span class='ocrx_word' id='word_1_53' title='bbox 662 1536 817 1588; x_wconf 88' lang='lat' dir='ltr'>combustas</span> <span class='ocrx_word' id='word_1_54' title='bbox 854 1541 883 1586; x_wconf 93' lang='lat' dir='ltr'>ut</span> <span class='ocrx_word' id='word_1_55' title='bbox 905 1537 941 1586; x_wconf 89' lang='lat' dir='ltr'>ait</span> <span class='ocrx_word' id='word_1_56' title='bbox 964 1537 992 1586; x_wconf 88' lang='lat' dir='ltr'>C.</span> <span class='ocrx_word' id='word_1_57' title='bbox 1013 1535 1133 1586; x_wconf 78' lang='lat' dir='ltr'>Rabirius</span> <span class='ocrx_word' id='word_1_58' title='bbox 1156 1536 1203 1586; x_wconf 86' lang='lat' dir='ltr'>Ed.</span> <span class='ocrx_word' id='word_1_59' title='bbox 1224 1538 1328 1600; x_wconf 84' lang='lat' dir='ltr'>Kreyss.</span> <span class='ocrx_word' id='word_1_60' title='bbox 1346 1552 1365 1602; x_wconf 91' lang='lat' dir='ltr'>p.</span> 
     </span>
     <span class='ocr_line' id='line_1_11' title="bbox 292 1605 1367 1677; baseline -0.002 -13"><span class='ocrx_word' id='word_1_61' title='bbox 292 1614 419 1664; x_wconf 86' lang='lat' dir='ltr'>audisset.</span> <span class='ocrx_word' id='word_1_62' title='bbox 449 1613 497 1662; x_wconf 88' lang='lat' dir='ltr'>Dio</span> <span class='ocrx_word' id='word_1_63' title='bbox 512 1614 556 1672; x_wconf 76' lang='lat' dir='ltr'>st,</span> <span class='ocrx_word' id='word_1_64' title='bbox 576 1613 604 1662; x_wconf 79' lang='lat' dir='ltr'>d:</span> <span class='ocrx_word' id='word_1_65' title='bbox 624 1605 816 1677; x_wconf 75' lang='grc' dir='ltr'><em>ἡτοιμάζοντο</em></span> <span class='ocrx_word' id='word_1_66' title='bbox 854 1611 915 1660; x_wconf 72' lang='lat' dir='ltr'>tid:</span> <span class='ocrx_word' id='word_1_67' title='bbox 944 1611 1052 1674; x_wconf 69' lang='lat' dir='ltr'>eoseum</span> <span class='ocrx_word' id='word_1_68' title='bbox 1074 1615 1189 1660; x_wconf 84' lang='lat' dir='ltr'>coactum</span> <span class='ocrx_word' id='word_1_69' title='bbox 1206 1613 1282 1662; x_wconf 77' lang='lat' dir='ltr'>Omne</span> <span class='ocrx_word' id='word_1_70' title='bbox 1297 1627 1367 1674; x_wconf 75' lang='lat' dir='ltr'>capu</span> 
     </span>
     <span class='ocr_line' id='line_1_12' title="bbox 292 1679 1303 1758; baseline 0.001 -22"><span class='ocrx_word' id='word_1_71' title='bbox 292 1683 331 1750; x_wconf 76' lang='grc' dir='ltr'>ὥς</span> <span class='ocrx_word' id='word_1_72' title='bbox 348 1688 397 1738; x_wconf 81' lang='grc' dir='ltr'>καὶ</span> <span class='ocrx_word' id='word_1_73' title='bbox 415 1686 445 1749; x_wconf 84' lang='grc' dir='ltr'>ἐς</span> <span class='ocrx_word' id='word_1_74' title='bbox 461 1681 658 1758; x_wconf 77' lang='grc' dir='ltr'>τὴνἸβηρὶαν,</span> <span class='ocrx_word' id='word_1_75' title='bbox 676 1679 713 1734; x_wconf 75' lang='grc' dir='ltr'>ἄν</span> <span class='ocrx_word' id='word_1_76' title='bbox 725 1701 751 1735; x_wconf 86' lang='grc' dir='ltr'>τι</span> <span class='ocrx_word' id='word_1_77' title='bbox 762 1701 816 1734; x_wconf 82' lang='grc' dir='ltr'>κα-</span> <span class='ocrx_word' id='word_1_78' title='bbox 854 1685 928 1734; x_wconf 83' lang='lat' dir='ltr'>betur</span> <span class='ocrx_word' id='word_1_79' title='bbox 945 1685 986 1735; x_wconf 86' lang='lat' dir='ltr'>leti</span> <span class='ocrx_word' id='word_1_80' title='bbox 1002 1699 1092 1748; x_wconf 73' lang='lat' dir='ltr'>pensu,</span> <span class='ocrx_word' id='word_1_81' title='bbox 1111 1699 1182 1735; x_wconf 76' lang='lat' dir='ltr'>carue</span> <span class='ocrx_word' id='word_1_82' title='bbox 1199 1687 1303 1737; x_wconf 81' lang='lat' dir='ltr'>timoris.</span> 
     </span>
    </p>

    <p class='ocr_par' dir='ltr' id='par_1_6' title="bbox 290 1754 1372 2272">
     <span class='ocr_line' id='line_1_13' title="bbox 292 1754 1368 1827; baseline -0.001 -15"><span class='ocrx_word' id='word_1_83' title='bbox 292 1759 419 1827; x_wconf 77' lang='grc' dir='ltr'>τεπείξη,</span> <span class='ocrx_word' id='word_1_84' title='bbox 446 1757 658 1824; x_wconf 75' lang='grc' dir='ltr'><em>πλεοσούμενοι</em></span> <span class='ocrx_word' id='word_1_85' title='bbox 675 1788 699 1808; x_wconf 84' lang='grc'>·.</span> <span class='ocrx_word' id='word_1_86' title='bbox 731 1754 816 1823; x_wconf 64' lang='lat' dir='ltr'>aaut</span> <span class='ocrx_word' id='word_1_87' title='bbox 886 1760 927 1809; x_wconf 72' lang='lat'>26.</span> <span class='ocrx_word' id='word_1_88' title='bbox 947 1757 1004 1808; x_wconf 86' lang='lat' dir='ltr'>Noli</span> <span class='ocrx_word' id='word_1_89' title='bbox 1021 1761 1192 1810; x_wconf 89' lang='lat' dir='ltr'>construere:</span> <span class='ocrx_word' id='word_1_90' title='bbox 1211 1762 1368 1811; x_wconf 79' lang='lat' dir='ltr'>uoitusereua</span> 
     </span>
     <span class='ocr_line' id='line_1_14' title="bbox 291 1817 1370 1910; baseline -0.003 -23"><span class='ocrx_word' id='word_1_91' title='bbox 291 1834 363 1910; x_wconf 77' lang='grc' dir='ltr'><em>πρὸς</em></span> <span class='ocrx_word' id='word_1_92' title='bbox 381 1817 433 1900; x_wconf 58' lang='grc' dir='ltr'>ἑὴν</span> <span class='ocrx_word' id='word_1_93' title='bbox 450 1830 575 1905; x_wconf 78' lang='grc' dir='ltr'><em>ἐρυθρὰν</em></span> <span class='ocrx_word' id='word_1_94' title='bbox 592 1831 747 1884; x_wconf 79' lang='grc' dir='ltr'><em>θάλασσαν</em></span> <span class='ocrx_word' id='word_1_95' title='bbox 763 1849 816 1898; x_wconf 79' lang='grc' dir='ltr'>με·</span> <span class='ocrx_word' id='word_1_96' title='bbox 851 1834 937 1896; x_wconf 75' lang='lat' dir='ltr'>sortis,</span> <span class='ocrx_word' id='word_1_97' title='bbox 965 1839 988 1883; x_wconf 88' lang='lat' dir='ltr'>et</span> <span class='ocrx_word' id='word_1_98' title='bbox 1006 1847 1072 1883; x_wconf 83' lang='lat' dir='ltr'>ausa</span> <span class='ocrx_word' id='word_1_99' title='bbox 1088 1839 1212 1897; x_wconf 84' lang='lat' dir='ltr'>tractare,</span> <span class='ocrx_word' id='word_1_100' title='bbox 1240 1837 1289 1886; x_wconf 86' lang='lat' dir='ltr'>sed</span> <span class='ocrx_word' id='word_1_101' title='bbox 1305 1837 1370 1900; x_wconf 74' lang='grc'><em>1111111</em></span> 
     </span>
     <span class='ocr_line' id='line_1_15' title="bbox 290 1907 1369 1976; baseline -0.001 -15"><span class='ocrx_word' id='word_1_102' title='bbox 290 1909 513 1976; x_wconf 76' lang='grc' dir='ltr'><em>ταοτηοόμενοι.</em></span> <span class='ocrx_word' id='word_1_103' title='bbox 533 1908 623 1959; x_wconf 83' lang='lat' dir='ltr'>Florus</span> <span class='ocrx_word' id='word_1_104' title='bbox 642 1922 748 1972; x_wconf 82' lang='lat' dir='ltr'>quoque</span> <span class='ocrx_word' id='word_1_105' title='bbox 767 1907 813 1958; x_wconf 94' lang='grc'><em>1.1,</em></span> <span class='ocrx_word' id='word_1_106' title='bbox 853 1913 973 1968; x_wconf 82' lang='lat' dir='ltr'>tractare,</span> <span class='ocrx_word' id='word_1_107' title='bbox 987 1909 1055 1958; x_wconf 87' lang='lat' dir='ltr'>adeo</span> <span class='ocrx_word' id='word_1_108' title='bbox 1068 1909 1155 1970; x_wconf 87' lang='lat' dir='ltr'>tortis,</span> <span class='ocrx_word' id='word_1_109' title='bbox 1174 1913 1204 1960; x_wconf 87' lang='lat' dir='ltr'>ut</span> <span class='ocrx_word' id='word_1_110' title='bbox 1215 1913 1369 1966; x_wconf 84' lang='lat' dir='ltr'>attrectaret,</span> 
     </span>
     <span class='ocr_line' id='line_1_16' title="bbox 290 1983 1369 2050; baseline 0 -16"><span class='ocrx_word' id='word_1_111' title='bbox 290 1987 464 2050; x_wconf 86' lang='lat' dir='ltr'>praeparatae</span> <span class='ocrx_word' id='word_1_112' title='bbox 482 1985 539 2034; x_wconf 90' lang='lat' dir='ltr'>eius</span> <span class='ocrx_word' id='word_1_113' title='bbox 553 1983 578 2032; x_wconf 91' lang='lat' dir='ltr'>in</span> <span class='ocrx_word' id='word_1_114' title='bbox 592 1985 727 2032; x_wconf 84' lang='lat' dir='ltr'>Oceanum</span> <span class='ocrx_word' id='word_1_115' title='bbox 739 1983 815 2046; x_wconf 78' lang='lat' dir='ltr'>fugae</span> <span class='ocrx_word' id='word_1_116' title='bbox 854 1983 977 2033; x_wconf 89' lang='lat' dir='ltr'>manibus</span> <span class='ocrx_word' id='word_1_117' title='bbox 992 1985 1121 2045; x_wconf 81' lang='lat' dir='ltr'>versaret,</span> <span class='ocrx_word' id='word_1_118' title='bbox 1142 1985 1248 2048; x_wconf 82' lang='lat' dir='ltr'>aspides</span> <span class='ocrx_word' id='word_1_119' title='bbox 1265 1999 1369 2048; x_wconf 81' lang='lat' dir='ltr'>asperas.</span> 
     </span>
     <span class='ocr_line' id='line_1_17' title="bbox 292 2057 1370 2124; baseline 0.002 -16"><span class='ocrx_word' id='word_1_120' title='bbox 292 2058 423 2118; x_wconf 78' lang='lat' dir='ltr'>meminit,</span> <span class='ocrx_word' id='word_1_121' title='bbox 448 2057 497 2108; x_wconf 91' lang='lat' dir='ltr'>sed</span> <span class='ocrx_word' id='word_1_122' title='bbox 514 2059 662 2122; x_wconf 90' lang='lat' dir='ltr'>suppressit</span> <span class='ocrx_word' id='word_1_123' title='bbox 680 2059 744 2118; x_wconf 87' lang='lat' dir='ltr'>boc,</span> <span class='ocrx_word' id='word_1_124' title='bbox 772 2058 816 2108; x_wconf 89' lang='lat' dir='ltr'>vel</span> <span class='ocrx_word' id='word_1_125' title='bbox 853 2071 906 2107; x_wconf 92' lang='lat' dir='ltr'>nou</span> <span class='ocrx_word' id='word_1_126' title='bbox 923 2059 978 2107; x_wconf 84' lang='lat' dir='ltr'>tam</span> <span class='ocrx_word' id='word_1_127' title='bbox 995 2061 1105 2122; x_wconf 84' lang='lat' dir='ltr'>propter</span> <span class='ocrx_word' id='word_1_128' title='bbox 1127 2071 1270 2121; x_wconf 83' lang='lat' dir='ltr'>squamas,</span> <span class='ocrx_word' id='word_1_129' title='bbox 1298 2073 1370 2124; x_wconf 88' lang='lat' dir='ltr'>quam</span> 
     </span>
     <span class='ocr_line' id='line_1_18' title="bbox 290 2131 1369 2198; baseline 0.002 -16"><span class='ocrx_word' id='word_1_130' title='bbox 290 2134 378 2198; x_wconf 90' lang='lat' dir='ltr'>potius</span> <span class='ocrx_word' id='word_1_131' title='bbox 397 2131 518 2196; x_wconf 83' lang='lat' dir='ltr'>negando</span> <span class='ocrx_word' id='word_1_132' title='bbox 533 2131 817 2196; x_wconf 78' lang='lat' dir='ltr'>significavitpruden·</span> <span class='ocrx_word' id='word_1_133' title='bbox 854 2146 976 2192; x_wconf 76' lang='lat' dir='ltr'>«saevas,</span> <span class='ocrx_word' id='word_1_134' title='bbox 1004 2134 1119 2194; x_wconf 76' lang='lat' dir='ltr'>iratasn,</span> <span class='ocrx_word' id='word_1_135' title='bbox 1146 2136 1175 2182; x_wconf 93' lang='lat' dir='ltr'>ut</span> <span class='ocrx_word' id='word_1_136' title='bbox 1195 2135 1266 2197; x_wconf 74' lang='lat' dir='ltr'>virg.</span> <span class='ocrx_word' id='word_1_137' title='bbox 1287 2139 1331 2184; x_wconf 86' lang='lat' dir='ltr'>Ge.</span> <span class='ocrx_word' id='word_1_138' title='bbox 1349 2137 1369 2192; x_wconf 86' lang='grc'>3,</span> 
     </span>
     <span class='ocr_line' id='line_1_19' title="bbox 291 2205 1372 2272; baseline 0.002 -15"><span class='ocrx_word' id='word_1_139' title='bbox 291 2211 332 2258; x_wconf 87' lang='lat' dir='ltr'>ter</span> <span class='ocrx_word' id='word_1_140' title='bbox 353 2208 484 2257; x_wconf 86' lang='lat' dir='ltr'>Horatius.</span> <span class='ocrx_word' id='word_1_141' title='bbox 853 2205 915 2258; x_wconf 64' lang='lat'>433:</span> <span class='ocrx_word' id='word_1_142' title='bbox 937 2209 1029 2270; x_wconf 75' lang='lat' dir='ltr'>ureputs</span> <span class='ocrx_word' id='word_1_143' title='bbox 1045 2235 1059 2244; x_wconf 94' lang='lat'><em>-</em></span> <span class='ocrx_word' id='word_1_144' title='bbox 1076 2233 1090 2243; x_wconf 91' lang='lat'><em>-</em></span> <span class='ocrx_word' id='word_1_145' title='bbox 1107 2221 1229 2270; x_wconf 76' lang='lat' dir='ltr'>asperque</span> <span class='ocrx_word' id='word_1_146' title='bbox 1246 2210 1287 2259; x_wconf 82' lang='lat' dir='ltr'>siti</span> <span class='ocrx_word' id='word_1_147' title='bbox 1304 2216 1372 2272; x_wconf 64' lang='lat' dir='ltr'>omae</span> 
     </span>
    </p>

    <p class='ocr_par' dir='ltr' id='par_1_7' title="bbox 324 2281 1081 2345">
     <span class='ocr_line' id='line_1_20' title="bbox 324 2281 1081 2345; baseline -0.001 -12"><span class='ocrx_word' id='word_1_148' title='bbox 324 2282 365 2333; x_wconf 70' lang='grc'>11.</span> <span class='ocrx_word' id='word_1_149' title='bbox 386 2283 468 2332; x_wconf 79' lang='lat' dir='ltr'>Classe</span> <span class='ocrx_word' id='word_1_150' title='bbox 488 2281 547 2345; x_wconf 82' lang='lat' dir='ltr'>citu]</span> <span class='ocrx_word' id='word_1_151' title='bbox 572 2281 719 2332; x_wconf 79' lang='lat' dir='ltr'>«velociter</span> <span class='ocrx_word' id='word_1_152' title='bbox 739 2283 815 2332; x_wconf 84' lang='lat' dir='ltr'>navi-</span> <span class='ocrx_word' id='word_1_153' title='bbox 852 2283 988 2331; x_wconf 69' lang='lat' dir='ltr'>exterritus</span> <span class='ocrx_word' id='word_1_154' title='bbox 1004 2289 1081 2332; x_wconf 81' lang='lat' dir='ltr'>aestu.</span> 
     </span>
    </p>

    <p class='ocr_par' dir='ltr' id='par_1_8' title="bbox 290 2356 1372 2569">
     <span class='ocr_line' id='line_1_21' title="bbox 291 2356 1372 2420; baseline 0.002 -14"><span class='ocrx_word' id='word_1_155' title='bbox 291 2360 403 2419; x_wconf 79' lang='lat' dir='ltr'>gente»,</span> <span class='ocrx_word' id='word_1_156' title='bbox 427 2369 495 2406; x_wconf 91' lang='lat' dir='ltr'>non:</span> <span class='ocrx_word' id='word_1_157' title='bbox 522 2359 608 2406; x_wconf 78' lang='lat' dir='ltr'>amota</span> <span class='ocrx_word' id='word_1_158' title='bbox 626 2361 706 2420; x_wconf 84' lang='lat' dir='ltr'>atque</span> <span class='ocrx_word' id='word_1_159' title='bbox 727 2359 815 2408; x_wconf 88' lang='lat' dir='ltr'>trans·</span> <span class='ocrx_word' id='word_1_160' title='bbox 885 2356 926 2407; x_wconf 71' lang='grc'>18.</span> <span class='ocrx_word' id='word_1_161' title='bbox 955 2357 1064 2418; x_wconf 82' lang='lat' dir='ltr'>Corpore</span> <span class='ocrx_word' id='word_1_162' title='bbox 1089 2357 1197 2408; x_wconf 88' lang='lat' dir='ltr'>minime</span> <span class='ocrx_word' id='word_1_163' title='bbox 1223 2371 1286 2408; x_wconf 91' lang='lat' dir='ltr'>cum</span> <span class='ocrx_word' id='word_1_164' title='bbox 1314 2372 1372 2409; x_wconf 90' lang='lat' dir='ltr'>con-</span> 
     </span>
     <span class='ocr_line' id='line_1_22' title="bbox 290 2429 1371 2496; baseline -0.002 -14"><span class='ocrx_word' id='word_1_165' title='bbox 290 2431 377 2490; x_wconf 75' lang='lat' dir='ltr'>lata»,</span> <span class='ocrx_word' id='word_1_166' title='bbox 406 2443 474 2493; x_wconf 88' lang='lat' dir='ltr'>quae</span> <span class='ocrx_word' id='word_1_167' title='bbox 498 2431 569 2480; x_wconf 92' lang='lat' dir='ltr'>notio</span> <span class='ocrx_word' id='word_1_168' title='bbox 593 2433 618 2481; x_wconf 89' lang='lat' dir='ltr'>in</span> <span class='ocrx_word' id='word_1_169' title='bbox 640 2445 665 2480; x_wconf 85' lang='lat' dir='ltr'>v.</span> <span class='ocrx_word' id='word_1_170' title='bbox 688 2433 739 2480; x_wconf 84' lang='lat' dir='ltr'>cita</span> <span class='ocrx_word' id='word_1_171' title='bbox 762 2445 814 2481; x_wconf 90' lang='lat' dir='ltr'>nou</span> <span class='ocrx_word' id='word_1_172' title='bbox 853 2433 955 2493; x_wconf 86' lang='lat' dir='ltr'>tempta</span> <span class='ocrx_word' id='word_1_173' title='bbox 973 2429 1027 2480; x_wconf 89' lang='lat' dir='ltr'>dict</span> <span class='ocrx_word' id='word_1_174' title='bbox 1077 2435 1130 2492; x_wconf 88' lang='lat' dir='ltr'>,ut</span> <span class='ocrx_word' id='word_1_175' title='bbox 1146 2445 1233 2496; x_wconf 90' lang='lat' dir='ltr'>nuper</span> <span class='ocrx_word' id='word_1_176' title='bbox 1249 2437 1323 2483; x_wconf 88' lang='lat' dir='ltr'>ratus</span> <span class='ocrx_word' id='word_1_177' title='bbox 1337 2435 1371 2482; x_wconf 88' lang='lat' dir='ltr'>est</span> 
     </span>
     <span class='ocr_line' id='line_1_23' title="bbox 291 2503 1372 2569; baseline 0.002 -15"><span class='ocrx_word' id='word_1_178' title='bbox 291 2507 367 2554; x_wconf 86' lang='lat' dir='ltr'>inest.</span> <span class='ocrx_word' id='word_1_179' title='bbox 390 2532 416 2539; x_wconf 97' lang='lat'><em>-</em></span> <span class='ocrx_word' id='word_1_180' title='bbox 436 2503 815 2568; x_wconf 82' lang='lat' dir='ltr'>reparavit]«Speuoviregni</span> <span class='ocrx_word' id='word_1_181' title='bbox 853 2503 960 2568; x_wconf 82' lang='lat' dir='ltr'>aliquis,</span> <span class='ocrx_word' id='word_1_182' title='bbox 990 2519 1019 2554; x_wconf 88' lang='lat' dir='ltr'>se</span> <span class='ocrx_word' id='word_1_183' title='bbox 1065 2507 1195 2569; x_wconf 75' lang='lat' dir='ltr'>significat</span> <span class='ocrx_word' id='word_1_184' title='bbox 1220 2508 1247 2557; x_wconf 89' lang='lat' dir='ltr'>in</span> <span class='ocrx_word' id='word_1_185' title='bbox 1273 2509 1372 2558; x_wconf 89' lang='lat' dir='ltr'>intimas</span> 
     </span>
    </p>
   </div>
   <div class='ocr_carea' id='block_1_6' title="bbox 291 2578 1479 2646">
    <p class='ocr_par' dir='ltr' id='par_1_9' title="bbox 291 2578 1479 2646">
     <span class='ocr_line' id='line_1_24' title="bbox 291 2578 1479 2646; baseline 0.003 -17"><span class='ocrx_word' id='word_1_186' title='bbox 291 2578 422 2629; x_wconf 86' lang='lat' dir='ltr'>condendi</span> <span class='ocrx_word' id='word_1_187' title='bbox 444 2578 508 2628; x_wconf 85' lang='lat' dir='ltr'>alias</span> <span class='ocrx_word' id='word_1_188' title='bbox 525 2579 574 2628; x_wconf 92' lang='lat' dir='ltr'>sibi</span> <span class='ocrx_word' id='word_1_189' title='bbox 592 2591 688 2642; x_wconf 88' lang='lat' dir='ltr'>parare</span> <span class='ocrx_word' id='word_1_190' title='bbox 701 2581 728 2629; x_wconf 89' lang='lat' dir='ltr'>et</span> <span class='ocrx_word' id='word_1_191' title='bbox 744 2592 816 2630; x_wconf 87' lang='lat' dir='ltr'>asse·</span> <span class='ocrx_word' id='word_1_192' title='bbox 853 2581 971 2643; x_wconf 89' lang='lat' dir='ltr'>corporis</span> <span class='ocrx_word' id='word_1_193' title='bbox 993 2583 1083 2644; x_wconf 89' lang='lat' dir='ltr'>partes</span> <span class='ocrx_word' id='word_1_194' title='bbox 1105 2595 1166 2631; x_wconf 90' lang='lat' dir='ltr'>eam</span> <span class='ocrx_word' id='word_1_195' title='bbox 1187 2582 1310 2646; x_wconf 87' lang='lat' dir='ltr'>recipere</span> <span class='ocrx_word' id='word_1_196' title='bbox 1330 2597 1373 2632; x_wconf 84' lang='lat' dir='ltr'>vo·</span> <span class='ocrx_word' id='word_1_197' title='bbox 1478 2579 1479 2598; x_wconf 69' lang='lat'>³</span> 
     </span>
    </p>
   </div>
   <div class='ocr_carea' id='block_1_7' title="bbox 289 2653 1374 3016">
    <p class='ocr_par' dir='ltr' id='par_1_10' title="bbox 289 2653 1374 3016">
     <span class='ocr_line' id='line_1_25' title="bbox 291 2653 1373 2722; baseline 0.002 -18"><span class='ocrx_word' id='word_1_198' title='bbox 291 2655 335 2718; x_wconf 90' lang='lat' dir='ltr'>qui</span> <span class='ocrx_word' id='word_1_199' title='bbox 348 2653 448 2703; x_wconf 90' lang='lat' dir='ltr'>studuit</span> <span class='ocrx_word' id='word_1_200' title='bbox 459 2654 581 2714; x_wconf 80' lang='lat' dir='ltr'>regiones</span> <span class='ocrx_word' id='word_1_201' title='bbox 599 2667 647 2717; x_wconf 91' lang='lat' dir='ltr'>pro</span> <span class='ocrx_word' id='word_1_202' title='bbox 666 2653 727 2716; x_wconf 86' lang='lat' dir='ltr'>illis,</span> <span class='ocrx_word' id='word_1_203' title='bbox 748 2667 815 2716; x_wconf 89' lang='lat' dir='ltr'>quas</span> <span class='ocrx_word' id='word_1_204' title='bbox 853 2654 932 2706; x_wconf 89' lang='lat' dir='ltr'>luisse</span> <span class='ocrx_word' id='word_1_205' title='bbox 950 2669 1092 2706; x_wconf 86' lang='lat' dir='ltr'>venenum.</span> <span class='ocrx_word' id='word_1_206' title='bbox 1115 2683 1141 2692; x_wconf 87' lang='lat'>—</span> <span class='ocrx_word' id='word_1_207' title='bbox 1160 2657 1317 2722; x_wconf 78' lang='lat' dir='ltr'>combiberet]</span> <span class='ocrx_word' id='word_1_208' title='bbox 1334 2659 1373 2706; x_wconf 78' lang='lat' dir='ltr'>«ut</span> 
     </span>
     <span class='ocr_line' id='line_1_26' title="bbox 291 2727 1373 2795; baseline 0.004 -17"><span class='ocrx_word' id='word_1_209' title='bbox 291 2728 450 2779; x_wconf 86' lang='lat' dir='ltr'>amittendus</span> <span class='ocrx_word' id='word_1_210' title='bbox 458 2729 618 2791; x_wconf 87' lang='lat' dir='ltr'>Caesarique</span> <span class='ocrx_word' id='word_1_211' title='bbox 627 2727 815 2792; x_wconf 83' lang='lat' dir='ltr'>relinquendas</span> <span class='ocrx_word' id='word_1_212' title='bbox 853 2729 1020 2780; x_wconf 86' lang='lat' dir='ltr'>mortiterum</span> <span class='ocrx_word' id='word_1_213' title='bbox 1044 2731 1116 2780; x_wconf 93' lang='lat' dir='ltr'>virus</span> <span class='ocrx_word' id='word_1_214' title='bbox 1138 2733 1244 2795; x_wconf 89' lang='lat' dir='ltr'>penitus</span> <span class='ocrx_word' id='word_1_215' title='bbox 1262 2731 1373 2782; x_wconf 89' lang='lat' dir='ltr'>imbibe-</span> 
     </span>
     <span class='ocr_line' id='line_1_27' title="bbox 291 2802 1372 2866; baseline 0.002 -13"><span class='ocrx_word' id='word_1_216' title='bbox 291 2816 350 2853; x_wconf 90' lang='lat' dir='ltr'>esse</span> <span class='ocrx_word' id='word_1_217' title='bbox 363 2802 484 2863; x_wconf 82' lang='lat' dir='ltr'>videbat,</span> <span class='ocrx_word' id='word_1_218' title='bbox 498 2802 524 2851; x_wconf 92' lang='lat' dir='ltr'>id</span> <span class='ocrx_word' id='word_1_219' title='bbox 537 2805 589 2862; x_wconf 85' lang='lat' dir='ltr'>est,</span> <span class='ocrx_word' id='word_1_220' title='bbox 607 2815 656 2866; x_wconf 91' lang='lat' dir='ltr'>pro</span> <span class='ocrx_word' id='word_1_221' title='bbox 668 2805 814 2866; x_wconf 70' lang='lat' dir='ltr'>Aegypto.»</span> <span class='ocrx_word' id='word_1_222' title='bbox 854 2806 920 2853; x_wconf 75' lang='lat' dir='ltr'>ret.»</span> <span class='ocrx_word' id='word_1_223' title='bbox 955 2805 996 2854; x_wconf 89' lang='lat' dir='ltr'>Sic</span> <span class='ocrx_word' id='word_1_224' title='bbox 1015 2803 1143 2866; x_wconf 84' lang='lat' dir='ltr'>perbibere</span> <span class='ocrx_word' id='word_1_225' title='bbox 1165 2807 1268 2856; x_wconf 85' lang='lat' dir='ltr'>Seneca</span> <span class='ocrx_word' id='word_1_226' title='bbox 1286 2806 1320 2856; x_wconf 93' lang='lat' dir='ltr'>de</span> <span class='ocrx_word' id='word_1_227' title='bbox 1337 2809 1372 2856; x_wconf 88' lang='lat' dir='ltr'>lra</span> 
     </span>
     <span class='ocr_line' id='line_1_28' title="bbox 290 2876 1374 2944; baseline 0.002 -18"><span class='ocrx_word' id='word_1_228' title='bbox 290 2878 332 2926; x_wconf 89' lang='lat' dir='ltr'>Sic</span> <span class='ocrx_word' id='word_1_229' title='bbox 354 2878 515 2940; x_wconf 89' lang='lat' dir='ltr'>interpretor</span> <span class='ocrx_word' id='word_1_230' title='bbox 536 2876 676 2927; x_wconf 81' lang='lat' dir='ltr'>conterens</span> <span class='ocrx_word' id='word_1_231' title='bbox 700 2879 815 2928; x_wconf 81' lang='lat' dir='ltr'>Franco·</span> <span class='ocrx_word' id='word_1_232' title='bbox 853 2879 882 2938; x_wconf 88' lang='grc'>1,</span> <span class='ocrx_word' id='word_1_233' title='bbox 903 2878 942 2928; x_wconf 86' lang='lat' dir='ltr'>ta.</span> <span class='ocrx_word' id='word_1_234' title='bbox 961 2879 1032 2927; x_wconf 78' lang='lat' dir='ltr'>Artes</span> <span class='ocrx_word' id='word_1_235' title='bbox 1048 2879 1183 2929; x_wconf 66' lang='lat' dir='ltr'>condidere</span> <span class='ocrx_word' id='word_1_236' title='bbox 1199 2881 1303 2944; x_wconf 88' lang='lat' dir='ltr'>tropice</span> <span class='ocrx_word' id='word_1_237' title='bbox 1316 2881 1374 2930; x_wconf 86' lang='lat' dir='ltr'>dixit</span> 
     </span>
     <span class='ocr_line' id='line_1_29' title="bbox 289 2951 1372 3016; baseline 0.004 -16"><span class='ocrx_word' id='word_1_238' title='bbox 289 2951 418 3016; x_wconf 84' lang='lat' dir='ltr'>gallorum</span> <span class='ocrx_word' id='word_1_239' title='bbox 426 2965 563 3015; x_wconf 74' lang='lat' dir='ltr'>repapaer3</span> <span class='ocrx_word' id='word_1_240' title='bbox 575 2965 627 3002; x_wconf 90' lang='lat' dir='ltr'>non</span> <span class='ocrx_word' id='word_1_241' title='bbox 636 2965 709 3002; x_wconf 84' lang='lat' dir='ltr'>vero:</span> <span class='ocrx_word' id='word_1_242' title='bbox 724 2951 816 3002; x_wconf 78' lang='lat' dir='ltr'>«Cieo-</span> <span class='ocrx_word' id='word_1_243' title='bbox 853 2954 907 3004; x_wconf 87' lang='lat' dir='ltr'>Cic.</span> <span class='ocrx_word' id='word_1_244' title='bbox 926 2951 959 3002; x_wconf 88' lang='lat' dir='ltr'>de</span> <span class='ocrx_word' id='word_1_245' title='bbox 978 2953 1051 3002; x_wconf 87' lang='lat' dir='ltr'>Finn.</span> <span class='ocrx_word' id='word_1_246' title='bbox 1071 2954 1100 3014; x_wconf 83' lang='lat'>3,</span> <span class='ocrx_word' id='word_1_247' title='bbox 1119 2955 1144 3014; x_wconf 72' lang='lat'>2,</span> <span class='ocrx_word' id='word_1_248' title='bbox 1162 2955 1185 3004; x_wconf 81' lang='grc'>9.</span> <span class='ocrx_word' id='word_1_249' title='bbox 1206 2955 1259 3004; x_wconf 82' lang='lat' dir='ltr'>Cir.</span> <span class='ocrx_word' id='word_1_250' title='bbox 1274 2955 1308 3005; x_wconf 92' lang='lat' dir='ltr'>de</span> <span class='ocrx_word' id='word_1_251' title='bbox 1326 2955 1372 3004; x_wconf 91' lang='lat' dir='ltr'>boc</span> 
     </span>
    </p>
   </div>
   <div class='ocr_carea' id='block_1_8' title="bbox 177 3025 1372 3090">
    <p class='ocr_par' dir='ltr' id='par_1_11' title="bbox 177 3025 1372 3090">
     <span class='ocr_line' id='line_1_30' title="bbox 177 3025 1372 3090; baseline 0.001 -15"><span class='ocrx_word' id='word_1_252' title='bbox 177 3083 182 3090; x_wconf 30' lang='lat'>¹</span> <span class='ocrx_word' id='word_1_253' title='bbox 288 3030 364 3090; x_wconf 87' lang='lat' dir='ltr'>patra</span> <span class='ocrx_word' id='word_1_254' title='bbox 377 3039 429 3076; x_wconf 92' lang='lat' dir='ltr'>non</span> <span class='ocrx_word' id='word_1_255' title='bbox 442 3027 596 3077; x_wconf 85' lang='lat' dir='ltr'>instauravit</span> <span class='ocrx_word' id='word_1_256' title='bbox 606 3025 707 3076; x_wconf 87' lang='lat' dir='ltr'>betium</span> <span class='ocrx_word' id='word_1_257' title='bbox 719 3025 814 3076; x_wconf 81' lang='lat' dir='ltr'>auxilio</span> <span class='ocrx_word' id='word_1_258' title='bbox 852 3026 945 3076; x_wconf 81' lang='lat' dir='ltr'>mortis</span> <span class='ocrx_word' id='word_1_259' title='bbox 977 3040 1075 3088; x_wconf 80' lang='lat' dir='ltr'>genera</span> <span class='ocrx_word' id='word_1_260' title='bbox 1105 3029 1134 3078; x_wconf 91' lang='lat' dir='ltr'>C.</span> <span class='ocrx_word' id='word_1_261' title='bbox 1164 3028 1302 3079; x_wconf 85' lang='lat' dir='ltr'>Rabirium</span> <span class='ocrx_word' id='word_1_262' title='bbox 1329 3029 1372 3080; x_wconf 83' lang='lat' dir='ltr'>Ed.</span> 
     </span>
    </p>
   </div>
   <div class='ocr_carea' id='block_1_9' title="bbox 288 3100 1374 4358">
    <p class='ocr_par' dir='ltr' id='par_1_12' title="bbox 288 3100 1374 4358">
     <span class='ocr_line' id='line_1_31' title="bbox 290 3100 1374 3166; baseline 0.003 -15"><span class='ocrx_word' id='word_1_263' title='bbox 290 3101 400 3165; x_wconf 74' lang='lat' dir='ltr'>Aegypti</span> <span class='ocrx_word' id='word_1_264' title='bbox 428 3103 596 3163; x_wconf 60' lang='lat' dir='ltr'>interioris»</span> <span class='ocrx_word' id='word_1_265' title='bbox 627 3115 714 3166; x_wconf 84' lang='lat' dir='ltr'>neque</span> <span class='ocrx_word' id='word_1_266' title='bbox 740 3100 814 3152; x_wconf 87' lang='lat' dir='ltr'>locus</span> <span class='ocrx_word' id='word_1_267' title='bbox 852 3101 985 3164; x_wconf 80' lang='lat' dir='ltr'>Kreyssig.</span> <span class='ocrx_word' id='word_1_268' title='bbox 1005 3115 1031 3166; x_wconf 93' lang='lat' dir='ltr'>p.</span> <span class='ocrx_word' id='word_1_269' title='bbox 1051 3103 1111 3152; x_wconf 72' lang='lat'><strong>226:</strong></span> <span class='ocrx_word' id='word_1_270' title='bbox 1139 3103 1182 3152; x_wconf 85' lang='lat' dir='ltr'>itte</span> <span class='ocrx_word' id='word_1_271' title='bbox 1197 3129 1212 3140; x_wconf 92' lang='lat'><em>-</em></span> <span class='ocrx_word' id='word_1_272' title='bbox 1228 3131 1242 3141; x_wconf 93' lang='lat'><em>·</em></span> <span class='ocrx_word' id='word_1_273' title='bbox 1257 3107 1374 3166; x_wconf 73' lang='lat' dir='ltr'>pendere</span> 
     </span>
     <span class='ocr_line' id='line_1_32' title="bbox 290 3177 1374 3239; baseline 0.003 -14"><span class='ocrx_word' id='word_1_274' title='bbox 290 3180 330 3227; x_wconf 87' lang='lat' dir='ltr'>cst</span> <span class='ocrx_word' id='word_1_275' title='bbox 356 3177 530 3227; x_wconf 87' lang='lat' dir='ltr'>coniecturis:</span> <span class='ocrx_word' id='word_1_276' title='bbox 555 3179 711 3238; x_wconf 68' lang='lat' dir='ltr'>penetrauit,</span> <span class='ocrx_word' id='word_1_277' title='bbox 735 3189 815 3238; x_wconf 84' lang='lat' dir='ltr'>peru-</span> <span class='ocrx_word' id='word_1_278' title='bbox 851 3177 903 3226; x_wconf 81' lang='lat' dir='ltr'>suis</span> <span class='ocrx_word' id='word_1_279' title='bbox 918 3177 1054 3226; x_wconf 74' lang='lat' dir='ltr'>eemtctbus</span> <span class='ocrx_word' id='word_1_280' title='bbox 1068 3179 1153 3239; x_wconf 80' lang='lat' dir='ltr'>aspide</span> <span class='ocrx_word' id='word_1_281' title='bbox 1162 3178 1263 3228; x_wconf 79' lang='lat' dir='ltr'>mollem</span> <span class='ocrx_word' id='word_1_282' title='bbox 1274 3179 1374 3230; x_wconf 72' lang='lat' dir='ltr'>babitu</span> 
     </span>
     <span class='ocr_line' id='line_1_33' title="bbox 288 3251 1373 3314; baseline 0.004 -16"><span class='ocrx_word' id='word_1_283' title='bbox 288 3251 382 3314; x_wconf 78' lang='lat' dir='ltr'>praeit,</span> <span class='ocrx_word' id='word_1_284' title='bbox 393 3253 535 3312; x_wconf 83' lang='lat' dir='ltr'>peroravit,</span> <span class='ocrx_word' id='word_1_285' title='bbox 546 3252 706 3312; x_wconf 82' lang='lat' dir='ltr'>properauit,</span> <span class='ocrx_word' id='word_1_286' title='bbox 720 3252 815 3312; x_wconf 78' lang='lat' dir='ltr'>trepa-</span> <span class='ocrx_word' id='word_1_287' title='bbox 851 3252 1008 3300; x_wconf 78' lang='lat' dir='ltr'>insomnem</span> <span class='ocrx_word' id='word_1_288' title='bbox 1026 3252 1184 3314; x_wconf 76' lang='lat' dir='ltr'>trahiturque</span> <span class='ocrx_word' id='word_1_289' title='bbox 1200 3252 1373 3304; x_wconf 81' lang='lat' dir='ltr'>libidinamur-</span> 
     </span>
     <span class='ocr_line' id='line_1_34' title="bbox 288 3324 1373 3390; baseline 0.004 -19"><span class='ocrx_word' id='word_1_290' title='bbox 288 3325 369 3384; x_wconf 85' lang='lat' dir='ltr'>ruvit,</span> <span class='ocrx_word' id='word_1_291' title='bbox 388 3325 525 3386; x_wconf 80' lang='lat' dir='ltr'>repedavit,</span> <span class='ocrx_word' id='word_1_292' title='bbox 543 3326 665 3386; x_wconf 83' lang='lat' dir='ltr'>repetiuit,</span> <span class='ocrx_word' id='word_1_293' title='bbox 683 3325 814 3386; x_wconf 63' lang='lat' dir='ltr'>resecuit,</span> <span class='ocrx_word' id='word_1_294' title='bbox 851 3325 894 3384; x_wconf 81' lang='lat' dir='ltr'>tis,</span> <span class='ocrx_word' id='word_1_295' title='bbox 913 3324 1011 3387; x_wconf 84' lang='lat' dir='ltr'>quibus</span> <span class='ocrx_word' id='word_1_296' title='bbox 1029 3325 1128 3388; x_wconf 87' lang='lat' dir='ltr'>optime</span> <span class='ocrx_word' id='word_1_297' title='bbox 1144 3325 1292 3390; x_wconf 88' lang='lat' dir='ltr'>explicatur</span> <span class='ocrx_word' id='word_1_298' title='bbox 1304 3326 1373 3377; x_wconf 90' lang='lat' dir='ltr'>locus</span> 
     </span>
     <span class='ocr_line' id='line_1_35' title="bbox 288 3397 1373 3464; baseline 0.003 -17"><span class='ocrx_word' id='word_1_299' title='bbox 288 3398 487 3454; x_wconf 67' lang='lat' dir='ltr'>renouatum,</span> <span class='ocrx_word' id='word_1_300' title='bbox 507 3400 535 3446; x_wconf 89' lang='lat' dir='ltr'>et</span> <span class='ocrx_word' id='word_1_301' title='bbox 550 3399 572 3448; x_wconf 90' lang='lat' dir='ltr'>si</span> <span class='ocrx_word' id='word_1_302' title='bbox 591 3411 658 3462; x_wconf 87' lang='lat' dir='ltr'>quas</span> <span class='ocrx_word' id='word_1_303' title='bbox 680 3397 743 3449; x_wconf 83' lang='lat' dir='ltr'>alias</span> <span class='ocrx_word' id='word_1_304' title='bbox 760 3399 813 3449; x_wconf 89' lang='lat' dir='ltr'>iam</span> <span class='ocrx_word' id='word_1_305' title='bbox 852 3399 924 3448; x_wconf 88' lang='lat' dir='ltr'>Statii</span> <span class='ocrx_word' id='word_1_306' title='bbox 941 3398 1001 3448; x_wconf 89' lang='lat' dir='ltr'>Sitv.</span> <span class='ocrx_word' id='word_1_307' title='bbox 1022 3399 1049 3459; x_wconf 85' lang='lat'>3,</span> <span class='ocrx_word' id='word_1_308' title='bbox 1069 3401 1098 3459; x_wconf 74' lang='grc'><em>1,</em></span> <span class='ocrx_word' id='word_1_309' title='bbox 1118 3401 1180 3449; x_wconf 84' lang='grc'><em>119;</em></span> <span class='ocrx_word' id='word_1_310' title='bbox 1198 3401 1373 3464; x_wconf 69' lang='lat' dir='ltr'>appetitarum-</span> 
     </span>
     <span class='ocr_line' id='line_1_36' title="bbox 290 3471 1373 3535; baseline 0.004 -13"><span class='ocrx_word' id='word_1_311' title='bbox 290 3471 472 3533; x_wconf 74' lang='lat' dir='ltr'>excogitarunt</span> <span class='ocrx_word' id='word_1_312' title='bbox 489 3471 585 3520; x_wconf 47' lang='lat' dir='ltr'>Criticii</span> <span class='ocrx_word' id='word_1_313' title='bbox 612 3473 738 3522; x_wconf 88' lang='lat' dir='ltr'>Ceterum</span> <span class='ocrx_word' id='word_1_314' title='bbox 749 3485 814 3522; x_wconf 90' lang='lat' dir='ltr'>usus</span> <span class='ocrx_word' id='word_1_315' title='bbox 851 3486 898 3534; x_wconf 87' lang='lat' dir='ltr'>que</span> <span class='ocrx_word' id='word_1_316' title='bbox 915 3475 1024 3534; x_wconf 86' lang='lat' dir='ltr'>domum,</span> <span class='ocrx_word' id='word_1_317' title='bbox 1043 3474 1181 3535; x_wconf 78' lang='lat' dir='ltr'>blandoque</span> <span class='ocrx_word' id='word_1_318' title='bbox 1191 3488 1373 3526; x_wconf 73' lang='lat' dir='ltr'>mutuantem</span> 
     </span>
     <span class='ocr_line' id='line_1_37' title="bbox 289 3544 1374 3610; baseline 0.006 -15"><span class='ocrx_word' id='word_1_319' title='bbox 289 3546 332 3595; x_wconf 91' lang='lat' dir='ltr'>hic</span> <span class='ocrx_word' id='word_1_320' title='bbox 357 3559 381 3593; x_wconf 87' lang='lat' dir='ltr'>v.</span> <span class='ocrx_word' id='word_1_321' title='bbox 408 3559 532 3606; x_wconf 82' lang='lat' dir='ltr'>reparare</span> <span class='ocrx_word' id='word_1_322' title='bbox 562 3559 646 3609; x_wconf 88' lang='lat' dir='ltr'>prope</span> <span class='ocrx_word' id='word_1_323' title='bbox 675 3544 814 3608; x_wconf 80' lang='lat' dir='ltr'>singularis</span> <span class='ocrx_word' id='word_1_324' title='bbox 850 3547 933 3596; x_wconf 81' lang='lat' dir='ltr'>Actius</span> <span class='ocrx_word' id='word_1_325' title='bbox 948 3548 1071 3596; x_wconf 67' lang='grc'><em>,1111111111</em></span> <span class='ocrx_word' id='word_1_326' title='bbox 1086 3549 1152 3610; x_wconf 65' lang='lat' dir='ltr'>papii</span> <span class='ocrx_word' id='word_1_327' title='bbox 1169 3548 1374 3610; x_wconf 75' lang='lat' dir='ltr'>Cleopatrucute</span> 
     </span>
     <span class='ocr_line' id='line_1_38' title="bbox 289 3620 1373 3682; baseline 0.003 -12"><span class='ocrx_word' id='word_1_328' title='bbox 289 3623 343 3677; x_wconf 91' lang='lat' dir='ltr'>est;</span> <span class='ocrx_word' id='word_1_329' title='bbox 370 3620 490 3682; x_wconf 84' lang='lat' dir='ltr'>proxime</span> <span class='ocrx_word' id='word_1_330' title='bbox 513 3621 623 3670; x_wconf 84' lang='lat' dir='ltr'>tortasse</span> <span class='ocrx_word' id='word_1_331' title='bbox 645 3621 748 3670; x_wconf 86' lang='lat' dir='ltr'>accedit</span> <span class='ocrx_word' id='word_1_332' title='bbox 770 3623 815 3670; x_wconf 93' lang='lat' dir='ltr'>tn·</span> <span class='ocrx_word' id='word_1_333' title='bbox 850 3635 910 3682; x_wconf 82' lang='lat' dir='ltr'>aas,</span> <span class='ocrx_word' id='word_1_334' title='bbox 940 3621 986 3671; x_wconf 87' lang='lat' dir='ltr'>ubi</span> <span class='ocrx_word' id='word_1_335' title='bbox 1012 3621 1106 3672; x_wconf 85' lang='lat' dir='ltr'>trustra</span> <span class='ocrx_word' id='word_1_336' title='bbox 1136 3635 1270 3674; x_wconf 88' lang='lat' dir='ltr'>nonnemo</span> <span class='ocrx_word' id='word_1_337' title='bbox 1297 3625 1373 3675; x_wconf 81' lang='lat' dir='ltr'>votuit</span> 
     </span>
     <span class='ocr_line' id='line_1_39' title="bbox 289 3692 1372 3762; baseline 0.006 -18"><span class='ocrx_word' id='word_1_338' title='bbox 289 3695 390 3758; x_wconf 85' lang='lat' dir='ltr'>scripti.</span> <span class='ocrx_word' id='word_1_339' title='bbox 410 3705 493 3742; x_wconf 85' lang='lat' dir='ltr'>mear.</span> <span class='ocrx_word' id='word_1_340' title='bbox 513 3695 569 3742; x_wconf 88' lang='lat' dir='ltr'>Lat.</span> <span class='ocrx_word' id='word_1_341' title='bbox 594 3695 623 3742; x_wconf 89' lang='lat' dir='ltr'>N.</span> <span class='ocrx_word' id='word_1_342' title='bbox 645 3695 720 3744; x_wconf 78' lang='lat'><strong>⁴587:</strong></span> <span class='ocrx_word' id='word_1_343' title='bbox 748 3697 814 3756; x_wconf 82' lang='lat' dir='ltr'>qued</span> <span class='ocrx_word' id='word_1_344' title='bbox 849 3709 945 3746; x_wconf 85' lang='lat' dir='ltr'>morsu.</span> <span class='ocrx_word' id='word_1_345' title='bbox 979 3692 1258 3762; x_wconf 80' lang='grc' dir='ltr'><em>Κεντήματαλεπτὰ</em></span> <span class='ocrx_word' id='word_1_346' title='bbox 1276 3701 1372 3750; x_wconf 88' lang='lat' dir='ltr'>ineius</span> 
     </span>
     <span class='ocr_line' id='line_1_40' title="bbox 288 3767 1370 3834; baseline 0.006 -18"><span class='ocrx_word' id='word_1_347' title='bbox 288 3769 358 3816; x_wconf 82' lang='lat' dir='ltr'>licuit</span> <span class='ocrx_word' id='word_1_348' title='bbox 372 3767 470 3829; x_wconf 78' lang='lat' dir='ltr'>patrios</span> <span class='ocrx_word' id='word_1_349' title='bbox 485 3780 609 3828; x_wconf 81' lang='lat' dir='ltr'>reparare</span> <span class='ocrx_word' id='word_1_350' title='bbox 623 3769 731 3818; x_wconf 80' lang='lat' dir='ltr'>Penates.</span> <span class='ocrx_word' id='word_1_351' title='bbox 760 3771 814 3819; x_wconf 83' lang='lat' dir='ltr'>Au·</span> <span class='ocrx_word' id='word_1_352' title='bbox 850 3769 961 3820; x_wconf 84' lang='lat' dir='ltr'>brachio</span> <span class='ocrx_word' id='word_1_353' title='bbox 983 3773 1138 3834; x_wconf 85' lang='lat' dir='ltr'>apparuisse</span> <span class='ocrx_word' id='word_1_354' title='bbox 1162 3773 1241 3823; x_wconf 85' lang='lat' dir='ltr'>tradit</span> <span class='ocrx_word' id='word_1_355' title='bbox 1262 3775 1313 3824; x_wconf 91' lang='lat' dir='ltr'>Dio</span> <span class='ocrx_word' id='word_1_356' title='bbox 1329 3775 1370 3832; x_wconf 83' lang='lat' dir='ltr'>at,</span> 
     </span>
     <span class='ocr_line' id='line_1_41' title="bbox 289 3839 1372 3912; baseline 0.004 -20"><span class='ocrx_word' id='word_1_357' title='bbox 289 3839 529 3892; x_wconf 66' lang='lat' dir='ltr'>sonbtosellaoltd:</span> <span class='ocrx_word' id='word_1_358' title='bbox 544 3841 814 3904; x_wconf 80' lang='lat' dir='ltr'>Nousuperuuteuado</span> <span class='ocrx_word' id='word_1_359' title='bbox 851 3843 890 3894; x_wconf 83' lang='lat' dir='ltr'>tt.</span> <span class='ocrx_word' id='word_1_360' title='bbox 916 3846 987 3908; x_wconf 82' lang='lat' dir='ltr'>Virg.</span> <span class='ocrx_word' id='word_1_361' title='bbox 1006 3849 1070 3897; x_wconf 79' lang='lat' dir='ltr'>Aen.</span> <span class='ocrx_word' id='word_1_362' title='bbox 1090 3849 1118 3908; x_wconf 88' lang='grc'>8,</span> <span class='ocrx_word' id='word_1_363' title='bbox 1143 3847 1204 3898; x_wconf 84' lang='grc'>696;</span> <span class='ocrx_word' id='word_1_364' title='bbox 1232 3849 1329 3912; x_wconf 79' lang='lat' dir='ltr'>Raptae</span> <span class='ocrx_word' id='word_1_365' title='bbox 1349 3850 1372 3897; x_wconf 88' lang='grc'>111</span> 
     </span>
     <span class='ocr_line' id='line_1_42' title="bbox 288 3916 1370 3986; baseline 0.009 -24"><span class='ocrx_word' id='word_1_366' title='bbox 288 3916 392 3976; x_wconf 79' lang='lat' dir='ltr'>rapidos</span> <span class='ocrx_word' id='word_1_367' title='bbox 407 3927 530 3975; x_wconf 85' lang='lat' dir='ltr'>reparare</span> <span class='ocrx_word' id='word_1_368' title='bbox 545 3919 642 3964; x_wconf 72' lang='grc'><em>1111111111</em></span> <span class='ocrx_word' id='word_1_369' title='bbox 659 3917 767 3979; x_wconf 79' lang='lat' dir='ltr'>Ceparia.</span> <span class='ocrx_word' id='word_1_370' title='bbox 849 3919 936 3968; x_wconf 76' lang='grc' dir='ltr'><em>111οά111</em></span> <span class='ocrx_word' id='word_1_371' title='bbox 958 3922 1044 3980; x_wconf 84' lang='lat' dir='ltr'>patrio</span> <span class='ocrx_word' id='word_1_372' title='bbox 1067 3928 1139 3972; x_wconf 87' lang='lat' dir='ltr'>uocat</span> <span class='ocrx_word' id='word_1_373' title='bbox 1160 3923 1264 3986; x_wconf 65' lang='lat' dir='ltr'>affinius</span> <span class='ocrx_word' id='word_1_374' title='bbox 1289 3925 1370 3980; x_wconf 77' lang='lat' dir='ltr'>sistro,</span> 
     </span>
     <span class='ocr_line' id='line_1_43' title="bbox 320 3987 1371 4061; baseline 0.009 -23"><span class='ocrx_word' id='word_1_375' title='bbox 320 3989 362 4038; x_wconf 72' lang='grc'>15.</span> <span class='ocrx_word' id='word_1_376' title='bbox 381 3987 509 4052; x_wconf 74' lang='lat' dir='ltr'>trecentae]</span> <span class='ocrx_word' id='word_1_377' title='bbox 524 3988 672 4038; x_wconf 73' lang='lat' dir='ltr'>«deiectam</span> <span class='ocrx_word' id='word_1_378' title='bbox 684 4002 698 4037; x_wconf 88' lang='lat' dir='ltr'>a</span> <span class='ocrx_word' id='word_1_379' title='bbox 712 3989 812 4053; x_wconf 83' lang='lat' dir='ltr'>fastigio</span> <span class='ocrx_word' id='word_1_380' title='bbox 851 3993 960 4041; x_wconf 81' lang='lat' dir='ltr'>Necdum</span> <span class='ocrx_word' id='word_1_381' title='bbox 977 3996 1053 4043; x_wconf 85' lang='lat' dir='ltr'>etiam</span> <span class='ocrx_word' id='word_1_382' title='bbox 1064 3997 1174 4059; x_wconf 73' lang='lat' dir='ltr'>pertines</span> <span class='ocrx_word' id='word_1_383' title='bbox 1185 4011 1202 4046; x_wconf 87' lang='lat' dir='ltr'>u</span> <span class='ocrx_word' id='word_1_384' title='bbox 1214 4003 1284 4061; x_wconf 77' lang='lat' dir='ltr'>terpa</span> <span class='ocrx_word' id='word_1_385' title='bbox 1296 3999 1371 4060; x_wconf 80' lang='lat' dir='ltr'>respi-</span> 
     </span>
     <span class='ocr_line' id='line_1_44' title="bbox 289 4062 1001 4130; baseline 0.004 -17"><span class='ocrx_word' id='word_1_386' title='bbox 289 4077 350 4124; x_wconf 81' lang='lat' dir='ltr'>suo,</span> <span class='ocrx_word' id='word_1_387' title='bbox 369 4062 495 4112; x_wconf 83' lang='lat' dir='ltr'>afflictam</span> <span class='ocrx_word' id='word_1_388' title='bbox 513 4077 544 4112; x_wconf 91' lang='lat' dir='ltr'>ac</span> <span class='ocrx_word' id='word_1_389' title='bbox 562 4062 735 4113; x_wconf 75' lang='lat' dir='ltr'>desolatam.»</span> <span class='ocrx_word' id='word_1_390' title='bbox 757 4066 810 4114; x_wconf 87' lang='lat' dir='ltr'>Cic.</span> <span class='ocrx_word' id='word_1_391' title='bbox 850 4067 883 4116; x_wconf 85' lang='lat' dir='ltr'>cit</span> <span class='ocrx_word' id='word_1_392' title='bbox 900 4081 1001 4130; x_wconf 71' lang='lat' dir='ltr'>unques.</span> 
     </span>
     <span class='ocr_line' id='line_1_45' title="bbox 289 4137 1370 4206; baseline 0.006 -19"><span class='ocrx_word' id='word_1_393' title='bbox 289 4141 359 4188; x_wconf 87' lang='lat' dir='ltr'>Orat.</span> <span class='ocrx_word' id='word_1_394' title='bbox 374 4137 417 4186; x_wconf 81' lang='lat'>67:</span> <span class='ocrx_word' id='word_1_395' title='bbox 437 4139 590 4199; x_wconf 84' lang='lat' dir='ltr'>depressam,</span> <span class='ocrx_word' id='word_1_396' title='bbox 604 4151 718 4200; x_wconf 84' lang='lat' dir='ltr'>caecum,</span> <span class='ocrx_word' id='word_1_397' title='bbox 731 4141 814 4190; x_wconf 79' lang='lat' dir='ltr'>teceri-</span> <span class='ocrx_word' id='word_1_398' title='bbox 882 4140 923 4189; x_wconf 73' lang='grc'><em>111.</em></span> <span class='ocrx_word' id='word_1_399' title='bbox 950 4142 1070 4206; x_wconf 69' lang='lat' dir='ltr'>sacrior]</span> <span class='ocrx_word' id='word_1_400' title='bbox 1098 4146 1269 4197; x_wconf 67' lang='lat' dir='ltr'>«animosior</span> <span class='ocrx_word' id='word_1_401' title='bbox 1294 4149 1370 4196; x_wconf 85' lang='lat' dir='ltr'>etiam</span> 
     </span>
     <span class='ocr_line' id='line_1_46' title="bbox 289 4212 1369 4281; baseline 0.006 -20"><span class='ocrx_word' id='word_1_402' title='bbox 289 4219 336 4262; x_wconf 87' lang='lat' dir='ltr'>tem</span> <span class='ocrx_word' id='word_1_403' title='bbox 356 4213 464 4260; x_wconf 76' lang='lat' dir='ltr'>domum</span> <span class='ocrx_word' id='word_1_404' title='bbox 501 4213 620 4262; x_wconf 86' lang='lat' dir='ltr'>Eandem</span> <span class='ocrx_word' id='word_1_405' title='bbox 642 4213 689 4262; x_wconf 91' lang='lat' dir='ltr'>Od.</span> <span class='ocrx_word' id='word_1_406' title='bbox 714 4212 742 4271; x_wconf 81' lang='lat' dir='ltr'>t,</span> <span class='ocrx_word' id='word_1_407' title='bbox 767 4213 811 4273; x_wconf 82' lang='lat' dir='ltr'>tt,</span> <span class='ocrx_word' id='word_1_408' title='bbox 851 4214 930 4276; x_wconf 83' lang='lat' dir='ltr'>tacta,</span> <span class='ocrx_word' id='word_1_409' title='bbox 957 4220 1101 4281; x_wconf 88' lang='lat' dir='ltr'>postquam</span> <span class='ocrx_word' id='word_1_410' title='bbox 1123 4223 1226 4270; x_wconf 88' lang='lat' dir='ltr'>certum</span> <span class='ocrx_word' id='word_1_411' title='bbox 1245 4220 1369 4272; x_wconf 86' lang='lat' dir='ltr'>moriendi</span> 
     </span>
     <span class='ocr_line' id='line_1_47' title="bbox 289 4287 1366 4358; baseline 0.007 -22"><span class='ocrx_word' id='word_1_412' title='bbox 289 4289 328 4336; x_wconf 80' lang='grc'>36.</span> <span class='ocrx_word' id='word_1_413' title='bbox 356 4299 463 4336; x_wconf 67' lang='lat' dir='ltr'>cauum</span> <span class='ocrx_word' id='word_1_414' title='bbox 487 4287 573 4337; x_wconf 85' lang='lat' dir='ltr'>aulam</span> <span class='ocrx_word' id='word_1_415' title='bbox 596 4289 726 4344; x_wconf 78' lang='lat' dir='ltr'>nominat,</span> <span class='ocrx_word' id='word_1_416' title='bbox 757 4288 810 4341; x_wconf 83' lang='lat' dir='ltr'>ubi.</span> <span class='ocrx_word' id='word_1_417' title='bbox 828 4330 831 4345; x_wconf 84' lang='grc'>,</span> <span class='ocrx_word' id='word_1_418' title='bbox 850 4290 989 4341; x_wconf 85' lang='lat' dir='ltr'>consitium</span> <span class='ocrx_word' id='word_1_419' title='bbox 1008 4294 1108 4356; x_wconf 75' lang='lat' dir='ltr'>repit.»</span> <span class='ocrx_word' id='word_1_420' title='bbox 1144 4296 1188 4344; x_wconf 87' lang='lat' dir='ltr'>Est</span> <span class='ocrx_word' id='word_1_421' title='bbox 1211 4297 1297 4358; x_wconf 88' lang='lat' dir='ltr'>potius</span> <span class='ocrx_word' id='word_1_422' title='bbox 1320 4293 1366 4344; x_wconf 85' lang='lat' dir='ltr'>abt.</span> 
     </span>
    </p>
   </div>
   <div class='ocr_carea' id='block_1_10' title="bbox 0 0 1500 4974">
    <p class='ocr_par' dir='ltr' id='par_1_13' title="bbox 0 0 1500 4974">
     <span class='ocr_line' id='line_1_48' title="bbox 0 0 1500 4974; baseline 0 0"><span class='ocrx_word' id='word_1_423' title='bbox 0 0 1500 4974; x_wconf 95' lang='lat' dir='ltr'> </span> 
     </span>
    </p>
   </div>
  </div>
 </body>
</html>
