2998 4980
682 415 809 465 boalia
829 415 997 467 annullabas

657 905 1015 968 cmxx.

463 1095 529 1164 Vile
552 1093 678 1183 potabis
700 1093 837 1159 modicis
859 1092 1013 1158 Sabinum

463 1216 646 1294 Cantharis,
671 1216 795 1282 Graeca
817 1212 906 1302 quod
928 1235 989 1302 ego
1013 1214 1083 1301 ipse
1106 1223 1187 1280 testa

359 1418 412 1468 XX.
447 1417 530 1467 Inscr.
553 1413 622 1478 vulg.
657 1414 696 1463 Ad
716 1413 894 1464 Maecenatem.
916 1438 943 1448 ·-
962 1413 1131 1462 Maecenatem
1154 1413 1188 1462 aa
1204 1425 1292 1462 caream
1309 1413 1352 1462 ia-

324 1493 388 1542 oitat
404 1494 429 1541 S.
449 1493 506 1542 Ora.
525 1491 553 1541 Τ.
575 1516 602 1524 -
622 1490 644 1538 l.
666 1487 725 1552 Vile]
741 1488 820 1538 Dulce
837 1485 1003 1538 bledenbach
1020 1487 1144 1536 Walrlrer.

326 1670 379 1720 xx.
415 1669 598 1720 Maecenatem
610 1677 689 1716 suum
701 1663 736 1713 ad
752 1676 820 1713 con·
857 1664 993 1724 ansatum,
1016 1665 1055 1712 sic
1073 1665 1252 1724 nominatum,
1275 1669 1306 1714 ut
1325 1667 1386 1714 aie-

294 1744 394 1794 vivium
411 1744 520 1792 minime
542 1741 730 1803 sumptuosum
751 1738 820 1787 iavi—
856 1736 938 1795 bant,
975 1750 990 1786 a
1025 1737 1104 1800 figulo
1137 1739 1284 1788 inventore.
1320 1739 1382 1803 fiir.

295 1819 340 1867 tat.
370 1815 477 1867 Scilicet
493 1814 606 1864 testibus
618 1812 729 1863 scholiis
747 1812 819 1874 apud
856 1811 951 1860 Athen.
971 1811 1010 1860 ll.
1029 1825 1055 1876 p.
1075 1811 1169 1862 illd:
1193 1807 1240 1862 ὅτι
1257 1813 1307 1862 καὶ
1322 1807 1385 1862 ἀπὸ

294 1892 375 1952 Cruq.
390 1893 417 1940 et
427 1887 561 1938 Vanderb.
581 1889 722 1936 Maecenas
733 1887 819 1936 iturus
856 1880 1015 1956 Κανθάρου
1042 1887 1191 1956 κεραμέως
1217 1881 1384 1954 ὠνομάσθη

293 1967 320 2014 in
342 1962 465 2027 Apuliam
486 1961 644 2024 significavit
668 1961 775 2010 Horatio
795 1961 819 2009 ei
856 1955 891 2008 τὸ
905 1953 1028 2025 ἔκπωμά
1040 1976 1116 2027 φησι
1127 1961 1302 2032 Φιλέταιρος.
1322 1965 1385 2027 (Le-

294 2051 324 2088 sa
355 2039 415 2087 ante
449 2035 644 2100 protectionem
678 2036 818 2085 convivam
857 2039 982 2085 normant
1006 2035 1121 2086 bitror
1141 2038 1291 2087 Centaurea.
1312 2041 1382 2088 Ano.

295 2124 356 2163 esse
381 2111 463 2162 vella:
493 2111 543 2160 nisi
567 2123 633 2160 vero
658 2109 710 2159 boc
734 2111 819 2159 totum
857 2107 915 2157 nell·
936 2111 999 2159 Inst.
1023 2109 1047 2160 l.
1074 2124 1101 2175 p.
1125 2111 1192 2176 3⁴⁴.)
1226 2114 1297 2176 virg.
1325 2113 1382 2164 Ecl.

294 2188 478 2236 commentum
496 2185 667 2247 antiquorum
684 2184 820 2234 eatinter-
856 2183 881 2244 6,
912 2183 955 2232 ll:
985 2185 1074 2234 atrata
1096 2187 1220 2248 pendebat
1246 2189 1386 2238 cantiano

294 2264 410 2326 prelum.
441 2261 505 2320 Quis
522 2260 594 2310 enim
606 2260 706 2310 Horatii
717 2271 820 2321 aequa·
856 2271 941 2306 oasa.
973 2259 1164 2311 Huiuscemodi
1177 2261 1279 2326 poculis
1296 2264 1386 2314 maio-

293 2335 358 2387 lium
375 2336 426 2386 boc
444 2335 537 2386 litteris
549 2334 721 2384 mandasset?
740 2332 821 2383 Pleri-
856 2331 932 2382 ribus
943 2334 970 2382 in
981 2331 1057 2384 laetis
1069 2336 1258 2386 occasionibus
1270 2337 1386 2389 uteban-

294 2423 357 2473 qne,
376 2409 528 2470 utWalck.‚
550 2409 601 2459 boc
619 2421 729 2460 carmen
747 2420 820 2457 com·
857 2409 908 2456 lor.
927 2406 990 2457 Plin.
1010 2409 1041 2468 H,
1061 2410 1091 2458 N.
1111 2409 1152 2470 3³,
1173 2411 1216 2459 tt:
1237 2411 1263 2462 C.
1282 2413 1385 2462 Matina

293 2487 411 2550 positum
429 2498 490 2534 esse
512 2485 608 2546 putant
628 2497 652 2532 a.
671 2495 698 2530 u.
718 2496 741 2532 c.
761 2481 817 2530 735.
852 2486 911 2542 post
925 2482 1058 2532 uictoeiom
1080 2485 1209 2534 contactis
1220 2491 1322 2548 potasse
1338 2489 1385 2536 Lt-

294 2560 395 2609 Franke
422 2562 450 2608 et
470 2558 576 2609 Liibker
596 2557 717 2607 raserunt
737 2556 772 2605 ad
793 2569 817 2604 a.
857 2557 909 2605 beri
926 2557 1011 2617 patna
1031 2559 1143 2620 anaapto
1169 2561 1288 2610 traditur.
1326 2563 1385 2611 lla·

294 2633 342 2684 729
364 2633 406 2683 vel
429 2634 503 2692 73θ.,
531 2630 695 2696 probabilius
718 2628 820 2681 Weber
857 2629 931 2681 crob.
952 2632 1004 2682 Sat.
1024 2634 1049 2694 5,
1068 2634 1112 2683 il:
1141 2633 1253 2697 Scaptius
1269 2635 1385 2686 Herculis

293 2709 380 2758 Horae
396 2722 423 2772 p.
442 2709 499 2757 aar.
519 2707 553 2756 ad
571 2721 595 2756 a.
615 2707 663 2755 726
680 2703 723 2754 vel
740 2705 796 2754 727.
853 2707 973 2768 poculum
988 2713 1033 2768 est,
1051 2708 1126 2758 aaut
1137 2709 1219 2758 Liberi
1226 2713 1385 2772 potaa'scaa-

328 2785 351 2832 t.
374 2783 432 2848 Vite]
450 2782 570 2840 Modesto
588 2779 667 2831 simul
684 2782 712 2829 et
728 2780 818 2829 iocose
855 2783 950 2832 tauros.
994 2783 1060 2834 ilinc
1089 2785 1246 2847 saepissime
1273 2789 1384 2851 conspi-

227 2879 232 2886 ·
293 2857 410 2920 loquitur
443 2857 477 2906 de
511 2856 609 2906 Sabino
647 2867 818 2918 nequaquam
857 2859 963 2908 ciuntur
989 2859 1014 2907 in
1040 2859 1111 2908 vasis
1136 2859 1283 2910 Bacchicis.
1327 2862 1380 2912 Cir.

294 2931 476 2996 comparando
495 2945 557 2982 cum
576 2929 702 2982 Caecubo
721 2932 772 2980 cet.
791 2943 816 2978 v.
856 2931 976 2980 Gerhard
991 2933 1176 2994 Vapmttte.l.T.
1188 2933 1228 2984 il.
1241 2961 1268 2969 -
1282 2936 1383 2988 Graeca

293 3009 317 3058 9.
336 3008 400 3058 Erat
417 3011 507 3057 autem
525 3003 605 3068 οἶνος
622 3001 736 3054 πάντων
753 3019 819 3054 κου-
854 3007 970 3070 --tcstaJ
981 3006 1110 3070 amphora
1121 3008 1183 3056 vino
1192 3010 1294 3058 Graeco
1306 3013 1381 3073 prius
1474 3041 1478 3052 ·

293 3077 427 3154 φότερος,
447 3085 515 3132 teste
533 3081 632 3132 Galerio
650 3079 722 3144 apud
739 3080 820 3130 Athe·
856 3079 968 3140 imbuta,
988 3094 1041 3143 quo
1059 3079 1203 3143 aliquando
1221 3081 1318 3134 melius
1336 3085 1382 3135 fie-

294 3157 561 3221 naeumt,p.blb:
580 3149 818 3205 ducaeaviae&
855 3157 897 3204 ret
914 3155 1050 3205 Sabinum.
1086 3157 1206 3206 Otiosum
1222 3157 1331 3208 videtur
1347 3159 1381 3212 de

293 3227 455 3296 ἐπιτήδειος
472 3231 607 3282 πίνεσθαι
617 3231 704 3301 μέχρι
720 3244 819 3279 aeccc-
855 3244 919 3280 vase
938 3231 1058 3280 Cumano
1080 3230 1122 3279 vel
1141 3232 1228 3280 Samio
1246 3233 1380 3297 interpre-

293 3303 816 3368 xateleeacrudumausterumquePlin.
856 3306 914 3366 tari,
934 3306 1033 3368 quippe
1052 3305 1124 3366 quod
1141 3304 1205 3356 nihil
1222 3305 1256 3354 ari
1274 3310 1382 3360 remia-

293 3381 324 3431 Η.
343 3382 374 3430 N.
394 3380 434 3440 tl,
453 3381 477 3429 t.
512 3380 581 3438 Hoc,
606 3378 639 3428 de
660 3391 714 3440 quo
731 3377 819 3441 loqui·
856 3382 915 3431 ciat.
931 3405 958 3414 -
972 3393 1017 3443 epo
1033 3379 1092 3442 ipse]
1112 3392 1180 3429 «non
1198 3393 1247 3443 per
1264 3391 1381 3444 puerum

293 3458 347 3517 tur,
365 3455 469 3504 bimum
486 3453 567 3503 luisse
585 3453 772 3516 putatFranlre
790 3455 817 3502 F.
855 3454 972 3518 aliquem
994 3467 1099 3512 meum,
1121 3453 1170 3503 sed
1192 3467 1299 3504 summa
1317 3469 1381 3506 cura

294 3531 325 3580 li.
348 3543 374 3593 p.
398 3529 455 3579 ⁴62.
481 3553 508 3564 -
528 3527 639 3590 modicis]
664 3529 755 3590 parvis
781 3528 820 3590 (ut
856 3541 930 3590 cura,
949 3529 1011 3591 quia
1032 3527 1078 3578 tibi
1100 3528 1289 3578 destinaram.»
1325 3531 1381 3582 llac

294 3605 347 3654 Sal.
368 3605 391 3664 l,
410 3605 434 3664 t,
453 3604 482 3652 2:
500 3603 605 3664 tamaio
621 3604 725 3652 modico.
750 3603 816 3666 Epp.
855 3603 987 3653 amicitiae
1013 3602 1241 3654 demonstratione
1268 3609 1382 3668 augetur

295 3679 319 3740 l,
342 3680 367 3739 Β,
390 3678 415 3729 2.
436 3679 536 3726 amdtca
556 3677 674 3741 potata.)
698 3680 817 3742 «quippo
854 3679 971 3741 pretium
997 3676 1059 3726 doni
1080 3690 1130 3740 per
1150 3691 1180 3728 se
1203 3679 1298 3741 exigui.
1339 3681 1381 3730 Sic

294 3765 358 3802 eum
385 3751 419 3801 ab
448 3753 521 3800 team
548 3765 609 3801 mea
637 3752 718 3802 domo
748 3752 819 3802 absit
855 3751 965 3802 llufinus
990 3751 1017 3800 in
1041 3751 1119 3802 Antb.
1146 3751 1199 3802 Pal.
1222 3755 1241 3802 l.
1265 3766 1292 3817 p.
1316 3755 1378 3804 ⁴05:

294 3827 381 3876 omnis
403 3825 551 3890 profusio.»
588 3818 741 3876 'Eatnteeov
763 3839 819 3874 mo
854 3827 964 3890 Πέμπω
983 3820 1224 3888 commaculata,
1241 3824 1382 3879 τόδεστέ-

294 3901 356 3950 alca
382 3898 505 3951 consulto
531 3899 639 3950 videtur
672 3899 816 3960 delectum,
855 3916 930 3963 φος,
958 3893 1061 3950 eleatem
1085 3899 1185 3964 καλοῖς
1209 3895 1302 3965 Αὐτὸς
1330 3899 1380 3966 ὑφ’

294 3976 374 4038 quia,
410 3977 440 4030 ut
467 3974 596 4038 exemplis
626 3973 819 4024 demonstravit
855 3971 1007 4046 ἡμειέραις
1023 3972 1200 4040 πλεξάμενος
1223 3975 1379 4044 παλάμαις.

295 4049 407 4100 Hoimaa
419 4048 588 4113 Peerlkamp,
602 4049 759 4109 cantharus,
772 4061 819 4112 po-
888 4051 911 4100 3.
925 4050 949 4101 l.
962 4051 1017 4115 leui]
1030 4050 1153 4101 Oblinere
1165 4051 1288 4103 solebant
1299 4057 1381 4104 corti-

295 4122 385 4173 culum
403 4126 526 4173 ansatum
547 4125 647 4183 maius,
671 4122 817 4174 multibibis
855 4138 916 4175 cem
934 4127 960 4174 ia
978 4124 1045 4175 collo
1063 4125 1255 4189 amphorarum
1274 4127 1335 4190 pice
1354 4131 1380 4176 et

294 4199 464 4263 potissimum
480 4195 612 4262 placebat.
854 4211 949 4264 miso.
984 4199 1032 4250 Od.
1052 4199 1077 4260 ³,
1096 4201 1120 4260 8,
1142 4200 1169 4249 9:
1199 4200 1245 4250 Hic
1267 4201 1349 4250 diea-
1365 4227 1379 4238 -

326 4273 350 4322 2.
381 4271 522 4336 Cumaeae]
548 4271 636 4336 poculi
657 4275 818 4337 sanuserat
854 4275 975 4326 Oarttccm
996 4275 1144 4324 maletum
1168 4275 1224 4337 pica
1249 4275 1380 4326 dimovete
