3014 4978
473 471 531 520 Llll.
551 471 592 520 lll.
628 471 657 520 C.
676 469 763 520 XXIV.

213 630 343 696 Vincunt
366 647 510 714 aequora
532 625 677 701 navitae,

250 751 398 838 llagnium
419 747 595 836 pauperies
617 745 828 834 opprobrium
849 745 939 813 iubet

211 871 343 951 Quidvis
364 881 397 937 et
418 869 525 936 lacere
547 879 580 935 et
603 869 668 957 pati

251 992 446 1080 virtutisque
468 993 553 1058 viam
574 990 697 1056 deserit
719 988 841 1056 arduae
849 991 866 1053 ‘l

210 1150 264 1218 Vel
285 1172 343 1217 nos
366 1151 398 1215 in
420 1148 630 1238 Capitolium,

250 1274 322 1354 Quo
345 1271 468 1339 clamor
488 1281 582 1340 vocat
603 1283 635 1338 et
657 1271 749 1339 turba
773 1271 958 1348 lavantium,

208 1393 261 1462 Vel
284 1413 344 1460 nos
367 1394 398 1458 in
422 1405 512 1459 mare
537 1393 721 1481 proximum

190 1612 229 1664 li.
247 1613 360 1662 waere
375 1608 510 1662 Bentleius
528 1611 598 1660 coni.
619 1638 647 1646 -
665 1609 706 1660 tt.
724 1623 798 1660 maro
809 1609 937 1672 puttam
954 1613 983 1660 C.

131 1796 222 1849 laribus
247 1799 303 1848 suis
330 1799 467 1862 optionem
485 1798 548 1847 dat:
578 1794 644 1847 uvel
682 1789 956 1868 pogduatipairivat.
970 1825 997 1833 -
1011 1795 1209 1849 Gmuametta-

130 1885 171 1924 eas
187 1873 212 1923 iu
228 1875 298 1923 lovis
317 1871 454 1936 Capitolini
472 1871 579 1932 cellam,
604 1872 645 1923 dis
678 1872 758 1937 pidet]
771 1870 818 1924 Ubi
829 1873 897 1923 haec
909 1885 953 1921 vv.
964 1873 1109 1934 iunguntur
1119 1887 1134 1922 a
1146 1877 1210 1937 poe-

130 1947 316 2000 immortalibus
334 1947 492 2006 sacrandas,
523 1946 645 1997 humanis
683 1947 731 2007 tis,
754 1945 914 2010 plerumque
931 1960 1044 2010 permade
1060 1948 1210 2011 significant

129 2022 214 2072 usibus
231 2022 389 2073 sumendas
406 2023 643 2085 comportemus»,
682 2020 786 2088 lapides
803 2020 949 2085 pretiosos,
969 2021 1068 2086 (intacti
1084 2022 1208 2086 accuset‚)

130 2096 203 2159 (quod
219 2110 245 2147 v.
264 2095 427 2148 eliciendum
450 2109 464 2144 e
482 2107 539 2158 seq.
558 2095 646 2144 mdiu
682 2096 852 2158 lapidatam
864 2096 976 2146 uniones
988 2098 1207 2160 margaritasque.

127 2171 208 2235 mm)
243 2183 342 2234 uquam
370 2170 482 2220 divitum
517 2181 645 2233 pompam
683 2171 726 2220 Sic
745 2172 819 2220 cente
843 2169 917 2218 Ovld.
942 2169 976 2218 de
998 2170 1142 2220 medicam.
1168 2170 1209 2220 la-

129 2243 189 2296 ulbo
211 2259 277 2311 opes
298 2257 362 2295 suas
383 2245 439 2295 lovi
465 2244 645 2294 dedicantium
683 2244 733 2294 ciei
744 2258 770 2294 v.
783 2245 829 2293 20:
850 2243 1014 2306 Conspicuam
1025 2246 1210 2308 peramisuattts

128 2325 249 2383 sequetur
258 2321 341 2371 totius
352 2316 442 2383 populi
454 2319 564 2387 domani
575 2317 646 2368 mul-
681 2319 772 2369 babere
781 2331 885 2368 mooun
895 2333 903 2366 :
920 2318 1026 2368 luduittt
1036 2319 1098 2368 cotto
1113 2319 1209 2382 lapides

128 2393 205 2445 titudo
222 2396 309 2446 lausto
327 2393 444 2444 clamore
462 2395 517 2443 tam
534 2406 645 2456 magua-
683 2394 781 2444 Ott'eatc
794 2398 911 2456 paratos.
932 2391 1041 2445 Martini.
1056 2395 1082 2443 ll
1094 2432 1100 2453 ,
1113 2395 1158 2456 50,
1172 2394 1206 2445 l:

128 2469 193 2520 ulmo
216 2468 326 2521 consilio
347 2465 521 2533 applausum,
552 2481 646 2532 quem·
683 2470 787 2518 Garama
810 2469 849 2518 uel
873 2481 890 2517 a
912 2468 990 2532 dicito
1006 2468 1046 2518 uel
1062 2469 1129 2518 cadit
1146 2483 1210 2520 aare

128 2545 266 2596 admodum
296 2542 366 2594 solet
392 2543 644 2608 triumphantibus.»
681 2543 754 2605 lapis.
781 2542 1076 2606 itemtoptsmanilesto
1088 2543 1122 2593 de
1135 2555 1209 2592 mar-

129 2617 214 2669 il'ocat
225 2618 328 2670 clamor
346 2617 440 2668 turbae
458 2616 569 2669 laventis
588 2619 645 2684 (pro
682 2618 765 2681 gerite
782 2619 876 2669 Seuec.
896 2616 999 2682 Hippol.
1019 2617 1083 2668 392:
1105 2631 1151 2668 uec
1167 2619 1210 2666 at-

127 2705 175 2754 quo
199 2694 278 2744 docte
306 2695 364 2754 est,
402 2693 499 2744 clamor
523 2698 546 2743 ct
571 2691 646 2743 turba
681 2705 741 2742 uuas
768 2693 834 2755 lupis
860 2693 975 2743 Deducat
1002 2704 1090 2754 aures,
1130 2691 1209 2741 Indici

125 2767 284 2834 tumtun),
309 2771 374 2820 dum
396 2769 483 2832 praeit
498 2780 643 2833 pompam
683 2768 776 2816 docum
791 2768 879 2816 muts.
915 2765 991 2816 Silius
1010 2765 1124 2828 lastae:
1143 2767 1209 2815 auro

127 2843 199 2906 eique
222 2843 308 2908 satiet,
328 2842 380 2892 hoc
397 2845 452 2904 est,
479 2841 647 2893 acclamatio·
683 2843 802 2892 caadotit
816 2842 910 2891 maore
930 2841 1006 2890 Lucet
1021 2842 1048 2889 tu
1064 2853 1128 2890 aure
1144 2841 1210 2903 tcpts

127 2915 199 2968 nibus
224 2918 346 2968 levorem
372 2917 486 2981 prodit.»
520 2919 644 2973 timeant
682 2916 767 2966 udus
782 2917 899 2966 Maesta
915 2914 947 2964 ab
964 2917 1023 2966 oris.
1053 2914 1122 2965 alibi
1138 2929 1209 2979 aaut·

125 2991 204 3054 facua
227 2994 262 3044 de
288 2993 365 3043 laetis
391 2991 644 3052 acclamationibus,
682 3003 740 3040 mac
764 2990 877 3040 uniones
900 2988 1050 3052 significare
1073 2989 1208 3052 videntur,

126 3069 153 3116 ut
167 3068 219 3119 Liv.
239 3068 330 3130 hit:
360 3072 384 3117 ct
400 3067 441 3118 illa
457 3068 570 3129 quidem
598 3067 646 3116 ad·
683 3066 734 3118 nisi
750 3063 818 3115 torte
836 3065 937 3128 antiqui
954 3077 984 3114 re
1001 3076 1066 3113 vem
1084 3065 1209 3115 credide-

126 3142 249 3192 matteas
265 3156 297 3193 ac
313 3141 459 3192 uocantibus
474 3142 541 3204 suis,
559 3144 647 3207 [wore
682 3141 737 3192 rint
753 3139 834 3190 etiam
850 3137 1033 3200 sudoaucbat,
1050 3140 1208 3202 nmrupdot,

125 3217 255 3268 munna
271 3217 358 3268 addito
376 3217 462 3267 cauno
478 3217 570 3266 coadd.
684 3217 847 3274 adamam
871 3213 984 3274 iaspidas
1005 3213 1088 3276 (biart.
1107 3214 1138 3272 c,
1158 3213 1208 3276 tt.)

155 3289 194 3342 ll.
212 3291 253 3343 48.
283 3292 326 3343 Vel
341 3290 401 3355 aas]
429 3289 491 3342 «Vel
508 3303 645 3342 summum
683 3303 698 3340 a
724 3289 792 3340 mari
818 3288 923 3351 exspui,
961 3289 991 3337 ut
1018 3285 1149 3350 colligitur
1176 3300 1210 3338 ex

127 3363 272 3418 divitiarum
306 3367 492 3430 contemptum
525 3366 646 3416 testaturi
684 3364 774 3416 Curtio
792 3362 820 3424 8,
835 3363 863 3425 9,
878 3361 926 3412 te:
946 3361 1063 3412 Garamas
1077 3363 1210 3425 usurpati-

126 3451 230 3492 causam
247 3444 276 3493 et
291 3441 432 3492 materiem
449 3439 581 3492 malorum
594 3453 646 3492 uo-
681 3444 769 3500 iusque
784 3451 857 3489 mure
873 3436 987 3487 litoribus
1003 3437 1122 3501 iasutdd.
1149 3435 1207 3487 Tib.

126 3515 238 3568 sinotum
259 3518 288 3567 in
308 3529 383 3566 mare
406 3515 597 3579 demergamus
619 3517 647 3565 et
682 3511 711 3574 λ’,
724 3515 754 3576 2,
768 3513 817 3563 ⁴9:
835 3513 868 3562 lit
879 3525 1039 3575 quatumque
1049 3511 1209 3576 sicambro

126 3589 230 3651 quidem
255 3593 283 3642 ia
304 3592 453 3654 mosenum
477 3604 562 3652 utare,
592 3601 645 3654 quo
683 3590 713 3641 de
729 3589 801 3640 tttcrc
817 3600 928 3651 potuum
942 3586 1077 3637 hamma
1086 3586 1209 3637 liceant·

125 3663 197 3716 citius
209 3680 270 3718 eam
282 3667 311 3717 in
320 3667 514 3731 sempiternum
523 3677 647 3716 amovea-
682 3665 738 3728 aqu
760 3663 836 3713 ludus
859 3663 940 3724 aquis.
976 3663 1096 3725 Propert.
1117 3663 1147 3722 l,
1167 3659 1207 3722 tt,

126 3749 206 3790 mus.»
235 3743 416 3791 Romanorum
434 3742 525 3790 autem
541 3739 646 3790 diddas
683 3739 728 3789 ta:
758 3738 791 3787 Et
816 3737 907 3802 lepttur
930 3735 1015 3786 ntbtt't
1038 3749 1138 3800 anama
1162 3735 1207 3786 aad

126 3811 158 3862 ita
189 3818 332 3879 exaggerat
359 3813 431 3868 Philo
464 3815 492 3865 iu
520 3816 581 3878 Lag.
611 3814 646 3864 ad
683 3812 841 3874 munenibus.
866 3811 896 3872 3,
918 3809 949 3872 l,
970 3812 1003 3862 2:
1035 3812 1176 3875 peauuiseri
1194 3839 1209 3849 -

126 3885 215 3939 Caium
230 3904 258 3955 p.
277 3891 318 3940 97.
339 3891 424 3954 Lips:
461 3883 645 3960 οῑένῬώμῃ
682 3888 770 3938 matis.
800 3885 909 3938 Martini.
932 3886 960 3947 8,
979 3886 1025 3947 28,
1048 3885 1095 3936 tt:
1115 3885 1210 3934 tibi--

125 3961 170 4012 aut
194 3964 225 4013 ot
240 3963 272 4015 ἐν
290 3963 323 4036 τῇ
342 3957 416 4037 ἄλλῃ
431 3959 549 4032 Ἰταλίᾳ,
579 3965 644 4033 παρ’
683 3963 755 4014 Cedet
772 3961 919 4023 Erythraeis
933 3960 1207 4024 enatapetamaaadts.

126 4028 167 4098 οἷς
189 4031 315 4110 ἄργυρος
340 4040 389 4090 καλ
414 4035 525 4111 χρυσὸς
545 4037 646 4104 daeda-
684 4037 820 4088 claudian.
848 4037 875 4088 L.
903 4037 1018 4086 Serenae
1046 4035 1153 4096 reginae
1181 4046 1207 4082 v.

126 4106 262 4182 cadamo
273 4110 429 4177 τοσοῦτος,
444 4105 520 4164 ὥστε
535 4114 561 4164 εἰ
570 4109 646 4177 σύμ·
684 4112 731 4163 ll:
759 4111 883 4162 Cantaber
906 4110 1018 4160 Oecuacat
1039 4109 1121 4158 cicius
1138 4107 1210 4156 litore

126 4198 178 4248 πας
195 4179 212 4236 ὁ
229 4183 261 4252 ἐξ
277 4181 395 4254 ἁπάσης
411 4185 463 4253 τῆς
487 4181 577 4253 ἄλλης
603 4187 646 4237 ol-
683 4201 794 4252 peamau
818 4187 933 4248 despuit.
969 4184 1045 4234 idem
1070 4184 1095 4232 iu
1122 4181 1206 4231 Rufln.

126 4263 266 4329 κουμένης
299 4259 359 4314 ἀπὸ
390 4260 519 4334 περάτων
550 4257 646 4313 αὐτῶν
684 4264 714 4323 l,
738 4262 800 4313 ³86:
824 4266 978 4326 pouttunque
990 4272 1039 4320 per
1055 4269 1151 4306 mmm
1168 4256 1210 4305 lli-

127 4337 323 4403 cuuevexdetq,
350 4335 444 4404 πολλῷ
462 4335 646 4388 καταδεέστε-
683 4337 773 4386 debunt
804 4336 895 4384 ultime
924 4334 1027 4397 paumis
1054 4330 1209 4380 assantibus
