3002 4974
537 425 595 476 cie.
615 426 645 475 ll.
682 427 710 474 C.
731 426 793 476 lllll.

297 1037 352 1104 llle
376 1047 408 1103 et
430 1036 552 1103 nefasto
575 1047 606 1102 te
628 1037 736 1125 posuit
758 1037 829 1113 die,

296 1160 489 1245 Quicunque
510 1158 661 1246 primum,
689 1168 721 1224 et
743 1157 901 1246 sacrilega
923 1181 1019 1227 manu

336 1280 509 1357 Produxit,
532 1279 645 1358 arboe,
669 1280 701 1344 in
725 1291 877 1367 nepotum

189 1452 255 1501 xlii.
292 1452 375 1501 lnscr.
393 1449 463 1512 volg.
489 1451 518 1499 In
535 1450 667 1511 arboren,
693 1452 765 1500 ouius
789 1465 850 1500 casu
866 1451 893 1500 ln
910 1465 973 1515 apro
991 1451 1083 1501 Sabim
1096 1466 1178 1514 poersc

156 1537 288 1588 oppressas
303 1529 346 1575 est.
374 1551 401 1560 -
427 1524 466 1574 Ad
481 1525 598 1574 arborem
614 1526 662 1574 BT.
693 1551 720 1561 -
747 1525 785 1576 Aa
800 1527 917 1576 arborem
933 1527 1003 1576 aetus
1019 1539 1080 1575 cusu
1092 1541 1174 1590 paene

152 1601 285 1662 perimat,
312 1615 330 1649 a
346 1615 398 1662 qua
414 1614 544 1662 oppressare
561 1614 618 1650 eam
633 1605 781 1650 easmratur
797 1600 824 1650 b.
855 1627 881 1638 -
911 1602 949 1651 Ad
966 1601 1083 1650 arborem
1098 1615 1179 1664 opau-

155 1676 202 1724 tice
220 1675 285 1737 (sicz
316 1675 417 1734 idest,
445 1669 624 1741 ἁπευκτική.)
650 1675 781 1726 tetracolos
798 1675 823 1724 S.
853 1701 879 1710 -
909 1675 947 1726 Ad
970 1675 1087 1725 arborem
1109 1677 1180 1742 cidus

156 1751 440 1811 easapaeneperterut
458 1763 481 1800 c.
513 1779 540 1787 -
571 1753 593 1800 l.
612 1752 702 1812 Illum,
727 1755 750 1799 et
766 1749 861 1812 neforto
878 1752 908 1800 N.
929 1750 1069 1812 Heinsius,
1095 1751 1177 1810 mma,

156 1838 186 1884 o,
203 1824 301 1887 nefasto
317 1823 401 1874 Bentl.
420 1825 503 1886 coni,
522 1825 722 1890 illumnescsto
738 1828 922 1878 Buttmannus.

155 1984 221 2034 xlll.
257 1985 314 2033 Non
336 1985 393 2034 sine
418 1984 509 2036 lestiva
533 1986 649 2049 quadam
687 1987 768 2037 Hebr.
783 2000 809 2051 p.
830 1987 886 2036 ⁴53.
906 1987 948 2037 ed.
961 1986 1121 2038 iiosenmiill.
1135 1987 1210 2047 ratio,

121 2056 274 2121 hyperbole
312 2057 437 2109 arborem
476 2063 647 2122 exsecratur,
687 2061 732 2124 qui
757 2061 908 2124 distinguit:
938 2061 982 2112 Illa
1004 2067 1028 2112 et
1052 2061 1185 2126 (nefasto-
1198 2087 1212 2097 ·

123 2133 201 2182 cuius
227 2145 292 2182 casu
316 2145 403 2197 paene
424 2147 570 2198 oppressus
593 2139 651 2186 erat
682 2135 771 2200 popl),
806 2137 881 2186 lllmu
907 2141 945 2197 ct,
980 2137 1056 2200 quasi
1083 2135 1213 2186 voluisset

122 2208 148 2256 in
167 2219 232 2268 agro
243 2219 292 2256 suo
304 2205 418 2268 Sabino;
438 2207 534 2258 deinde
552 2210 650 2260 immo-
686 2209 804 2262 scribere
822 2211 865 2260 [lle
881 2216 904 2259 ot
919 2211 1008 2274 freptt,
1036 2212 1094 2260 tum
1111 2211 1212 2272 impetu

123 2283 200 2330 ratur
217 2281 243 2330 in
261 2281 392 2331 sententia
409 2281 443 2331 de
461 2283 568 2334 incertis
579 2285 648 2334 vitae
686 2284 769 2348 lyrico
787 2283 934 2347 abreptus,
953 2285 1101 2348 interrupto
1123 2285 1212 2346 priore

122 2354 232 2406 casibus
244 2353 394 2418 desinitque
406 2356 432 2406 in
444 2356 648 2422 contemplanda
687 2358 805 2420 consilio,
825 2361 860 2408 ita
877 2360 1054 2424 perrexisset,
1081 2359 1155 2408 ltlmn
1165 2363 1188 2409 et
1199 2385 1213 2394 -

121 2429 230 2492 piorum
245 2428 426 2491 beatitudine,
451 2431 566 2482 maxime
587 2445 649 2484 cum
685 2435 968 2497 aequatumque.
988 2437 1021 2484 nt
1032 2432 1091 2484 talia
1103 2425 1213 2482 ἀνακό-

121 2519 202 2555 aures
220 2505 351 2568 praebent
371 2504 460 2556 Alcaei
484 2511 511 2557 et
528 2509 649 2573 Sapphus
686 2509 779 2560 londa
796 2509 830 2559 ab
842 2509 985 2558 Horatiano
997 2509 1103 2558 dicendi
1114 2521 1212 2572 genere

122 2579 297 2631 carminibus.
333 2581 383 2630 Ter
400 2583 491 2632 nutem
508 2585 648 2647 praeterea
684 2598 796 2648 prorsus
813 2583 967 2634 abhorrent.
989 2611 1015 2620 -
1043 2583 1119 2636 Addo
1136 2586 1213 2633 vete-

120 2653 190 2704 illius
201 2655 312 2719 periculi
324 2656 488 2706 mentionem
502 2657 578 2707 iacit:
599 2658 646 2708 Od.
686 2671 745 2707 rem
762 2659 1007 2709 commentatorem
1020 2658 1086 2710 Cod.
1100 2659 1211 2720 Freneq.

121 2729 150 2788 t,
171 2730 218 2789 ll,
238 2730 279 2778 bt.
315 2729 363 2779 Od.
386 2729 415 2790 3,
439 2729 467 2791 l,
490 2733 530 2782 27.
555 2731 646 2783 elon.
686 2733 758 2798 apud
775 2735 884 2785 Bosium
901 2747 928 2797 p.
947 2733 996 2784 ³8:
1027 2732 1142 2792 «Arbor,
1172 2731 1213 2782 ille

120 2803 149 2862 3,
164 2803 189 2862 8,
203 2803 227 2852 8.
251 2805 404 2867 scriptionis
421 2805 527 2869 tempus
545 2807 649 2856 deliniri
687 2809 842 2873 quicunque
868 2809 986 2871 primum
1003 2806 1127 2871 pmduxit
1143 2809 1169 2856 te
1187 2808 1213 2856 in

121 2877 223 2940 nequit.
259 2877 394 2940 Nonnulli,
413 2883 443 2930 ut
459 2879 647 2942 Walckenaer,
686 2885 815 2948 nepotum
832 2883 979 2946 perniciem
998 2884 1025 2931 et
1039 2880 1213 2946 oppmbrium

122 2951 287 3002 arbitrantur
306 2966 330 3002 a.
353 2967 378 3002 u.
401 2967 424 3002 c.
451 2954 507 3004 73³.
552 2957 649 3006 Contra
687 2959 760 3022 pagi,
788 2959 878 3022 posuit
903 2960 929 3006 te
956 2959 983 3006 et
1005 2956 1107 3006 nefasto
1125 2955 1169 3007 die
1187 2959 1214 3005 et

121 3028 309 3078 lachmannus
326 3031 392 3092 App.
412 3029 447 3078 ad
464 3029 604 3080 Franlxium
621 3045 648 3094 p.
686 3031 814 3093 sacrilega
833 3043 940 3080 manu.»
970 3057 996 3066 -
1022 3031 1130 3094 nesmto]
1157 3030 1210 3080 Cir.

121 3100 179 3151 aio.
210 3103 321 3165 propter
348 3115 374 3150 v.
408 3104 448 3152 27.
479 3103 513 3152 ad
539 3117 563 3154 a.
590 3105 647 3154 725.
687 3105 734 3156 Od.
756 3107 782 3166 l,
802 3106 846 3164 35,
865 3105 906 3154 35.
927 3106 957 3155 ll.
970 3103 987 3153 l.
1007 3105 1048 3154 est
1064 3098 1211 3174 ἀποφράς,

121 3175 216 3236 refert,
250 3175 414 3240 probabilius
443 3179 523 3228 etiam
549 3177 650 3228 Weber
687 3180 745 3231 dics
780 3180 852 3240 ater,
888 3178 1022 3240 funestus,
1062 3193 1126 3240 usu,
1168 3179 1212 3242 qui

121 3251 208 3300 Horeb
224 3264 251 3314 p.
272 3252 330 3301 260.
350 3251 385 3302 ad
407 3265 431 3303 a.
446 3253 502 3304 tat.
527 3281 554 3290 -
573 3255 650 3304 Prin·
685 3257 839 3320 perpolitus
856 3255 971 3305 maxime
985 3253 1126 3304 invaluisse
1141 3253 1213 3304 vide-

122 3326 191 3389 clpio
224 3327 314 3375 autem
342 3323 506 3389 aliquantum
543 3327 649 3378 turbato
685 3332 737 3378 tur.
757 3327 907 3380 celtus.
922 3328 993 3388 t,9:
1016 3329 1214 3392 lleliptosl-dies

121 3403 203 3463 atque
223 3399 389 3451 intricatode
407 3401 535 3452 industria
551 3403 647 3464 utitur,
686 3406 799 3454 dicenter
825 3401 893 3454 tristi
930 3404 1011 3453 mulne
1035 3404 1141 3468 insumas
1165 3405 1214 3454 ioe-

122 3474 199 3537 quasi
216 3475 317 3524 recent-i
335 3476 480 3526 etiamtunc
492 3475 647 3528 discrimino
682 3481 825 3542 pedlthue;
836 3506 851 3517 —
863 3507 877 3516 -
890 3492 951 3547 quos
960 3479 1093 3528 multitudo
1110 3479 1215 3540 impert-

122 3561 154 3598 ac
172 3551 273 3598 terrore
288 3549 437 3612 perculsus.
459 3552 584 3612 (Fuerunt
600 3553 649 3602 ho·
685 3559 769 3604 mum
790 3567 871 3616 prave
896 3559 920 3604 et
943 3566 1079 3616 paperem
1106 3553 1216 3616 nefastos

122 3623 211 3673 mines
230 3623 294 3672 artis
311 3625 433 3686 poeticae
451 3625 540 3676 minus
558 3627 646 3688 gnari,
686 3630 821 3690 appellunt.
849 3631 972 3678 Attamen
984 3629 1038 3678 iam
1050 3629 1104 3678 biv.
1118 3629 1148 3689 6,
1167 3629 1211 3678 28:

123 3699 167 3760 qui
193 3698 242 3747 hos
268 3701 394 3760 quattuor
418 3713 460 3748 vv.
486 3700 649 3751 resecandos
685 3709 756 3753 terra
772 3729 786 3739 -
803 3704 901 3766 nefasta
916 3703 1038 3753 notorias
1055 3717 1123 3752 aeae.

123 3773 265 3822 censerent
282 3775 311 3820 ut
327 3772 502 3836 subditicios.)
719 3779 742 3828 3.
762 3778 786 3829 l.
804 3779 938 3842 lboduclt]
958 3777 1062 3838 «coluit,
1077 3777 1213 3836 educavit,

157 3847 180 3894 l.
210 3846 253 3895 lllc
270 3847 306 3911 ct]
332 3849 500 3898 constructio
519 3851 575 3899 est:
606 3849 649 3900 llla
686 3854 797 3914 curavit,
817 3856 846 3904 ut
857 3866 1005 3914 cresceres,
1019 3851 1092 3902 velut
1103 3866 1136 3903 eo
1148 3865 1214 3902 con-

123 3927 145 3971 ct
161 3922 257 3984 nefasto
280 3924 401 3985 tepescit
423 3925 475 3986 die,
505 3925 650 3987 Quicmque
687 3926 758 3988 silio,
778 3930 807 3976 ut
824 3926 967 3992 aliquando
980 3933 1104 3990 nepotum
1123 3927 1214 3990 poste-

120 3997 232 4057 pamm
239 3997 323 4058 posuit
336 3995 488 4062 lplaumvit),
503 4005 525 4048 et
538 3999 648 4063 (posteat
688 4002 798 4062 riorum,
818 4001 896 4053 alicui
913 4003 1055 4058 incideres,
1074 4015 1128 4065 quo
1146 4001 1214 4050 iacto

121 4071 242 4131 producit
258 4071 383 4136 sacrilega
399 4086 486 4122 omna.
517 4075 558 4124 Sic
576 4073 650 4124 lacil-
688 4079 818 4141 perpetua
845 4077 950 4128 iniamia
976 4077 1113 4140 premeret
1129 4077 1214 4124 lotum

124 4143 184 4196 lime
201 4149 342 4196 amovetur
359 4149 512 4198 coniectura
531 4151 559 4199 et
570 4151 651 4200 Bent-
688 4164 787 4215 pagum
813 4153 936 4213 (maxime
954 4151 1063 4215 quidem
1080 4151 1102 4200 si
1121 4151 1214 4198 limna-

124 4217 165 4268 leii
181 4219 267 4281 mian,
299 4235 326 4284 o,
344 4222 440 4284 aesario
458 4225 484 4273 et
501 4224 651 4274 Buttmauni
689 4239 737 4275 nae
761 4227 851 4290 fidicen
879 4227 951 4288 lurae
976 4239 1008 4276 eo
1040 4238 1104 4275 casu
1133 4222 1213 4273 elisus

125 4295 209 4356 lllmn,
235 4296 331 4358 nefasto
357 4299 384 4346 et
400 4297 508 4348 Lowthii
526 4296 560 4348 de
577 4300 652 4363 poesi
691 4299 798 4362 essetl.»
816 4299 947 4363 Explicari
964 4313 1017 4350 non
1034 4299 1133 4363 potest:
1153 4297 1214 4360 «qui
