3002 4974
695 449 823 499 Hostili
842 449 1011 500 cusulrttiit

486 609 582 673 Dices
606 605 746 671 historiis
765 602 893 692 proelia
915 604 1082 678 Caesarie,

485 730 673 803 Maecenas,
698 725 812 792 melius
834 725 996 811 ductaque
1018 744 1078 812 per
1099 725 1168 788 vias

568 852 691 936 Regum
713 847 796 914 colla
817 845 997 913 minacium.

381 1032 420 1080 ta.
439 1030 573 1078 minutium
589 1027 622 1088 Τ,
641 1028 792 1076 minantimo
809 1028 826 1076 S
843 1028 870 1075 et
888 1037 956 1076 corr.
976 1024 1008 1086 b,
1026 1025 1073 1086 βκ.

315 1189 364 1239 καὶ
380 1185 454 1254 μετὰ
471 1189 591 1258 μέτρων.
613 1215 639 1222 -
659 1188 720 1238 Mihi
732 1186 838 1236 videtur
874 1187 964 1248 partes
982 1197 997 1233 a
1014 1197 1044 1234 sc
1063 1187 1202 1248 susceptas
1230 1199 1289 1236 esse
1312 1187 1384 1236 stmu-

314 1264 388 1314 locus
406 1264 567 1314 communis:
588 1263 635 1312 «Et
651 1265 725 1312 certe
742 1259 838 1312 melius
874 1258 953 1320 larat,
971 1261 1103 1320 insignem
1119 1261 1146 1309 in
1159 1261 1316 1310 Ciceronem
1330 1273 1384 1324 per-
1473 1285 1474 1310 l

314 1353 395 1403 prosa
406 1340 525 1389 oratione
538 1340 706 1401 exponentur
717 1336 838 1386 Caesaris
874 1333 980 1394 fidiam,
1008 1335 1188 1397 importunam
1206 1337 1285 1398 atque
1302 1337 1385 1385 immt-
1473 1339 1474 1380 l

312 1415 491 1476 messalae«
527 1413 561 1462 To
586 1413 664 1474 igitur
688 1410 752 1460 mihi
778 1413 835 1470 est,
874 1419 936 1457 nem
945 1407 972 1456 in
981 1409 1146 1472 proscriptos
1155 1410 1301 1470 auaritiam,
1311 1421 1385 1470 usque

311 1491 342 1536 ut
358 1489 393 1537 ita
411 1488 511 1546 dicam,
538 1498 688 1549 pronomen
714 1497 838 1533 commu·
874 1480 908 1530 ad
928 1479 1170 1532 celebratissimum
1190 1481 1270 1532 illud:
1301 1485 1385 1544 usurpa

312 1563 451 1612 nicationis
469 1574 531 1610 cum
549 1558 684 1618 omnibus,
705 1558 750 1620 qui
768 1557 838 1607 Cae·
874 1555 983 1605 tandem
1008 1555 1158 1605 carniiexl»
1196 1569 1285 1620 neque
1312 1557 1387 1618 magis

312 1638 379 1686 saris
404 1649 448 1685 res
473 1637 562 1697 gestas
589 1633 682 1684 litteris
708 1630 836 1682 mandare
873 1630 1049 1680 astutissimas
1086 1629 1142 1680 illae
1176 1633 1261 1692 artes,
1302 1630 1387 1695 quibus

311 1709 393 1760 velint
410 1713 437 1759 et
454 1711 564 1774 possint.
590 1707 666 1768 Quod
683 1707 790 1757 Servius
802 1704 837 1755 ad
873 1703 1009 1768 paullatim
1033 1704 1245 1756 dominationem
1267 1707 1387 1770 acquisie-

312 1788 358 1833 Ge.
376 1785 404 1842 ι,
423 1783 462 1833 tt.
484 1783 563 1832 tradit
580 1795 595 1831 a
612 1781 764 1832 Maecenate
782 1782 837 1828 Au·
873 1780 915 1828 rat
940 1777 1000 1839 ille,
1027 1792 1078 1829 neo
1104 1778 1220 1843 denique
1247 1781 1319 1830 artes
1335 1791 1387 1830 snas

311 1859 379 1920 gusti
397 1859 471 1919 gesta
489 1857 622 1921 descripta
641 1867 718 1915 esse,
743 1867 775 1905 ex
792 1852 836 1902 illo
873 1854 994 1916 proprias
1006 1855 1034 1902 et
1043 1853 1150 1904 consilia
1160 1854 1302 1918 prudentia
1310 1854 1387 1918 plena,
1474 1897 1475 1906 ,

312 1932 408 1992 Virgilii
431 1931 490 1980 loco
516 1930 585 1981 male
608 1929 741 1980 intellecto
759 1931 836 1978 etex
873 1927 970 1990 quibus
989 1929 1046 1990 ipse
1065 1927 1183 1978 ferocem
1202 1930 1323 1980 Caesaris
1339 1930 1388 1978 ani·
1474 1967 1475 1988 2

311 2007 352 2055 his
371 2007 468 2055 Horatii
486 2004 577 2055 verbis
595 2003 767 2067 desumptum
785 2005 834 2052 est.
873 2015 948 2052 mum
957 2001 991 2052 ad
1000 2004 1234 2054 mansuetudinem
1244 2007 1271 2054 et
1280 2004 1388 2055 clemen-

313 2079 458 2131 hiirabilius
484 2083 525 2130 est
548 2079 612 2129 iliud
638 2078 712 2129 Plinii
738 2079 766 2140 t,
786 2077 833 2129 45:
874 2077 937 2126 tiam
963 2078 1064 2128 sensim
1089 2077 1261 2140 traduxerat.)
1286 2106 1312 2115 -
1342 2078 1386 2128 Cir.

312 2157 434 2206 Caesaris
451 2155 599 2218 Philippeia
612 2155 709 2216 proelio
724 2153 835 2213 merbiis,
873 2164 944 2201 nuno
970 2151 1106 2202 Frandsen
1127 2155 1261 2202 dioscoros
1290 2167 1317 2217 p.
1339 2153 1386 2202 itt.

310 2231 374 2293 supa
386 2235 408 2280 et
421 2231 504 2280 triduo
515 2232 542 2280 in
549 2230 644 2292 palude
655 2230 752 2292 aeproti
761 2233 791 2288 et,
809 2233 836 2276 ut
907 2225 947 2274 ll.
977 2227 1113 2290 ductaque]
1143 2229 1210 2278 Nota
1228 2241 1275 2290 otte
1290 2255 1304 2265 -
1318 2255 1332 2265 -
1350 2239 1389 2289 put

313 2306 425 2366 fatentur
435 2306 550 2368 Aprippo
566 2309 588 2354 et
603 2306 747 2362 Maecenas,
766 2315 836 2362 equo
873 2313 926 2350 non
943 2299 994 2350 sibi
1010 2301 1194 2364 respondere,
1214 2307 1244 2353 ut
1261 2301 1330 2364 alibi,
1347 2300 1388 2352 sed

310 2380 393 2428 scotor
417 2385 497 2429 culon
519 2381 577 2442 suso
603 2379 697 2442 torpidi
726 2379 833 2427 latebra.
873 2377 1067 2426 sententiarum
1096 2389 1196 2427 nerum
1222 2377 1294 2428 hunc
1319 2390 1386 2427 esse:

311 2453 364 2502 Sed
383 2453 435 2503 hoc
451 2466 559 2516 quoque
578 2467 610 2502 ex
623 2451 734 2516 epistola
750 2450 835 2501 aliove
874 2452 1005 2500 «atcerte
1022 2450 1119 2501 melius
1131 2451 1255 2502 dicentur
1266 2479 1281 2489 -
1292 2479 1307 2489 -
1317 2464 1388 2516 proc·
1475 2492 1476 2500 ,

311 2526 398 2576 libello
422 2527 464 2576 vel
486 2529 566 2577 etiam
585 2541 617 2577 ex
634 2525 749 2589 Dialogis
766 2528 836 2591 peti·
872 2524 905 2575 lia
926 2526 1107 2589 triumphique
1129 2529 1197 2575 cetu
1221 2553 1248 2562 -
1269 2541 1317 2590 per
1334 2525 1388 2589 cios]
1475 2503 1476 2574 i

311 2603 368 2650 tum
395 2601 510 2652 videtur.
546 2603 707 2664 Neutiqnatn
736 2601 835 2650 Horatii
873 2602 977 2664 aperta
989 2600 1141 2664 triumphali
1153 2614 1202 2664 per
1212 2603 1321 2652 Sacram
1329 2603 1390 2651 tiam
1475 2617 1476 2676 J

311 2678 370 2725 erat
382 2675 505 2738 evolgare
518 2675 648 2726 eiusmodi
666 2677 835 2738 propositum
873 2673 907 2724 ad
933 2674 1101 2738 Capitolium.
1144 2675 1284 2727 Manifesto
1309 2679 1389 2726 antem
1475 2693 1476 2732 ς

311 2751 405 2810 amici,
425 2762 486 2798 cum
502 2751 559 2813 ipse
572 2762 624 2798 una
637 2762 699 2798 eum
711 2749 836 2801 omnihus
873 2749 940 2798 haec
958 2749 1111 2798 referuntur
1127 2749 1161 2799 ad
1179 2749 1310 2814 triplicem
1326 2749 1390 2800 illum

310 2826 412 2888 optime
430 2826 511 2874 sciret
528 2823 590 2874 nihil
616 2824 727 2888 perlecti
747 2824 781 2874 ab
803 2838 835 2874 eo
874 2824 1047 2886 triumphum,
1061 2822 1248 2886 Delmaticum,
1262 2827 1389 2875 Actiacum

311 2901 461 2962 exspectari
478 2912 573 2962 posse,
593 2902 686 2963 atque,
705 2901 735 2949 ut
746 2913 834 2962 neque
874 2902 901 2947 et
917 2897 1124 2948 Alexandrinum
1146 2913 1239 2950 mense
1266 2899 1354 2950 Sextili
1369 2911 1388 2946 a.

311 2976 444 3038 poeticam
472 2975 529 3024 eius
547 2974 699 3025 facultatem
716 2987 835 3037 unquam
873 2975 930 3023 725.
958 2974 1107 3023 aCaesare
1125 2988 1158 3024 ex
1175 2974 1282 3025 Oriente
1300 2975 1389 3024 reduce

311 3048 412 3108 laudat,
432 3049 467 3097 ita
488 3061 538 3098 neo
558 3051 664 3112 poterat
679 3049 834 3112 praedicare
874 3050 973 3098 aetum.
1000 3049 1107 3110 Deciis,
1122 3061 1173 3112 per
1185 3063 1252 3113 quos
1262 3049 1390 3100 duceban-

311 3123 473 3172 historicam.
509 3125 546 3173 Ac
563 3125 703 3186 praeterea
721 3122 763 3173 vel
776 3136 836 3173 ma·
875 3125 917 3172 tur
937 3123 1101 3186 triumphati,
1123 3122 1234 3174 consule
1249 3121 1389 3175 Ambrosch

309 3197 381 3246 xime
397 3195 574 3260 improbabile
591 3201 633 3247 est
644 3199 791 3248 Maecenati
810 3199 836 3247 in
874 3197 978 3246 Studien
993 3198 1013 3246 1.
1028 3209 1054 3262 p.
1066 3197 1107 3246 79.
1127 3201 1285 3262 excerptum
1303 3195 1390 3250 abib·

310 3274 429 3321 mentem
447 3273 539 3322 venire
557 3274 676 3335 potuisse
698 3273 836 3323 historiam
874 3273 947 3322 kero.

310 3359 402 3395 rerum
428 3349 564 3408 gestarum
589 3347 698 3408 Augusti
724 3359 837 3410 compo-
908 3348 947 3397 ta.
966 3347 1031 3396 collo
1041 3347 1186 3412 minucium]
1205 3348 1382 3412 ScriptorCon

311 3432 394 3479 nere,
420 3420 446 3468 in
468 3432 520 3482 qua
538 3432 620 3468 verax
637 3433 697 3470 esse
715 3434 768 3470 non
785 3429 837 3485 po-¹
875 3420 950 3471 solat.
972 3422 1007 3472 ad
1026 3424 1081 3473 Liv.
1103 3425 1167 3486 Aug.
1191 3423 1255 3475 27³:
1275 3425 1390 3488 Aspicies

312 3497 396 3554 terat,
424 3493 505 3544 ialsus
522 3497 602 3557 atque
621 3494 742 3545 adulator
760 3510 836 3547 com·
875 3510 963 3560 rapum
983 3497 1085 3548 boeotia
1110 3499 1175 3550 colio
1199 3499 1295 3548 catenis
1311 3501 1390 3550 Doro-

311 3582 406 3632 parere
424 3572 497 3618 certe
516 3568 631 3619 nolebat.
663 3571 835 3632 (Errasseme
875 3585 922 3632 que
941 3585 989 3633 per
1005 3585 1093 3622 saevos
1108 3573 1209 3623 elocuto
1225 3587 1295 3624 oeno
1310 3582 1390 3625 mouet

312 3642 392 3692 iulis
406 3645 481 3705 putat
493 3642 687 3706 Dillenburger‚
706 3646 764 3708 ipse
777 3659 839 3709 pro-
874 3647 907 3696 Ει
931 3648 1031 3696 tmtdem
1056 3648 1164 3709 trepidm
1190 3648 1290 3698 nolitis:
1327 3651 1390 3710 tora

311 3719 372 3780 pter
391 3717 499 3766 nimiam
517 3716 629 3768 tortasse
652 3720 733 3770 animi
758 3719 837 3771 boni·
875 3721 920 3772 itta
935 3721 1046 3784 serenan
1063 3723 1148 3771 Invitis
1159 3721 1279 3772 lucrinus
1290 3723 1391 3774 decidet

312 3793 836 3852 talernasserens,ahlaecenntetvere»
875 3809 922 3845 oro
945 3797 1022 3859 petis.
1059 3795 1169 3858 Spiritus
1198 3795 1239 3846 ille
1262 3799 1354 3848 minor
1372 3795 1391 3842 tl

312 3867 403 3927 utique
437 3867 556 3928 potuisse
589 3867 669 3916 scribi
703 3868 837 3919 Octaviani
874 3871 953 3920 Drusi
976 3875 1055 3920 morte
1085 3871 1205 3933 superbus
1230 3872 1350 3938 Cornifici
1369 3869 1390 3915 ι’·

312 3940 461 3990 historiam.
491 3940 838 4005 Verumnopsatisrecor-
874 3950 1081 3996 moestocorcere
1092 3947 1190 3996 Modus
1200 3947 1256 3996 erit.
1271 3973 1302 3984 -
1321 3947 1390 3996 mino·

312 4014 389 4063 datus
408 4018 464 4076 est,
483 4013 541 4064 lieri
559 4013 630 4065 nullo
642 4016 723 4067 modo
734 4020 839 4082 potuis·
874 4019 953 4084 οιίιιη]
981 4023 1141 4084 «numquam
1166 4021 1263 4072 devicti
1282 4020 1389 4074 essent·

313 4102 353 4148 se,
371 4091 401 4136 ut
418 4087 501 4138 libere
520 4092 600 4153 atque
618 4091 722 4142 sincere
734 4091 838 4144 descri-
876 4095 973 4144 firmat
996 4096 1077 4144 etiam
1100 4095 1207 4146 Servius
1224 4094 1241 4146 l.
1260 4095 1278 4146 l.
1297 4099 1389 4148 utem

312 4163 378 4214 bere
396 4176 427 4213 ac
444 4165 538 4213 notare
555 4166 701 4217 Maecenati
724 4181 838 4218 conces·
874 4169 937 4219 tium
969 4183 1054 4234 prope
1087 4169 1235 4220 absurdum
1264 4173 1338 4224 esset
1361 4165 1388 4214 dt

313 4253 373 4290 sum
398 4243 471 4290 esset
495 4240 627 4292 octaviani
654 4243 837 4295 infidelitatem
875 4243 984 4307 regibus
1001 4245 1028 4294 in
1046 4243 1115 4294 collo
1127 4246 1256 4296 catenatis
1267 4249 1346 4312 atque
1357 4241 1388 4291 sic

313 4312 443 4366 adsersus
455 4316 582 4366 Senatum
591 4317 748 4380 Romanum,
762 4317 838 4369 cuius
875 4319 901 4370 in
913 4317 1048 4383 triumpho
1061 4318 1156 4370 ductis.
1176 4319 1228 4370 Cir,
1240 4320 1386 4372 Bentlcium.
