3014 4978
673 398 801 448 florarii
820 397 988 448 candiduli

464 555 514 620 lile
535 551 640 618 lentus
663 551 820 642 Glycerae
842 558 941 618 torret
964 570 1054 616 amor
1076 571 1177 617 meae.

296 789 372 848 mini,
395 784 558 851 quamquam
579 785 652 835 haud
670 797 730 835 raro
747 784 819 848 apud
855 785 1051 847 superstitiosas
1069 786 1099 835 ut
1114 786 1254 836 leucoaoos
1272 783 1378 848 (leona)

295 864 439 926 scriptores
466 863 492 911 et
517 862 542 910 in
568 860 699 924 inscripti.
724 857 817 918 obvio,
855 859 970 926 φρένες,
989 857 1097 908 stultitia
1108 859 1139 920 i).
1157 856 1257 922 puellas
1271 860 1381 909 vixdum

296 935 371 988 multi
396 935 496 986 librarii
522 935 609 985 notius
633 935 713 985 etiam
736 933 821 983 Clitot's
856 933 912 982 viro
929 933 1104 995 tempestivas
1130 933 1219 982 Oileos
1242 933 1380 994 [feminam

295 1024 393 1062 nomen
405 1009 606 1060 substituerunt.
633 1009 685 1071 (ain
704 1008 819 1058 nomini·
855 1005 999 1055 iuvenilem
1036 1007 1149 1068 illoden]
1190 1007 1220 1055 ut
1254 1006 1380 1057 dixerit.»

294 1085 346 1137 bus
364 1085 391 1134 id
408 1085 522 1134 maxime
540 1083 636 1134 lusisse
652 1085 769 1146 poetam,
790 1085 821 1130 ut
855 1079 962 1141 Nauos.)
987 1105 1016 1115 -
1043 1079 1134 1143 Ιοιιιιιι]
1163 1080 1220 1130 Νοιι
1245 1082 1287 1129 est
1315 1081 1382 1128 «iam

296 1159 417 1224 personis
438 1159 514 1223 ipsis,
540 1156 719 1221 temporibus,
737 1154 820 1204 rebus
855 1152 973 1217 frigidior
998 1154 1117 1213 lactus»,
1144 1155 1174 1202 ut
1197 1151 1290 1202 volunt
1315 1166 1382 1203 non-

297 1244 378 1296 quam
404 1230 679 1282 accommodatissima
713 1231 818 1288 essent,
856 1226 931 1287 nulli,
959 1239 1022 1276 nam
1039 1239 1122 1290 prope
1140 1225 1282 1277 ridiculum
1300 1226 1381 1277 toret:

297 1319 330 1356 ex
346 1305 467 1369 plurimis
484 1302 612 1368 exemplis
633 1305 743 1365 cogitur.
778 1303 820 1352 Sic
857 1300 980 1364 «frigidus
997 1301 1051 1350 iam
1069 1303 1096 1350 et
1114 1299 1291 1363 languescens
1308 1314 1383 1351 amor

297 1379 465 1438 factumest,
489 1380 518 1427 ut
535 1379 709 1442 apparantem
728 1376 820 1425 convi-
856 1377 1030 1434 metensi.»
1054 1374 1103 1425 sed
1119 1372 1243 1437 «longus,
1263 1376 1310 1437 qui
1329 1373 1385 1424 len-

296 1454 370 1502 vium
388 1453 564 1502 thaliarchum
576 1450 689 1516 (θαλίας
706 1443 818 1522 ἀρχόν),
858 1453 883 1500 te
903 1449 1045 1500 absumit.»
1064 1448 1111 1499 Od.
1135 1451 1158 1510 l,
1178 1449 1223 1510 43,
1242 1451 1272 1500 8:
1303 1451 1383 1513 Quom

296 1540 391 1578 senem
400 1537 536 1577 morosum
546 1529 626 1589 atque
638 1526 820 1590 importunum
856 1525 927 1574 tertis
939 1525 1039 1586 penitus
1054 1536 1168 1573 macerer
1187 1523 1302 1586 tpnihrsr,
1326 1523 1381 1573 Tih.

297 1601 392 1661 tumim
414 1599 489 1663 (atter
510 1599 677 1663 lreprimmi),
702 1599 821 1662 turpicu-
858 1601 885 1660 t,
905 1598 935 1660 l,
953 1599 998 1648 8l:
1021 1599 1076 1648 liert
1091 1599 1139 1648 hert
1156 1611 1233 1660 quom
1249 1597 1385 1647 Marathus

297 1667 820 1736 1ιιιιιίοιιειιιοιιιιιιΑῑρΙιῑιιιιι(ἀλφαίνω)
857 1675 922 1723 tento
938 1685 978 1722 mo
994 1677 1091 1734 torquet
1111 1674 1226 1731 ornorel,
1252 1671 1302 1721 ubi
1322 1683 1383 1735 pro-

297 1745 406 1805 iecerit;
425 1748 475 1807 sic,
494 1745 647 1809 loquaculas
659 1747 821 1810 utLotapos,
858 1748 919 1810 pter
936 1746 1034 1796 Horatii
1056 1744 1146 1796 locum
1163 1745 1276 1797 minime
1294 1744 1384 1808 legen-

298 1818 409 1871 tenollus
430 1822 460 1870 ui
479 1821 589 1881 Lydios,
618 1820 772 1883 insipientes
790 1832 822 1869 ac
859 1818 924 1870 dum
940 1824 1028 1869 torret.

659 2190 1025 2250 EXGURSUS

769 2323 910 2374 suala.

369 2499 436 2551 Olim
449 2503 556 2550 secutus
569 2513 643 2550 eram
655 2499 861 2551 Scholiastarum
872 2500 1128 2564 interpretationem:
1145 2501 1261 2550 altorem
1276 2501 1385 2564 cyathos

302 2583 352 2634 sihi
369 2584 457 2646 poscit
472 2585 550 2648 po'e'ta
568 2581 772 2646 ἐνθουσιάζων.
808 2585 893 2648 Supra
910 2597 1008 2634 novem
1020 2585 1109 2634 aulem
1126 2583 1148 2632 si
1163 2583 1304 2636 addideris
1321 2586 1383 2639 tres.

301 2665 445 2715 duodecim
457 2667 542 2729 epotis
554 2665 644 2717 ebrius
656 2666 740 2717 iactus
752 2667 827 2718 lacile
839 2667 943 2718 incides
955 2667 980 2716 in
992 2667 1075 2727 rixas,
1094 2679 1110 2717 a
1126 2667 1223 2729 quihus
1239 2666 1385 2718 obhorrent

300 2750 417 2810 Gratiae,
430 2748 457 2799 id
470 2751 522 2808 est,
536 2762 605 2813 quae
619 2751 690 2800 rixae
702 2753 764 2801 sunt
775 2752 925 2802 contrariae
936 2763 1017 2800 verae
1033 2748 1173 2800 laetitiae.»
1202 2751 1384 2814 Exposueram

301 2835 392 2896 igitur,
411 2835 442 2882 ut
457 2833 618 2894 arbitrabar,
643 2835 764 2899 apposite
782 2834 920 2899 adipeam
940 2847 982 2884 vv.
996 2831 1213 2884 collocationem:
1240 2839 1296 2884 tros
1312 2847 1385 2897 supro

299 2930 402 2978 novem,
421 2930 474 2967 non
492 2919 521 2967 ut
537 2918 715 2969 recentiores:
734 2931 815 2981 supro
831 2923 890 2968 tres.
926 2917 1074 2967 Duodecim
1091 2919 1182 2968 autem
1194 2917 1287 2979 cyathi
1300 2919 1384 2969 sexta-

300 3001 369 3051 rium
394 2998 537 3064 complent.
572 3003 611 3051 lta
634 3004 797 3064 Augustum,
825 3001 920 3063 quoties
943 3000 1082 3064 turpissimo
1106 3013 1131 3050 se
1155 3001 1292 3062 invitaret,
1321 3013 1385 3051 senor

299 3088 424 3133 sertontes
449 3085 610 3148 (sextarium)
641 3099 691 3134 ιιοιι
716 3085 847 3136 accesisse
872 3087 965 3134 auctor
989 3087 1031 3135 esi
1059 3083 1200 3135 Suetonius
1225 3085 1319 3136 Octav.
1346 3083 1382 3132 ii.

300 3169 392 3230 Neque
418 3181 483 3217 vero
508 3168 560 3218 hoc
586 3168 665 3229 dicit,
696 3170 775 3232 epoto
798 3166 940 3232 asingulis
958 3168 1072 3218 sextario
1091 3180 1200 3232 semper
1215 3167 1289 3217 rixas
1307 3166 1382 3224 oriri,

300 3251 350 3301 sed
366 3250 515 3314 periculum
532 3265 608 3314 esse,
635 3265 669 3302 ne
686 3253 814 3302 oriantur,
850 3253 899 3311 Qui
917 3251 1124 3316 interpretantur
1140 3263 1219 3312 supro
1239 3255 1309 3312 tros,
1336 3261 1383 3299 non

301 3334 394 3384 vident
409 3348 504 3398 parum
523 3336 700 3396 concinnam,
727 3338 810 3385 immo
827 3333 967 3385 ridiculam
985 3347 1045 3384 esse
1063 3333 1238 3384 sententiam:
1271 3335 1384 3384 «Novem

302 3431 351 3481 ego
369 3417 461 3468 bibam
479 3419 607 3480 cyathos,
627 3420 676 3470 etsi
693 3418 778 3483 probe
796 3419 853 3469 scio
871 3418 972 3468 Gratias
990 3418 1061 3481 ipsas
1079 3415 1185 3480 (quihus
1202 3417 1262 3479 quis
1280 3414 1384 3466 undem

302 3503 385 3564 msms
402 3501 590 3564 obtemperare
608 3500 690 3551 debet
706 3515 788 3566 quam
804 3501 913 3566 poetai)
930 3503 1040 3562 vetare,
1060 3513 1094 3550 ne
1112 3500 1258 3550 ternarium
1276 3497 1384 3562 cyatho·

301 3595 361 3633 mm
379 3597 521 3635 numerum
538 3585 717 3646 excedamus,
743 3584 824 3636 nihilo
841 3585 930 3635 secius
947 3597 1010 3647 ego,
1037 3583 1119 3633 otiam
1141 3583 1259 3632 rixarum
1276 3581 1383 3632 minime

301 3667 439 3728 metuens,
465 3667 563 3731 largius
579 3683 623 3718 me
641 3668 776 3731 invitabo,
798 3667 928 3732 quidquid
945 3666 1007 3718 inde
1033 3665 1095 3717 mali
1121 3667 1247 3716 orietur.»
1288 3666 1383 3725 Quam·

301 3761 382 3812 quom
409 3752 601 3802 recentioribus
631 3753 658 3802 lo
683 3755 739 3803 tam
765 3753 832 3802 mira
861 3752 1027 3816 expositione
1057 3751 1178 3815 praeisse
1203 3749 1310 3799 videtur
1333 3747 1383 3796 ism

301 3833 432 3884 Ausonius
458 3834 485 3883 in
502 3835 610 3898 Grospho
637 3836 744 3885 ternarii
771 3836 875 3886 numeri
893 3833 968 3898 idyll.
989 3835 1044 3895 tt.,
1075 3845 1157 3897 quem
1178 3833 1229 3884 hac
1253 3831 1343 3896 ecloga
1359 3830 1382 3878 iu

301 3915 413 3966 Praetat.
433 3917 531 3968 diserte
549 3921 698 3968 memorata
714 3919 753 3969 sic
779 3919 886 3982 incipit:
918 3918 964 3968 ior
986 3917 1039 3967 lille
1060 3917 1100 3967 oct
1119 3917 1207 3966 totiens
1228 3921 1326 3965 mmor:
1352 3911 1384 3961 ric

300 4001 460 4063 masticatos
470 4006 513 4052 est.
533 4001 610 4061 Quod
621 4004 712 4052 autem
724 4004 886 4052 Graecorum
897 4004 1038 4067 poetarum
1048 3999 1122 4052 locos
1134 3997 1277 4066 appeliant,
1293 3995 1383 4062 quihus

301 4086 369 4136 intra
386 4086 492 4135 tertium
504 4084 630 4149 poculum
642 4084 789 4138 subsistere
800 4085 937 4144 iubemur,
958 4083 1020 4135 nihil
1037 4084 1142 4146 attinet,
1161 4096 1224 4136 cum
1242 4079 1300 4132 talia
1313 4077 1383 4144 (nilo

301 4169 369 4222 meri
387 4181 449 4220 curn
467 4182 535 4232 aqua
554 4168 684 4220 miscendi
701 4168 837 4235 multiplex
855 4169 926 4234 apud
943 4169 1039 4220 Athen.
1059 4168 1099 4219 to.
1121 4180 1147 4231 p.
1165 4165 1222 4218 tro.
1236 4177 1311 4229 seqq.
1323 4159 1382 4211 ἴσθ’

301 4251 368 4321 ἴσῳ,
393 4254 476 4306 πέντε
498 4253 547 4304 καὶ
567 4248 637 4317 δύο,
656 4253 776 4324 τέτταρα
791 4250 923 4316 καὶδύο,
942 4247 1016 4303 κατὰ
1032 4248 1086 4304 oio
1103 4250 1152 4302 καὶ
1168 4252 1245 4321 τρεῖς
1261 4241 1381 4318 ἀκράτου
