2998 4980
506 477 566 526 uin.
586 477 604 524 i.
641 477 670 526 C.
688 477 740 526 XV.

436 743 805 803 excutietis

529 877 565 932 acl
587 876 620 934 C.
642 875 706 932 XV.

146 1005 196 1056 llac
212 1005 263 1056 ode
281 1003 472 1069 Bacchylidem
489 1006 621 1066 imitatum
645 1019 708 1057 nam
732 1009 762 1056 ut
781 1005 824 1058 ille
842 1005 1021 1060 Cassandram
1038 1008 1100 1059 tacit
1115 1022 1163 1059 va-

90 1088 179 1138 ticinari
199 1089 286 1140 littura
306 1087 372 1140 belli
394 1091 513 1151 Troiani,
537 1092 573 1140 ita
595 1090 639 1140 hic
663 1092 788 1140 Nereum.
823 1093 946 1142 Peneum.
981 1091 1049 1142 Nihil
1072 1095 1163 1142 autem

91 1173 185 1234 pmeter
198 1174 314 1224 vaticinii
332 1173 446 1224 termam
464 1187 607 1224 commune
625 1173 706 1224 luisse
724 1175 834 1224 carmini
845 1173 1023 1236 Bacchylideo
1035 1189 1097 1225 cum
1109 1176 1164 1225 ilo-

90 1255 178 1304 retiano
194 1256 377 1306 confitendum
395 1259 450 1319 est,
475 1258 497 1308 si
520 1259 611 1308 tamen
633 1256 702 1308 illius
724 1271 787 1322 pars
804 1271 834 1308 re
853 1271 917 1308 vera
935 1259 982 1309 luit
998 1260 1101 1322 Fregm.
1120 1260 1161 1310 29.

90 1337 162 1401 Bergk
176 1353 202 1404 p.
221 1339 285 1391 828:
300 1331 343 1391 'o
360 1337 455 1412 Τρῶες
468 1333 636 1412 Ἀρηΐφιλοι,
655 1337 726 1404 Ζεδς
743 1335 909 1406 δψιμίδων,
928 1336 962 1404 ὃς
973 1333 1088 1392 ἅπαντα
1104 1340 1164 1414 δέρ-

89 1435 170 1484 κεται,
188 1417 248 1474 Oris
265 1420 358 1486 αἴτιος
373 1423 493 1487 θνατοῖς
509 1421 642 1491 μεγάλων
659 1419 766 1485 ἀχέων·
785 1418 846 1474 ἄλλ’
864 1424 895 1477 ἐν
911 1427 992 1492 μέσῳ
1009 1432 1101 1476 κεῖται
1117 1443 1162 1478 κι-

89 1511 140 1563 χεῖν
154 1504 249 1557 Πᾶσιν
266 1502 450 1579 ἀνθρώποισι
466 1507 556 1559 Δίκαν
574 1503 674 1571 ὁσίαν,
698 1504 805 1577 ἁγνὰν,
829 1503 978 1574 Εὐνομίας
997 1503 1163 1562 ἀκόλουθον

89 1590 127 1638 καί
142 1588 260 1654 πινυτᾶς
278 1587 410 1656 Θέμιδος·
427 1583 550 1652 Ὀλβίαν
568 1590 667 1655 παῖδές
683 1609 727 1642 νιν
744 1587 876 1663 εὑρόντες
894 1589 1041 1644 σύνοικον.
1062 1621 1090 1630 -
1109 1596 1162 1645 Ce-

91 1675 160 1725 lerum
176 1675 264 1726 Nereo
284 1675 367 1739 (culus
386 1689 486 1728 nomen
504 1676 615 1726 ductum
634 1675 668 1726 ab
681 1676 733 1727 adi.
747 1673 851 1748 νηρός,
869 1673 970 1748 ναρός,
988 1679 1094 1742 (tuum,
1113 1677 1163 1728 ltu-

92 1759 163 1820 oue,
180 1761 290 1824 proprie
308 1759 438 1822 significat
457 1759 647 1835 Warremnaon)
664 1761 827 1812 vaticinandi
847 1763 938 1826 partes
955 1777 970 1813 a
987 1765 1067 1827 poeta
1084 1762 1162 1813 datae

91 1843 148 1902 sunt,
177 1844 311 1906 quatenus
339 1844 538 1907 antiquissimus
567 1843 673 1895 habitus
702 1847 744 1896 est
766 1845 835 1894 inter
857 1844 922 1896 deos
945 1845 1039 1906 maris,
1064 1844 1161 1910 quibus

89 1927 178 1976 omuino
202 1925 364 1976 vaticinandi
384 1927 507 1990 peritiam
529 1929 624 1991 poetae
647 1927 840 1991 attribuebant,
863 1928 944 1979 veluti
965 1931 1061 1980 Proteo
1083 1930 1159 1982 llum.

88 2007 124 2057 ol.
139 2007 166 2070 δ,
185 2006 244 2060 asi.
265 2013 292 2060 et
312 2010 382 2073 Virg.
402 2012 447 2060 Ge.
467 2009 495 2072 ό,
515 2011 588 2072 387.,
614 2010 711 2061 Glauco
734 2013 823 2077 Eurip.
849 2013 933 2063 Orest.
958 2012 1020 2064 aei:
1044 2013 1162 2083 Νηρέως

87 2089 226 2162 προφήτης
242 2089 382 2156 Γλαῦκος.
402 2095 429 2144 et
445 2092 528 2158 Apoll.
546 2096 607 2158 Arg.
627 2097 655 2156 l,
675 2095 751 2146 teto:
775 2095 874 2145 Τοῖσιν
890 2093 921 2146 δὲ
943 2095 1074 2160 Γλαῦκος
1090 2095 1161 2170 βρυ-

85 2177 139 2240 χίης
160 2172 234 2240 ἁλός
259 2173 442 2242 ἐξεφαάνθη,
460 2175 579 2248 Νηρῆος
595 2177 689 2230 θείοιο
707 2176 922 2250 πολυφράδμων
935 2173 1097 2246 ὑποφήτης.
1117 2178 1161 2244 (ὃς

84 2258 243 2322 μαντεύεται
254 2257 349 2311 πάντα
360 2259 461 2324 φαῦλα
477 2262 548 2325 apud
566 2261 652 2312 Schol.
670 2261 734 2312 Plat.
747 2277 773 2327 p.
788 2263 844 2313 938.
881 2263 928 2313 Ed.
942 2267 1061 2325 nostrae,
1083 2277 1161 2329 pror-

85 2355 121 2395 sus
135 2349 161 2396 nt
175 2347 223 2396 liic
241 2345 362 2410 Nereus)
397 2345 472 2395 Adde
490 2344 524 2395 de
542 2345 594 2396 hoc
611 2345 663 2396 deo
676 2346 783 2396 Hesiod.
797 2347 894 2409 Theog.
908 2346 965 2398 233.
1001 2345 1084 2411 Apoll.
1097 2351 1159 2412 Arg.

84 2425 167 2488 lille
185 2428 233 2482 ἐνί
251 2425 347 2496 πόντῳ
358 2427 476 2496 Αἰγαίῳ,
494 2425 560 2480 τόθι
577 2430 630 2501 πέρ
646 2443 677 2480 τε
694 2426 781 2496 δόμοι
792 2428 909 2501 Νηρῆος
928 2423 1018 2482 ἔασιν.
1054 2431 1161 2483 Dictum

85 2510 148 2564 huius
171 2509 272 2565 ἁλίοιο
288 2514 432 2584 γέροντος,
452 2527 484 2565 ex
502 2512 624 2578 cyclica,
643 2515 673 2563 ut
689 2513 817 2576 arbitror,
836 2513 924 2578 aliquo
941 2519 1021 2579 poeta
1037 2517 1158 2578 petitum,

85 2601 201 2648 memomt
217 2597 293 2648 Pind.
311 2598 389 2660 Pyth.
407 2598 436 2660 s,
454 2597 494 2648 si.
515 2625 544 2634 —
562 2597 781 2648 vaticinationem
799 2601 889 2648 autem
907 2600 967 2649 ideo
985 2599 1035 2648 diis
1053 2601 1160 2652 marinis

85 2677 191 2732 tribuisse
208 2681 336 2732 videntur
355 2681 437 2744 prisci
458 2681 594 2744 hominm,
620 2682 700 2732 etiam
722 2683 846 2732 Germani
871 2682 1023 2746 (recordare
1040 2683 1160 2746 Virgines

85 2759 130 2813 illes
144 2763 283 2816 fluviatiles
301 2765 327 2814 ln
344 2763 557 2827 Nibelungiade)‚
584 2765 646 2829 qula
663 2767 759 2814 naulae
777 2765 915 2817 cotidianis
931 2765 1057 2829 periculis
1075 2779 1160 2831 expo-

85 2845 128 2908 siti,
152 2847 254 2913 singula
279 2849 468 2912 tempestatum
493 2849 567 2911 signa
588 2849 688 2898 attente
712 2847 899 2910 observantes,
925 2849 1004 2899 undis
1025 2863 1057 2900 ae
1073 2851 1160 2901 ventis

85 2940 151 2981 voees
172 2932 276 2982 divinas
300 2933 327 2980 et
347 2931 423 2994 quasi
445 2931 551 2982 oracula
575 2932 735 2983 tribuebant.
761 2960 789 2970 -
809 2931 973 2996 Singularem
990 2933 1068 2983 Nerei
1089 2947 1159 2997 equo

86 3013 171 3065 nanno
188 3016 261 3066 vecti
279 3015 421 3078 imaginem
437 3015 549 3078 praebet
561 3017 680 3066 Gerhard
700 3018 841 3081 Vorenpern.
855 3017 884 3065 T.
897 3017 921 3066 8.
952 3005 1026 3066 idem
1039 3015 1159 3076 Peleum‚

85 3093 206 3152 thetidem
220 3099 288 3148 dum
300 3099 380 3163 rapit,
398 3098 517 3162 intuens,
539 3111 621 3150 senex
634 3097 738 3162 calvus,
756 3099 899 3161 barbatus,
918 3100 1066 3163 scipionem
1078 3112 1160 3148 manu

86 3179 177 3243 teneas,
197 3184 242 3234 est
258 3181 329 3245 apud
347 3180 570 3233 Raoul-llochette
587 3184 656 3234 Mon.
675 3183 741 3232 ιάίδ.
760 3184 779 3232 1.
793 3184 821 3232 T.
834 3184 859 3232 t.
881 3210 909 3218 -
927 3183 999 3233 llere
1015 3185 1057 3232 est
1068 3184 1159 3232 autem

88 3259 138 3314 haee
149 3265 300 3327 φαντασία
311 3263 408 3327 lyrica,
427 3279 460 3315 ex
471 3269 573 3317 Graeco
584 3265 672 3330 eliquo
685 3266 803 3316 carmine
816 3265 909 3326 ducta;
928 3266 1083 3329 neutiquam
1094 3279 1159 3315 vero

87 3342 192 3410 elegeris
213 3349 250 3400 de
272 3351 384 3398 Antonio
406 3351 433 3400 et
456 3349 609 3415 Cleopatra,
637 3353 666 3401 ut
691 3349 834 3400 arbitratus
857 3352 898 3400 est
920 3347 1065 3400 Scholiasta
1088 3348 1159 3414 apud

87 3425 264 3495 l'anderbourg
285 3434 303 3482 l.
321 3446 348 3496 p.
367 3432 424 3484 eei.
450 3433 582 3485 bandinus
605 3436 632 3484 et
651 3433 753 3484 Weber
774 3434 860 3484 Horas
880 3447 907 3498 p.
929 3433 985 3482 ll8.
1005 3445 1093 3496 neque
1110 3447 1160 3497 per

86 3507 152 3565 ullam
167 3515 292 3580 dilogiam
309 3517 336 3567 ln
353 3518 536 3568 transversum
548 3519 624 3569 actus
636 3519 771 3582 egregium
783 3518 835 3568 boo
848 3513 987 3567 εἰδόλλιον
999 3518 1157 3582 composuit.

87 3593 153 3659 Quid,
171 3600 244 3664 quod
266 3599 373 3650 amabat
393 3601 559 3664 huiusmodi,
584 3604 616 3652 ut
631 3603 667 3652 ita
685 3602 786 3662 dicam,
810 3602 927 3665 picturas
949 3599 1157 3664 mythologice,

86 3678 109 3725 il
121 3685 177 3733 sunt
192 3678 404 3748 liypermnestm
423 3684 455 3748 [3,
474 3685 524 3750 tt.)
545 3688 572 3736 et
587 3687 693 3750 Europa
711 3685 743 3749 (3,
762 3685 833 3747 till
852 3686 879 3735 in
896 3683 993 3748 quibus
1011 3683 1080 3734 nulla
1092 3697 1156 3735 sane

87 3762 119 3810 est
132 3763 260 3832 allegoria.
277 3796 306 3804 -
325 3769 529 3834 Compositionie
544 3772 651 3833 tempus
662 3768 766 3819 deliniri
777 3783 832 3820 non
843 3770 939 3834 potest.
964 3767 1086 3820 Nonnulli
1097 3767 1159 3818 alle·

87 3847 172 3904 tillium
189 3849 260 3904 illam
277 3851 391 3917 amplexi
408 3851 528 3905 relemnt
543 3853 579 3904 ad
595 3865 619 3902 a.
638 3865 664 3903 u.
684 3866 707 3904 c.
729 3852 786 3904 723.

498 4081 728 4106 Q
