3014 4978
489 477 547 526 ΗΒ.
565 477 608 526 Ν,
645 477 674 527 C.
693 477 734 527 lV.

320 633 423 699 Dente
445 652 529 697 novo
551 631 694 719 peritura
717 633 811 699 vidit:

238 791 353 857 Videre
376 791 482 858 Raetis
504 788 589 857 bella
611 791 672 857 sub
694 788 828 879 Alpibus

236 914 377 977 Drusum
399 920 564 999 gerentem
586 911 759 990 Vindelici3
781 950 824 960 —
846 911 964 999 quibus

282 1033 350 1098 llos
374 1032 460 1098 unde
482 1031 641 1100 deductus
663 1052 723 1119 per
746 1053 841 1098 omne

321 1157 462 1240 Tempus
483 1153 656 1218 Amazonia
678 1154 785 1220 securi
1156 1159 1197 1221 20

181 1345 219 1394 46.
237 1344 303 1394 oidet
319 1343 345 1394 d.
366 1369 394 1380 -·
421 1344 461 1392 ll.
480 1343 552 1393 Raeti
568 1341 644 1393 libro
661 1345 689 1392 et
705 1355 774 1392 corr.
793 1344 823 1406 S,
848 1345 917 1394 lietii
934 1344 965 1406 d,
989 1345 1076 1396 Rhoeti
1097 1347 1164 1397 Pott.

150 1430 257 1480 omnes,
286 1419 347 1469 LCt.
375 1417 469 1482 (Raetis
493 1419 610 1482 primum
626 1415 710 1467 Beutl.
731 1418 814 1478 coni,
846 1421 940 1482 postea
957 1421 1077 1484 repperit
1094 1420 1166 1471 idem

149 1493 292 1544 coniecisse
309 1493 339 1543 N.
358 1493 513 1552 Heinsium,
541 1493 568 1541 et
584 1485 769 1555 babuissepr.
788 1507 823 1552 κ,
851 1493 915 1542 item
933 1493 1085 1558 uexempur
1102 1497 1165 1545 liot-

150 1567 327 1633 tendorphii»;
346 1581 378 1618 ac
389 1579 453 1617 saue
466 1568 501 1618 ita
513 1580 553 1631 pr.
568 1568 594 1627 S,
613 1567 681 1616 Feae
692 1579 732 1630 pr.
748 1566 793 1616 Vr.
807 1567 848 1628 ll.)
864 1593 891 1604 -
910 1567 950 1617 48.
964 1573 988 1618 el
1001 1569 1118 1618 Vindelici
1129 1585 1162 1629 ω,

149 1653 180 1690 ex
190 1639 246 1693 aliis
257 1643 333 1692 Torr.
356 1669 384 1679 -
406 1642 437 1692 48
448 1667 463 1678 -
473 1643 515 1692 m.
537 1642 584 1690 Vv.
599 1640 687 1703 quita
698 1667 713 1678 ·
724 1667 738 1678 -
749 1641 791 1691 sed
801 1644 928 1705 suspecta
941 1643 1057 1706 Guyeto,
1076 1645 1163 1704 lanio,

148 1716 263 1768 Webero
274 1756 280 1780 ,
293 1717 436 1778 hleineldo,
449 1716 574 1776 Frankio,
588 1714 654 1767 aliis.
674 1717 723 1777 Qui
736 1715 834 1780 delent,
853 1730 878 1766 v.
892 1719 933 1768 22.
947 1717 1068 1769 scribunt
1079 1724 1101 1769 et
1113 1720 1164 1768 dia.

120 1875 175 1925 ante
194 1875 343 1926 Bentleium
360 1876 443 1926 itastis
463 1875 558 1938 legisse
576 1876 639 1924 Sar·
671 1876 771 1938 paelice
787 1875 861 1926 ovid.
880 1875 941 1926 ller.
960 1875 988 1937 i,
1010 1877 1067 1926 tlt.
1095 1877 1201 1929 Curtius

120 1947 230 2000 hierium
247 1953 279 2012 4,
299 1951 326 2010 6,
349 1950 394 2000 30:
421 1953 537 2016 Patpnaw
558 1951 640 2000 Radia
676 1950 772 2012 6,lti.),
790 1950 857 2000 unm
870 1950 903 2000 sit
918 1951 1049 2010 deducitis,
1070 1964 1152 2015 quam
1164 1952 1199 2002 ob

120 2021 177 2072 helia
198 2025 242 2073 sub
263 2025 386 2089 Alpibtu.)
417 2052 443 2060 -
471 2025 637 2088 Quamquam
676 2037 786 2074 causam
803 2023 875 2087 apud
888 2025 1007 2074 eosiude
1022 2023 1056 2074 ab
1072 2027 1201 2090 antiquis-

121 2098 185 2148 Raeti
201 2101 269 2150 miro
288 2101 410 2150 acumine
422 2098 640 2161 Venderburgius
676 2099 750 2148 simis
768 2097 935 2162 temporibus
952 2097 1104 2160 invaluerit,
1124 2102 1202 2164 equi-

120 2171 206 2222 habuit
229 2187 282 2238 pro
308 2175 387 2237 genit.
412 2175 490 2237 sing,
516 2176 545 2223 ut
569 2173 641 2234 Alpes
676 2172 739 2222 dem
762 2172 920 2234 investigare
946 2172 1035 2223 adhuc
1056 2175 1200 2234 intermisi,

120 2247 184 2296 lioeti
199 2249 251 2298 siut
262 2247 344 2313 Alpes
355 2249 453 2298 veteris
470 2246 536 2298 iilius
551 2245 640 2296 herois
677 2259 765 2310 neque
784 2259 849 2296 vero
872 2246 898 2296 id
922 2259 1000 2309 curo,
1029 2247 1107 2298 inane
1130 2251 1201 2299 enim

120 2323 237 2384 mythici,
262 2322 298 2372 de
313 2336 367 2386 quo
378 2321 443 2372 Plin.
457 2323 488 2372 ll.
502 2323 533 2372 N.
546 2321 575 2381 3,
593 2321 638 2372 2οε
677 2321 728 2371 hoo
740 2322 809 2372 loret
820 2321 946 2382 studium,
964 2334 1026 2371 cum
1038 2321 1119 2372 multa
1130 2325 1203 2374 eius-

120 2395 202 2446 lloclos
228 2397 366 2446 litscormn
387 2397 485 2458 prolem
510 2395 641 2445 arbitron-
677 2395 749 2446 modi
773 2407 881 2460 semper
903 2409 952 2446 nos
973 2394 1072 2446 lateant
1089 2411 1201 2450 necesse

120 2473 169 2531 tar,
196 2485 213 2520 a
238 2472 321 2522 Gallis
342 2472 441 2534 pedica,
468 2471 529 2520 doce
554 2472 639 2521 liceto
677 2471 736 2520 sit.»
758 2497 784 2506 —-
800 2483 849 2532 per
867 2471 1065 2535 ornnelmipua]
1086 2487 1202 2537 «erquo

122 2543 155 2606 lla
176 2545 244 2597 hanc
269 2544 464 2608 Venderburgii
488 2543 642 2609 explicatio·
678 2557 725 2596 eos
747 2546 896 2596 novimus.»
931 2547 1016 2597 uinus
1037 2549 1110 2598 recte
1134 2561 1204 2599 non-

119 2631 187 2681 uem,
204 2624 262 2670 elus
274 2621 491 2684 interpretatione
504 2633 642 2684 nunquam
678 2618 741 2670 nulli
759 2618 937 2684 explicarunt:
963 2635 1027 2671 ocur
1044 2624 1117 2673 omni
1133 2627 1204 2673 mm-

120 2694 181 2756 sisa,
198 2695 293 2746 incidit
311 2696 392 2745 etiam
405 2697 504 2745 Guslav
520 2694 639 2755 Schwab,
678 2707 756 2758 pore,
776 2696 857 2745 etiam
874 2696 997 2759 lapsos,
1016 2695 1148 2759 bipennes
1160 2710 1204 2760 ge-

119 2770 235 2832 egregius
250 2772 343 2833 poeta,
356 2782 434 2819 meus
446 2771 556 2820 amicus.
574 2769 643 2819 Neu·
679 2771 774 2818 stent.»
784 2769 888 2818 Etenim
898 2769 1205 2832 iungendavvdcductm

119 2843 260 2895 tertamen
272 2843 360 2894 adhuc
374 2845 514 2908 persuasit.
538 2845 644 2893 boetus
675 2856 733 2906 per
749 2857 772 2892 o.
792 2847 810 2894 t.
831 2869 858 2878 -
877 2844 1018 2893 Amazonio
1034 2846 1123 2906 secari]
1146 2847 1205 2896 Non

119 2917 224 2979 quidem
244 2918 357 2968 heroem
375 2930 455 2968 nosse
472 2919 577 2981 poterat
589 2918 643 2967 llo·
679 2917 749 2966 inest
765 2917 791 2966 in
809 2916 851 2966 bis
867 2929 911 2966 vv.
923 2917 1000 2978 illud,
1019 2917 1092 2980 quod
1109 2931 1206 2982 reppe-

119 2993 209 3056 ratius,
223 2995 258 3043 ut
268 2993 341 3042 novit
351 2990 449 3042 Plinius
460 2991 477 3041 l.
490 2991 519 3052 l.;
533 2991 582 3042 sed
593 3004 643 3054 po-
679 2991 747 3041 risse
770 2990 821 3041 sibi
843 2991 893 3040 visi
916 2993 978 3042 sant
999 2991 1160 3042 scholiastae
1178 2995 1206 3042 et

119 3066 247 3132 sitioipsa
265 3079 317 3116 non
333 3065 421 3130 placet
436 3066 562 3116 licetiaab
573 3067 644 3127 Alpi·
680 3061 790 3116 Servius
805 3065 839 3114 ad
856 3067 921 3115 Aen.
942 3065 968 3126 l,
994 3065 1057 3116 etl:
1088 3067 1205 3116 Vindelici

122 3139 172 3200 bct,
183 3140 298 3203 ellouge
311 3139 492 3190 dillertl’accii
500 3141 641 3203 monoal-
680 3139 712 3188 ab
727 3138 896 3190 Amazonibus
912 3139 1035 3203 oripincm
1051 3141 1158 3204 ducum,
1176 3147 1206 3192 ut

121 3213 189 3280 bellu]
209 3217 250 3266 De
263 3216 389 3266 universo
400 3214 471 3266 bello
482 3216 589 3266 Raetico
607 3216 645 3265 in·
680 3216 756 3265 enom
786 3215 906 3264 Horatius
934 3215 993 3265 dicit
1022 3215 1122 3276 Quibus
1151 3219 1202 3267 cet.

118 3289 158 3337 tar
167 3291 332 3354 luter-protes
344 3303 424 3340 nemo
433 3293 494 3340 ante
504 3291 644 3340 l'ranlrium
682 3288 786 3353 (Gladiis
801 3288 909 3352 quidem
921 3291 1070 3341 Amazones
1086 3293 1206 3356 pugnant

119 3362 212 3415 melius
237 3365 361 3428 exposuit
378 3377 459 3427 quam
477 3365 539 3414 lani.
576 3364 643 3414 Vide
681 3365 708 3413 in
729 3365 795 3414 cista
816 3361 971 3414 Volcentina
991 3365 1062 3428 apud
1085 3366 1206 3416 Gerberd

119 3437 226 3489 Excurs.
250 3440 269 3487 l.
288 3439 315 3488 in
333 3437 385 3488 line
404 3439 483 3489 bailus
502 3439 642 3489 Carminis.
679 3439 735 3488 Etr.
755 3438 853 3502 Spiepel
869 3439 897 3487 T.
916 3438 962 3498 ll.;
980 3437 1146 3501 frequentius
1163 3441 1205 3490 ta·

151 3513 262 3563 l8-20.
291 3514 433 3563 ormon-
451 3514 644 3564 Vindelici---
680 3525 744 3562 men
772 3514 798 3562 in
827 3513 942 3575 antiquis
969 3513 1150 3565 marmoribus
1180 3517 1207 3564 et

118 3587 205 3650 secari]
223 3587 311 3651 ipsius
328 3589 407 3638 Drusi
424 3586 540 3651 gladium
557 3589 645 3638 bono·
679 3588 790 3650 picturis
808 3586 949 3638 securibus
965 3589 1090 3648 utuntur,
1108 3591 1139 3638 ut
1155 3589 1207 3641 An-

119 3661 231 3724 rarium,
258 3659 354 3712 saltem
376 3663 499 3725 vaginam
521 3664 578 3714 eius
599 3675 645 3713 ar·
680 3663 749 3726 tiopa
776 3660 847 3724 apud
873 3659 1005 3724 lilillingen
1033 3662 1107 3712 [laed.
1134 3665 1203 3714 Mon.

119 3738 256 3797 geoteam,
285 3737 434 3786 Vindelicioe
455 3737 531 3788 basta
556 3739 583 3788 et
605 3738 644 3787 bi-
679 3738 698 3786 4.
717 3738 746 3786 Τ.
766 3735 806 3786 49.
826 3736 853 3785 iu
868 3737 934 3786 uta.
953 3735 1061 3787 Borion.
1080 3737 1122 3787 Vl.
1142 3739 1170 3787 T.
1189 3739 1206 3790 3

117 3811 191 3869 panni
208 3813 328 3862 armatae
346 3811 432 3876 elligie
450 3811 560 3877 aliisque
580 3827 645 3864 cae·
680 3813 708 3862 ei
724 3813 748 3862 li.
767 3811 887 3862 Gerbard
913 3813 1016 3876 Vosenp.
1041 3813 1072 3863 ll.
1092 3811 1119 3862 Τ.
1140 3813 1204 3875 Cli,

119 3880 209 3935 laturis
221 3886 409 3949 conspicuam,
429 3888 585 3950 hlagontiaci
597 3901 645 3937 nu·
680 3889 744 3937 item
760 3887 833 3937 haud
844 3900 905 3937 raro
918 3889 943 3938 in
958 3889 1074 3939 nummis
1086 3889 1202 3940 Graecis.

119 3967 166 4019 per
177 3970 240 4008 esse
252 3961 388 4023 repertam
400 3959 491 4011 docuit
504 3961 527 4012 J.
542 3963 644 4012 Becker
680 3961 733 4012 Clr.
753 3963 854 4012 liasche
872 3963 959 4013 Lexic.
978 3963 997 4012 l.
1015 3975 1042 4026 p.
1062 3962 1118 4012 502.
1142 3961 1204 4012 Pul-

119 4029 144 4079 in
160 4031 276 4083 Zeitacltr.
295 4033 454 4096 4444444440.
482 4035 535 4086 vn.
555 4050 581 4101 p.
596 4036 639 4086 434
679 4038 840 4088 cherrimam
857 4038 998 4088 Amazonis
1010 4037 1139 4097 statuam,
1159 4037 1204 4085 Sa-

119 4115 195 4168 seqq.
212 4132 240 4141 -·
253 4107 341 4168 putiau
357 4108 420 4173 cet]
438 4123 569 4173 «quorum
583 4123 643 4160 mos
678 4111 776 4163 lamine
787 4115 939 4176 repertam,
957 4111 1018 4162 vide
1036 4113 1061 4162 in
1073 4111 1204 4161 Collection

119 4178 145 4227 in
160 4179 268 4242 proeliis
280 4194 388 4247 semper
399 4183 539 4235 securibus
551 4184 643 4236 utendi
680 4187 853 4248 d'cctiqaites,
876 4188 919 4248 poi
934 4187 1101 4248 composcient
1118 4185 1140 4234 te
1156 4197 1202 4234 ca-

120 4251 356 4314 (quemadmodum
378 4256 513 4320 solebant,
543 4261 573 4309 ut
589 4261 644 4309 tra-
678 4260 743 4310 biset
763 4261 798 4310 da
814 4261 842 4310 Β.
863 4263 893 4311 de
913 4260 1078 4323 Smckelherp.
1108 4260 1203 4310 Dresde

119 4325 185 4378 dunt
195 4332 303 4393 poetae,
317 4333 475 4396 Amazones,
487 4335 645 4398 tecaiiperoo
680 4335 751 4386 4837.
770 4348 796 4398 p.
816 4335 850 4396 6.)

205 4419 296 4468 licam.
314 4435 369 4470 rou.
387 4425 404 4470 l.
434 4437 474 4472 sa.
490 4437 568 4474 aaron
585 4426 620 4472 lll.
974 4427 1002 4473 35
