2986 4974
715 463 842 514 nonant
861 460 1030 511 Caeninum
1110 481 1112 484 ·

669 619 814 687 Dedecet
835 618 880 684 uti

431 814 436 822 =
500 781 653 857 Vocibus,
679 799 813 866 regnum
836 787 868 842 et
890 774 1041 841 diadema
1063 779 1165 837 tutum

499 904 655 970 Deierens
677 901 732 966 un'i
754 898 984 986 propriamque
1008 889 1148 966 laurum,

499 1024 653 1111 Quisquis
675 1023 821 1110 ingentes
847 1018 941 1085 oculo
966 1019 1119 1083 inretorto

668 1144 798 1230 Spectat
822 1161 966 1208 acervos.

1253 1001 1255 1010 ⁴
1269 1017 1278 1052 t

395 1331 434 1381 tt.
455 1328 560 1391 tripentis
576 1327 620 1376 Bc.
643 1353 670 1360 -
690 1325 811 1372 inretorto
828 1320 912 1371 Codd.
933 1321 1000 1376 mei,
1020 1321 1101 1368 etiam
1118 1317 1148 1366 d:
1169 1318 1286 1367 irretorto
1303 1317 1346 1368 ut.

328 1491 422 1550 docet,
449 1488 529 1550 idque
553 1485 681 1536 iudicium
704 1481 853 1532 uttandem
889 1491 938 1530 vos
955 1479 1126 1542 respecturos
1144 1475 1212 1526 iorct
1229 1489 1328 1540 eosque
1345 1474 1404 1538 iegi-

328 1566 440 1616 missum
461 1563 552 1622 iaciat,
578 1558 697 1611 suadet.»
735 1555 852 1619 (Etenim
890 1555 954 1604 timo
971 1551 1120 1616 possessori
1138 1550 1294 1602 invideret.»
1317 1553 1404 1600 stirac-

328 1640 371 1689 hic
402 1651 508 1702 quoque
537 1635 636 1686 dedocet
659 1644 737 1684 suam
753 1630 853 1694 signiti—
890 1640 984 1677 corum
1010 1627 1051 1677 est
1072 1619 1291 1695 ἀμεταστρεπτί.
1327 1624 1404 1688 (Plato

327 1713 460 1764 nationem
476 1713 573 1761 retinet
584 1722 635 1759 neo
646 1705 800 1770 simpliciter
812 1707 853 1756 est
889 1702 923 1752 de
952 1703 1030 1764 Legg.
1061 1701 1090 1762 9,
1120 1699 1176 1751 att.
1205 1702 1250 1750 C.:
1280 1695 1331 1762 τὰς
1356 1697 1404 1748 τῶν

328 1786 418 1850 docet.)
458 1783 608 1836 Recordare
638 1783 681 1831 hic
707 1778 769 1830 iliud
796 1782 852 1832 Me·
889 1773 986 1826 κακῶν
1010 1772 1166 1840 ξυνουσίας
1190 1771 1280 1842 φεῦγε
1307 1769 1405 1840 ἀμετα-

328 1861 421 1912 nandri
447 1859 517 1922 apud
541 1856 618 1924 Piut.¹
633 1855 667 1905 de
692 1854 754 1904 aud.
778 1857 850 1918 poet.
889 1850 1182 1922 orpsrrrt.)Etficecior
1202 1853 1338 1901 autemst
1356 1849 1404 1900 eri-

327 1951 353 2000 p.
382 1935 422 1984 93.
445 1935 543 1995 wytt:
565 1924 661 1990 ’Ἔχων
686 1928 717 1980 δὲ
742 1925 852 1994 πολλὴν
889 1927 994 1977 dentior
1013 1927 1055 1975 cst
1074 1926 1176 1988 imago,
1201 1938 1284 1988 qrram
1303 1924 1405 1988 praebet

328 2003 433 2060 oriatur
445 2008 494 2056 καλ
506 2002 645 2067 πλούσιος
657 2001 784 2068 Καλοῦμ’
794 1999 851 2053 ὑπὸ
889 2003 974 2053 ocutus
983 2001 1127 2060 inretortus,
1141 2013 1235 2063 quam:
1251 2013 1320 2049 anon
1331 2001 1405 2049 uuus·

329 2079 455 2144 ντάντων,
473 2077 616 2150 μακάριος
627 2078 651 2129 δ’
664 2075 710 2130 ὑπ’
724 2075 849 2141 οὐδενός.
889 2089 996 2137 versus,
1009 2089 1063 2126 non
1075 2073 1179 2124 limus.»
1200 2072 1317 2136 (ioculo,
1333 2085 1404 2138 mem

360 2161 402 2209 at.
424 2158 534 2222 Vocidrn]
552 2155 671 2220 Thucyd.
685 2157 714 2215 3,
733 2155 780 2206 82:
799 2150 852 2219 τὴν
890 2165 943 2200 uon
960 2151 1118 2212 retorquent
1135 2149 1162 2198 in
1178 2161 1208 2198 se
1228 2148 1341 2211 (Quintil.
1360 2149 1405 2198 De-

328 2233 464 2286 εἰωθνϊαν
487 2227 608 2298 ἀξίωσιν
625 2229 682 2281 τῶν
700 2225 853 2296 ὀνομάτων
890 2224 967 2275 ctam.
986 2225 1015 2286 8,
1034 2223 1079 2286 8.),
1099 2236 1152 2272 nou
1170 2225 1279 2286 captum
1291 2223 1364 2286 quusi
1378 2233 1404 2270 ac

327 2309 358 2373 ἐς
374 2305 410 2360 τὰ
422 2303 491 2380 ἔργα
502 2302 683 2373 ἀντήλλαξαν
693 2303 728 2376 τῇ
741 2300 854 2356 dramni-
892 2300 975 2350 fixum
991 2299 1083 2349 tenent
1099 2297 1214 2347 acervi.»
1233 2297 1337 2360 Reduc.)
1364 2297 1404 2357 Qui

329 2399 382 2435 σει.
403 2383 454 2434 Sal.
468 2381 543 2433 Catii.
557 2384 603 2431 52:
623 2382 854 2442 iuntpridom-nos
890 2375 929 2425 sio
958 2370 1101 2436 explicant:
1135 2373 1269 2436 inretorto]
1301 2371 1403 2425 «firmo.

327 2473 390 2508 vcra
405 2471 492 2507 rorum
507 2456 630 2505 cocubalo
649 2456 785 2504 amisimus.
890 2449 978 2510 recto,
997 2441 1095 2509 ἀτενὲς
1105 2443 1268 2508 βλέποντι»,
1288 2460 1341 2498 nou
1352 2445 1405 2497 satu

362 2533 403 2582 να.
420 2532 602 2594 propriamque
619 2529 729 2593 tuorum]
752 2531 782 2578 ut
799 2529 851 2578 Sat.
890 2523 1039 2586 cogitarunt
1049 2521 1195 2572 admodum
1204 2520 1344 2572 ridiculam
1354 2532 1404 2570 esse

328 2608 353 2668 2,
367 2607 395 2667 6,
414 2609 442 2655 t:
458 2606 568 2668 propria
577 2619 692 2654 munna.
717 2601 854 2654 Deciamu-
889 2599 1015 2662 sapientis
1041 2597 1172 2648 eiusmodi
1198 2596 1282 2648 oculis
1309 2597 1406 2646 thesau-

329 2683 371 2731 tor
387 2682 450 2744 post
466 2679 523 2729 red.
537 2679 633 2729 inSen.
648 2678 672 2741 g.
684 2677 740 2728 to:
759 2678 854 2728 stittud
889 2686 934 2723 ros
952 2673 1009 2722 sine
1028 2671 1080 2722 ulia
1097 2674 1188 2722 tamen
1201 2671 1406 2734 cupiditatespe

328 2768 486 2817 --peremte
503 2768 534 2804 cc
547 2755 682 2816 proprium
697 2765 854 2815 nroncropo-
890 2748 984 2798 eteritis
1001 2747 1153 2810 imaginem.
1189 2746 1315 2798 Similiter
1325 2748 1354 2796 ut
1363 2745 1406 2794 iio

328 2830 419 2880 tuissct.
439 2829 510 2892 Virg.
529 2829 594 2878 nen.
614 2828 642 2888 3,
661 2829 708 2879 85:
732 2829 853 2890 Dapro-
889 2824 971 2872 ratius
997 2823 1124 2884 Synesius
1150 2822 1183 2872 de
1209 2822 1300 2885 Regno
1324 2835 1349 2886 p.
1370 2817 1403 2868 tt.

325 2905 427 2968 puero,
456 2900 619 2965 namot-an,
646 2904 747 2953 deman
763 2929 777 2940 -
794 2907 854 2952 -et
889 2895 1405 2960 Krabtng.,uterquetonusseexcraeco

327 2991 477 3029 merneram
492 2978 587 3028 urban.
623 2980 669 3029 Est
684 2991 760 3041 ergo:
781 2977 854 3028 ‹ilau-
891 2971 962 3020 tonte
974 2972 1132 3034 antiquiore,
1152 2971 1185 3020 de
1198 2973 1307 3022 homine
1319 2972 1405 3022 iniusto

327 3067 387 3104 rum
406 3055 560 3105 manentem
571 3055 651 3117 atque
664 3055 791 3110 certamin
810 3065 855 3102 00-
890 3048 970 3109 atque
988 3059 1081 3095 avaro:
1108 3040 1162 3096 οὐκ
1180 3043 1259 3109 εἰκός
1276 3061 1309 3114 γε
1325 3039 1405 3096 αὐτὸν

328 3141 409 3178 rouae
430 3130 521 3178 autem
544 3125 651 3178 laureae
675 3139 769 3190 regum
789 3127 855 3178 insi·
890 3117 1065 3192 διαράμενον
1075 3119 1233 3192 βλοσυροϊς
1245 3117 1405 3186 ὀφθαλμοῖς

329 3205 396 3266 guia.
432 3205 487 3254 lam
505 3204 654 3254 Stoicorum
675 3204 732 3252 erat
748 3202 855 3252 senten·
890 3189 1066 3260 ἀντιβλέψαι
1092 3199 1217 3268 χρυσίῳ·
1246 3192 1405 3249 τούναντίον

329 3279 364 3328 tia
392 3291 484 3340 regem
510 3291 570 3328 esse
595 3289 680 3328 unum
705 3277 854 3340 sapientem
890 3271 945 3339 μὲν
967 3268 1139 3337 αἰδεσθῆναι
1161 3287 1192 3323 τε
1214 3273 1266 3324 καὶ
1284 3269 1405 3324 ἐνδοῦναι

330 3350 403 3401 iilum
419 3351 578 3415 perfeetum,
598 3364 679 3415 quem
697 3352 785 3401 animo
804 3350 855 3402 sibi
891 3348 941 3398 καλ
974 3344 1147 3398 τελευτῶντα
1175 3343 1403 3419 respondeantur.

330 3424 510 3474 informarunt.
892 3423 944 3473 Cir.
964 3423 1045 3472 etiam
1056 3423 1162 3472 Luciau.
1176 3423 1270 3474 Piscut.
1284 3422 1329 3474 to:
1348 3432 1407 3488 xpo

362 3497 404 3548 23.
423 3497 552 3564 inretorto]
572 3499 696 3563 «Sapiens
708 3498 776 3550 adeo
789 3513 855 3550 con·
891 3497 954 3560 θεὶς
971 3497 1092 3568 χρυσίον
1109 3497 1159 3548 καλ
1175 3493 1266 3562 δόξαν
1282 3498 1331 3548 καὶ
1348 3491 1405 3560 ἡδο

330 3573 425 3622 temnit
448 3574 605 3634 thesauros,
631 3585 718 3637 aequo
736 3575 763 3624 et
782 3576 855 3625 tran·
891 3568 955 3638 νήν,
974 3568 1008 3622 ὃν
1018 3565 1122 3636 μὲνοῖν
1133 3565 1230 3622 αὐτῶν
1241 3569 1305 3639 ἴδῃς
1316 3565 1406 3640 turpe»

330 3645 411 3711 quillo
439 3649 527 3697 animo
556 3661 603 3698 eos
634 3649 799 3712 praeteriens
828 3651 855 3699 et
891 3644 986 3719 ρῶντα
1012 3648 1062 3698 καὶ
1088 3642 1232 3712 μηδαμῶς
1257 3625 1404 3712 ἑλκόμενον

330 3720 437 3781 videns,
464 3723 547 3772 utne
571 3725 729 3786 retorquere
745 3724 854 3786 quidem
892 3718 964 3794 πρὸς
988 3719 1042 3788 τὴν
1068 3717 1154 3786 ὄψιν,
1182 3713 1270 3786 οὗτος
1294 3711 1403 3772 torui

331 3792 423 3845 oculos
441 3795 475 3846 ad
492 3794 550 3846 ilios
566 3797 645 3859 atque
664 3796 706 3846 vet
723 3811 774 3860 per
785 3799 854 3847 tern-
891 3796 930 3866 τῷ
947 3794 1045 3864 θαλλῷ
1063 3793 1258 3862 στεφόμενος·
1285 3792 1319 3847 ὃν
1335 3794 1357 3846 d'
1373 3786 1404 3841 ἂν

331 3868 402 3934 poris
425 3870 555 3932 puuctum
578 3883 625 3920 eos
648 3871 744 3921 intueri
761 3871 854 3935 digne·
890 3866 988 3934 ἀτενὲς
1005 3865 1209 3933 ἀποβλέποντα
1225 3873 1275 3924 καὶ
1291 3867 1342 3936 τὴν
1352 3873 1404 3929 χεῖ-

331 3947 389 4004 tur‚
408 3957 470 3995 cum
488 3944 613 3994 incensus
630 3945 773 4009 eupiditate
790 3959 854 3996 ava·
890 3962 929 4018 ρα
945 3941 1084 4017 ὀρέγοντα
1095 3947 1142 4000 ἐπὶ
1153 3943 1187 3998 τὸ
1198 3949 1328 4019 χρυσίον,
1339 3937 1405 3994 ἀνά·

331 4031 377 4070 rus
394 4019 539 4070 identidem
556 4032 588 4070 ac
605 4020 650 4069 diu
667 4020 701 4070 ad
713 4022 770 4071 auri
781 4035 856 4073 acen-
891 4035 950 4088 γειν
961 4018 1017 4093 χρὴ
1036 4021 1083 4074 ἐπὶ
1093 4019 1127 4072 τὸ
1140 4023 1305 4094 καυτήριον.

764 4234 984 4244 ——u--——-

765 4248 984 4258 ———-—-—-
