2986 4974
507 430 565 478 tiu.
586 430 603 478 i.
641 432 669 476 ll.
690 429 808 478 xxxvii.

420 890 655 952 cmm
685 889 901 950 xum·

285 1061 374 1126 Nunc
397 1070 446 1126 est
467 1059 659 1133 bibendum,
684 1080 768 1124 nuuc
793 1059 878 1144 pede
900 1057 1002 1125 libero

286 1181 448 1248 Pulsanda
470 1180 579 1256 tollae,
603 1201 687 1248 nuno
711 1180 886 1246 Saliaribus

351 1303 476 1369 Ornare
499 1301 646 1388 pulvinar
667 1301 803 1369 deorum

185 1501 302 1551 xxxvii.
338 1502 422 1550 inser.
442 1499 509 1562 vulg.
529 1501 566 1550 Ad
583 1502 685 1550 sodales.
708 1528 734 1534 —
753 1501 781 1548 lu
803 1501 909 1548 victorio
932 1501 1037 1564 Aupuati
1054 1503 1079 1551 S.
1097 1529 1122 1536 -
1141 1505 1170 1550 ln

125 1579 247 1626 uictoriam
263 1575 369 1640 Auyttslt'
385 1576 413 1624 Τ.

154 1755 269 1804 lllllivll.
298 1755 386 1802 Primo
405 1755 493 1802 statim
511 1753 545 1801 de
564 1751 640 1802 Cleo·
679 1753 768 1802 omnia
780 1750 992 1815 adCleopatram
1004 1751 1160 1802 referantur.
1175 1781 1199 1788 -

126 1834 208 1892 patrae
235 1827 322 1877 morte
348 1829 440 1877 nuntio
463 1830 574 1890 accepto
597 1839 642 1876 so-
679 1829 751 1876 Nooc
772 1832 808 1876 est
828 1827 965 1891 bibendam]
984 1829 1074 1876 «Nunc
1093 1826 1203 1876 demum

126 1903 192 1954 dales
204 1903 336 1960 hortatur,
356 1903 386 1950 ut
396 1903 466 1952 totos
478 1904 504 1952 in
515 1901 641 1952 laetitiam
679 1913 772 1952 rursus
778 1900 872 1951 bibere
880 1913 1038 1952 concessum
1045 1901 1201 1951 est.»Clr.v.

126 1989 151 2028 se
167 1977 314 2032 cllrmdant;
337 1977 371 2024 ita
388 1979 494 2035 tamen,
513 1978 544 2026 ut
560 1989 643 2039 gene·
679 1977 703 2025 a.
718 2003 744 2012 -
754 1976 982 2040 oorwperteltbcro]
992 1976 1094 2028 «Effusa
1106 1975 1202 2024 laetitia

126 2065 208 2102 rosum
229 2052 338 2114 reginae
359 2052 480 2102 animum
496 2052 553 2115 ipse
574 2063 643 2114 qno·
680 2051 758 2100 bodie
776 2053 901 2114 potemus
918 2054 946 2101 et
963 2049 1116 2102 saltemus.»
1144 2051 1204 2099 Ete-

126 2137 172 2188 qne
183 2125 249 2175 ultro
258 2128 387 2190 agnoscat
395 2129 475 2189 atque
485 2125 640 2174 admiretur.
680 2125 734 2174 nim
751 2125 835 2174 verba
853 2125 887 2174 ad
905 2127 991 2188 ipsum
1010 2123 1139 2175 Saliorum
1158 2125 1204 2172 tri-

126 2199 172 2248 Clr.
190 2199 276 2263 virgil.
291 2203 357 2250 Aen.
370 2200 400 2259 8,
420 2198 467 2249 675
486 2212 561 2262 seqq.
581 2201 643 2248 Pro-
680 2199 791 2262 podium
808 2214 840 2249 ac
858 2199 1049 2249 lectisternium
1063 2199 1204 2249 referenda

127 2278 186 2334 pori.
210 2275 237 2333 ³,
262 2275 305 2322 44.
331 2275 357 2322 et
381 2273 409 2334 4,
433 2275 458 2324 6.
478 2276 575 2324 Lucan.
596 2273 640 2330 lt),
680 2277 879 2324 nonsuntcum
893 2271 1038 2332 nonnullis,
1052 2274 1204 2336 quasivero

126 2347 160 2396 tt.
193 2349 229 2397 lle
247 2349 374 2406 Antonio,
398 2350 489 2411 utpote
508 2350 642 2397 Romanus
679 2359 763 2412 penes
782 2347 918 2398 Horatium
936 2348 1014 2398 tuerit
1032 2346 1091 2397 talla
1109 2348 1205 2397 decer-

126 2421 155 2470 dc
172 2423 302 2482 Romano,
322 2421 365 2471 luc
382 2433 493 2484 prorsus
505 2420 577 2478 silet;
597 2435 643 2470 ne·
680 2433 744 2472 nere
757 2421 798 2472 vel
810 2423 916 2486 proprie
928 2423 1025 2472 imitari
1037 2421 1129 2472 iubere
1141 2423 1205 2472 ami-

126 2508 171 2557 qna
188 2495 234 2556 illi,
253 2495 304 2547 sed
323 2495 479 2560 Cleopatrae
495 2496 640 2554 dumtaxat,
680 2508 734 2546 cos.
765 2497 812 2546 Od.
826 2497 853 2554 3,
873 2497 917 2558 48,
937 2498 981 2546 45ι
1001 2495 1122 2546 Gaudet·
1134 2511 1203 2558 -po-

126 2569 250 2621 Octaviani
279 2573 353 2621 iussu
386 2570 486 2622 bellum
513 2571 643 2621 indixerat
676 2571 769 2634 potiere
783 2572 865 2635 fossor
888 2572 933 2622 lor
945 2573 1009 2634 pede
1025 2577 1128 2622 moro.
1156 2573 1206 2621 En-

126 2648 225 2696 senatus
243 2647 300 2709 (Dio
320 2645 393 2696 Cass.
411 2647 456 2704 50,
476 2647 520 2708 6.),
539 2659 589 2696 nec
608 2646 642 2695 de
680 2647 739 2696 nius
750 2647 817 2696 dnn.
832 2647 842 2694 4
856 2686 861 2706 ,
874 2647 903 2696 t:
917 2647 1013 2707 Macae,
1031 2646 1206 2709 qooepedtllus

126 2717 216 2783 collega
239 2722 264 2770 in
288 2721 455 2772 triumviratu
472 2715 644 2785 triumphavit
679 2733 801 2783 mopnurn
814 2721 923 2782 munte
939 2721 1078 2782 Olympum.
1101 2747 1128 2756 —
1144 2722 1206 2782 pede

126 2793 208 2842 victor.
249 2796 333 2846 Huius
353 2795 426 2846 enim
447 2797 587 2854 intererat,
614 2797 643 2845 ut
680 2795 770 2856 tideo,
789 2794 861 2858 quod
880 2807 949 2844 onon
967 2796 1131 2844 incatenaton
1145 2807 1207 2858 per-

127 2868 207 2927 quoad
232 2869 289 2919 elus
318 2867 376 2918 lieri
403 2873 496 2932 posset
521 2871 643 2919 homines
681 2881 774 2932 peram
805 2867 921 2918 nonnulli
954 2867 1132 2932 explicarunt,
1166 2873 1207 2918 est

127 2939 340 2992 obliviscerentur
363 2944 478 2994 amicum
501 2944 534 2992 ab
557 2956 589 2992 eo
609 2942 643 2992 ed
681 2943 835 3006 simpliciter
848 2942 932 3004 «agili,
945 2942 1079 2992 interdurn
1094 2955 1206 2991 numero

128 3018 233 3065 mortem
261 3016 387 3068 adactum
416 3029 485 3068 asse.
533 3018 643 3067 Nuntius
681 3029 733 3067 non
756 3018 854 3081 optime
875 3019 995 3072 servato;
1019 3015 1103 3064 libere
1120 3015 1206 3078 tripu-

128 3091 209 3140 autem
220 3091 254 3141 de
266 3092 407 3155 utriusque
416 3093 523 3142 interitu
532 3094 642 3143 Romam
682 3090 797 3141 dinato.»

128 3162 235 3223 perlatus
252 3168 295 3216 est
312 3168 456 3216 anctumno
468 3177 491 3216 a.
506 3181 532 3216 u.
546 3179 569 3216 c.
584 3166 641 3218 724.
714 3167 738 3214 2.
758 3165 781 3214 3.
801 3165 888 3214 illlum
912 3166 990 3228 igitur
1010 3164 1162 3214 lectisternii
1181 3166 1205 3214 in

128 3248 140 3282 a
156 3238 187 3288 Ι.
199 3238 280 3290 Tullio
293 3240 435 3300 Cicerone,
455 3241 568 3291 oratoris
579 3239 642 3302 filio,
682 3239 918 3304 supplicationibus
940 3238 981 3289 dis
998 3241 1059 3302 post
1074 3239 1205 3301 insignem

129 3310 226 3362 consule
244 3313 434 3364 tumentlecto.
462 3317 534 3364 inter
543 3315 644 3378 prims
682 3314 796 3378 diquam
815 3315 952 3364 victoriam
970 3325 985 3362 a
1002 3315 1097 3364 senatu
1114 3313 1207 3363 decre·

129 3383 190 3436 Odas
206 3387 239 3436 ab
257 3389 365 3438 Horatio
382 3389 466 3439 editas
488 3389 556 3438 haec
573 3389 644 3439 rela-
681 3391 714 3440 tis
732 3389 847 3453 applicat
863 3388 898 3438 nd
913 3388 985 3438 diem
997 3401 1059 3438 cum
1071 3387 1206 3438 sodalibus

129 3460 203 3510 rende
215 3466 267 3524 est,
286 3463 465 3526 quamobrem
477 3463 644 3514 excusandas
682 3463 826 3514 laetissime
844 3461 1046 3514 celebrandum.
1080 3462 1149 3511 Talia
1162 3476 1208 3514 au-

129 3531 220 3586 duaunt
244 3536 428 3602 synaloephen
453 3549 478 3588 v.
502 3539 537 3598 5.,
565 3537 646 3602 negli·
683 3539 739 3588 tem
750 3536 888 3588 sollemnia
901 3538 1041 3587 coniuncte
1054 3539 1130 3586 erent
1145 3549 1206 3585 cum

130 3611 235 3669 geniem
260 3614 286 3661 in
312 3625 422 3662 caesura
449 3611 594 3663 admissam
618 3627 642 3662 v.
684 3611 768 3677 epulis
793 3613 917 3675 opiparis.
954 3611 1002 3661 0d.
1029 3611 1060 3670 2,
1089 3611 1133 3670 lt,
1161 3611 1211 3662 285

129 3684 150 3730 4.
168 3687 193 3734 et
211 3686 249 3737 44.
681 3687 940 3750 Pontificum-coenis.
960 3687 1014 3737 Cic.
1029 3685 1063 3735 ad
1075 3689 1127 3735 att.
1140 3688 1164 3746 5,
1182 3685 1205 3734 9:

160 3759 180 3804 4.
195 3760 298 3812 initium
310 3761 385 3812 duxlt
395 3775 427 3811 ex
439 3761 528 3812 Alcaei
540 3763 643 3825 Fragm.
683 3761 781 3824 mort
798 3761 924 3811 Salicem
935 3762 1080 3811 monadum.
1101 3761 1206 3810 Festus:

132 3831 166 3880 it.
184 3833 273 3896 Bergk.
293 3847 319 3898 p.
339 3835 402 3885 ern:
429 3833 490 3886 Νῦν
513 3829 570 3906 χρὴ
593 3849 645 3900 με-
683 3836 820 3899 Soliteper
836 3849 1063 3886 ommeeomonen
1074 3836 1137 3894 dics,
1155 3835 1209 3883 abi

132 3899 371 3972 θύσθηνκαλτινα
383 3905 535 3980 πρὸςβὶαν
543 3909 644 3976 Πίνην,
683 3923 779 3972 amputo
806 3917 922 3972 manau,
952 3913 1013 3972 mala
1041 3909 1209 3972 amplissimae

131 3977 218 4046 ἐπειδὴ
244 3979 370 4034 κάτθανε
393 3981 541 4055 Μύρσιλος
559 3984 645 4050 (Lesbi
680 3990 812 4048 ponuntur
835 3999 940 4046 comae,
958 3987 981 4036 st
998 3985 1207 4047 pacominum-

132 4053 269 4120 tirannus),
288 4058 332 4108 uhi
351 4061 407 4109 siue
420 4071 499 4112 ceusu
513 4073 646 4110 nonnemo
683 4073 749 4124 pene
764 4067 834 4122 ami,
854 4061 966 4111 Saliares
982 4061 1149 4124 appellentur.
1179 4085 1205 4094 -

132 4131 259 4190 proposuit
287 4134 335 4183 καὶ
362 4131 458 4192 χθόνα
486 4134 557 4204 πρὸς
578 4133 646 4195 βίαν
680 4135 809 4200 poleno]
834 4135 1041 4186 «Pulvinorte
1063 4133 1209 4184 dicebantur

133 4203 220 4268 πα4ην.
242 4209 269 4257 ln
288 4208 394 4272 reliquis
411 4214 501 4260 autem
519 4209 645 4261 Alcaeum
684 4215 729 4259 ortt
740 4211 795 4260 lecti
806 4211 909 4260 deenen
920 4216 966 4260 out
977 4210 1102 4267 moesto,
1115 4209 1142 4255 ia
1154 4207 1208 4267 qut-

134 4275 220 4329 lmltari
237 4283 278 4331 vix
296 4285 393 4347 potnit,
414 4297 475 4334 cum
494 4284 571 4334 nimis
590 4287 645 4334 arte
684 4285 728 4334 bos
744 4285 843 4336 stotoot
859 4287 976 4341 nmine,
1002 4289 1029 4333 ut
1046 4281 1207 4334 manentiam
