<?xml version="1.0" encoding="UTF-8"?>
<!DOCTYPE html PUBLIC "-//W3C//DTD XHTML 1.0 Transitional//EN"
    "http://www.w3.org/TR/xhtml1/DTD/xhtml1-transitional.dtd">
<html xmlns="http://www.w3.org/1999/xhtml" xml:lang="en" lang="en">
 <head>
  <title>
</title>
<meta http-equiv="Content-Type" content="text/html;charset=utf-8" />
  <meta name='ocr-system' content='tesseract 3.04.00' />
  <meta name='ocr-capabilities' content='ocr_page ocr_carea ocr_par ocr_line ocrx_word'/>
</head>
<body>
  <div class='ocr_page' id='page_1' title='image "./qhoratiusflaccu02baitgoog/qhoratiusflaccu02baitgoog_0615.png"; bbox 0 0 3012 4978; ppageno 0'>
   <div class='ocr_carea' id='block_1_1' title="bbox 672 449 1019 504">
    <p class='ocr_par' dir='ltr' id='par_1_1' title="bbox 672 449 1019 504">
     <span class='ocr_line' id='line_1_1' title="bbox 672 449 1019 504; baseline 0.017 -10"><span class='ocrx_word' id='word_1_1' title='bbox 672 487 676 494; x_wconf 79' lang='grc'>,</span> <span class='ocrx_word' id='word_1_2' title='bbox 704 449 832 500; x_wconf 72' lang='lat' dir='ltr'><strong>Hortarii</strong></span> <span class='ocrx_word' id='word_1_3' title='bbox 850 449 1019 504; x_wconf 76' lang='lat' dir='ltr'><strong>CARMINUld</strong></span> 
     </span>
    </p>
   </div>
   <div class='ocr_carea' id='block_1_2' title="bbox 441 603 1167 1787">
    <p class='ocr_par' dir='ltr' id='par_1_2' title="bbox 441 603 1167 1787">
     <span class='ocr_line' id='line_1_2' title="bbox 443 603 1059 692; baseline 0.003 -22"><span class='ocrx_word' id='word_1_4' title='bbox 443 604 661 692; x_wconf 82' lang='lat' dir='ltr'>Mavortisque</span> <span class='ocrx_word' id='word_1_5' title='bbox 684 625 786 692; x_wconf 86' lang='lat' dir='ltr'><strong>puer,</strong></span> <span class='ocrx_word' id='word_1_6' title='bbox 811 603 837 670; x_wconf 90' lang='lat' dir='ltr'><strong>si</strong></span> <span class='ocrx_word' id='word_1_7' title='bbox 861 605 1059 672; x_wconf 82' lang='lat' dir='ltr'><strong>taciturnitas</strong></span> 
     </span>
     <span class='ocr_line' id='line_1_3' title="bbox 445 725 1045 794; baseline -0.005 -1"><span class='ocrx_word' id='word_1_8' title='bbox 445 725 598 794; x_wconf 88' lang='lat' dir='ltr'><strong>Obstaret</strong></span> <span class='ocrx_word' id='word_1_9' title='bbox 619 727 742 793; x_wconf 89' lang='lat' dir='ltr'><strong>meritis</strong></span> <span class='ocrx_word' id='word_1_10' title='bbox 765 725 872 792; x_wconf 91' lang='lat' dir='ltr'><strong>invida</strong></span> <span class='ocrx_word' id='word_1_11' title='bbox 893 725 1045 794; x_wconf 87' lang='lat' dir='ltr'>Romuli?</span> 
     </span>
     <span class='ocr_line' id='line_1_4' title="bbox 443 846 1078 936; baseline 0.002 -23"><span class='ocrx_word' id='word_1_12' title='bbox 443 849 596 934; x_wconf 82' lang='lat' dir='ltr'><strong>Ereptum</strong></span> <span class='ocrx_word' id='word_1_13' title='bbox 619 847 739 936; x_wconf 84' lang='lat' dir='ltr'><strong>Stygiis</strong></span> <span class='ocrx_word' id='word_1_14' title='bbox 763 846 913 915; x_wconf 91' lang='lat' dir='ltr'><strong>ssuotibus</strong></span> <span class='ocrx_word' id='word_1_15' title='bbox 935 851 1078 916; x_wconf 82' lang='lat' dir='ltr'><strong>Aeaeum</strong></span> 
     </span>
     <span class='ocr_line' id='line_1_5' title="bbox 446 969 1103 1058; baseline -0.003 -22"><span class='ocrx_word' id='word_1_16' title='bbox 446 969 552 1036; x_wconf 82' lang='lat' dir='ltr'><strong>Virtus</strong></span> <span class='ocrx_word' id='word_1_17' title='bbox 576 979 608 1036; x_wconf 89' lang='lat' dir='ltr'><strong>et</strong></span> <span class='ocrx_word' id='word_1_18' title='bbox 630 969 720 1036; x_wconf 85' lang='lat' dir='ltr'><strong>lavor</strong></span> <span class='ocrx_word' id='word_1_19' title='bbox 741 980 774 1035; x_wconf 89' lang='lat' dir='ltr'><strong>et</strong></span> <span class='ocrx_word' id='word_1_20' title='bbox 794 969 904 1058; x_wconf 83' lang='lat' dir='ltr'><strong>lingua</strong></span> <span class='ocrx_word' id='word_1_21' title='bbox 924 969 1103 1057; x_wconf 90' lang='lat' dir='ltr'><strong>potentium</strong></span> 
     </span>
     <span class='ocr_line' id='line_1_6' title="bbox 444 1090 1070 1158; baseline -0.005 0"><span class='ocrx_word' id='word_1_22' title='bbox 444 1092 558 1158; x_wconf 88' lang='lat' dir='ltr'><strong>Vatum</strong></span> <span class='ocrx_word' id='word_1_23' title='bbox 582 1090 734 1157; x_wconf 90' lang='lat' dir='ltr'><strong>divitibus</strong></span> <span class='ocrx_word' id='word_1_24' title='bbox 757 1101 927 1158; x_wconf 86' lang='lat' dir='ltr'><strong>consecrat</strong></span> <span class='ocrx_word' id='word_1_25' title='bbox 947 1090 1070 1158; x_wconf 86' lang='lat' dir='ltr'><strong>insulis.</strong></span> 
     </span>
     <span class='ocr_line' id='line_1_7' title="bbox 441 1191 1167 1300; baseline 0.001 -23"><span class='ocrx_word' id='word_1_26' title='bbox 441 1191 581 1300; x_wconf 78' lang='lat' dir='ltr'><strong>Dignum</strong></span> <span class='ocrx_word' id='word_1_27' title='bbox 602 1211 699 1289; x_wconf 83' lang='lat' dir='ltr'><strong>laude</strong></span> <span class='ocrx_word' id='word_1_28' title='bbox 721 1213 825 1279; x_wconf 87' lang='lat' dir='ltr'><strong>virum</strong></span> <span class='ocrx_word' id='word_1_29' title='bbox 846 1214 937 1279; x_wconf 89' lang='lat' dir='ltr'><strong>Musa</strong></span> <span class='ocrx_word' id='word_1_30' title='bbox 958 1222 1046 1280; x_wconf 87' lang='lat' dir='ltr'><strong>vetat</strong></span> <span class='ocrx_word' id='word_1_31' title='bbox 1066 1215 1167 1280; x_wconf 88' lang='lat' dir='ltr'><strong>mori:</strong></span> 
     </span>
     <span class='ocr_line' id='line_1_8' title="bbox 445 1333 1125 1402; baseline 0 -1"><span class='ocrx_word' id='word_1_32' title='bbox 445 1333 543 1401; x_wconf 88' lang='lat' dir='ltr'><strong>Caelo</strong></span> <span class='ocrx_word' id='word_1_33' title='bbox 566 1335 657 1400; x_wconf 85' lang='lat' dir='ltr'><strong>Musa</strong></span> <span class='ocrx_word' id='word_1_34' title='bbox 679 1333 764 1401; x_wconf 90' lang='lat' dir='ltr'><strong>beat.</strong></span> <span class='ocrx_word' id='word_1_35' title='bbox 809 1333 862 1402; x_wconf 89' lang='lat' dir='ltr'><strong>Sio</strong></span> <span class='ocrx_word' id='word_1_36' title='bbox 884 1334 969 1402; x_wconf 93' lang='lat' dir='ltr'><strong>Iovis</strong></span> <span class='ocrx_word' id='word_1_37' title='bbox 992 1335 1125 1402; x_wconf 83' lang='lat' dir='ltr'><strong>interest</strong></span> 
     </span>
     <span class='ocr_line' id='line_1_9' title="bbox 443 1455 1051 1544; baseline -0.002 -21"><span class='ocrx_word' id='word_1_38' title='bbox 443 1456 569 1544; x_wconf 89' lang='lat' dir='ltr'><strong>Optatis</strong></span> <span class='ocrx_word' id='word_1_39' title='bbox 592 1455 697 1544; x_wconf 88' lang='lat' dir='ltr'><strong>epulis</strong></span> <span class='ocrx_word' id='word_1_40' title='bbox 719 1455 856 1544; x_wconf 84' lang='lat' dir='ltr'><strong>impiger</strong></span> <span class='ocrx_word' id='word_1_41' title='bbox 878 1455 1051 1534; x_wconf 57' lang='lat' dir='ltr'><strong>Herculem</strong></span> 
     </span>
     <span class='ocr_line' id='line_1_10' title="bbox 444 1576 1163 1668; baseline 0.001 -25"><span class='ocrx_word' id='word_1_42' title='bbox 444 1577 574 1644; x_wconf 87' lang='lat' dir='ltr'><strong>Clarum</strong></span> <span class='ocrx_word' id='word_1_43' title='bbox 596 1576 799 1668; x_wconf 82' lang='lat' dir='ltr'><strong>Tyndaridae</strong></span> <span class='ocrx_word' id='word_1_44' title='bbox 822 1577 913 1644; x_wconf 92' lang='lat' dir='ltr'><strong>sidus</strong></span> <span class='ocrx_word' id='word_1_45' title='bbox 936 1577 977 1644; x_wconf 88' lang='lat' dir='ltr'><strong>ab</strong></span> <span class='ocrx_word' id='word_1_46' title='bbox 998 1576 1116 1644; x_wconf 88' lang='lat' dir='ltr'><strong>infimis</strong></span> <span class='ocrx_word' id='word_1_47' title='bbox 1159 1661 1163 1666; x_wconf 25' lang='grc' dir='ltr'>Ι</span> 
     </span>
     <span class='ocr_line' id='line_1_11' title="bbox 443 1698 1099 1787; baseline 0.002 -22"><span class='ocrx_word' id='word_1_48' title='bbox 443 1701 587 1779; x_wconf 87' lang='lat' dir='ltr'><strong>Quassas</strong></span> <span class='ocrx_word' id='word_1_49' title='bbox 610 1699 750 1787; x_wconf 87' lang='lat' dir='ltr'><strong>eripiunt</strong></span> <span class='ocrx_word' id='word_1_50' title='bbox 771 1698 970 1787; x_wconf 87' lang='lat' dir='ltr'><strong>aequoribus</strong></span> <span class='ocrx_word' id='word_1_51' title='bbox 991 1709 1099 1776; x_wconf 88' lang='lat' dir='ltr'><strong>rates,</strong></span> 
     </span>
    </p>
   </div>
   <div class='ocr_carea' id='block_1_3' title="bbox 382 1896 1313 1961">
    <p class='ocr_par' dir='ltr' id='par_1_3' title="bbox 382 1896 1313 1961">
     <span class='ocr_line' id='line_1_12' title="bbox 382 1896 1313 1961; baseline 0.002 -13"><span class='ocrx_word' id='word_1_52' title='bbox 382 1898 423 1949; x_wconf 71' lang='lat' dir='ltr'><strong>as.</strong></span> <span class='ocrx_word' id='word_1_53' title='bbox 441 1896 560 1961; x_wconf 78' lang='grc' dir='ltr'><strong><em>Ασοοονη]</em></strong></span> <span class='ocrx_word' id='word_1_54' title='bbox 579 1909 688 1960; x_wconf 76' lang='lat' dir='ltr'><strong>aequum</strong></span> <span class='ocrx_word' id='word_1_55' title='bbox 704 1897 732 1947; x_wconf 88' lang='grc' dir='ltr'><strong>Τ.</strong></span> <span class='ocrx_word' id='word_1_56' title='bbox 754 1923 781 1932; x_wconf 85' lang='grc'>-</span> <span class='ocrx_word' id='word_1_57' title='bbox 800 1897 842 1947; x_wconf 79' lang='grc'><strong>96.</strong></span> <span class='ocrx_word' id='word_1_58' title='bbox 857 1909 941 1960; x_wconf 82' lang='lat' dir='ltr'><strong>pauor</strong></span> <span class='ocrx_word' id='word_1_59' title='bbox 957 1897 985 1947; x_wconf 88' lang='lat' dir='ltr'><strong>T.</strong></span> <span class='ocrx_word' id='word_1_60' title='bbox 1007 1923 1035 1934; x_wconf 92' lang='lat'>-</span> <span class='ocrx_word' id='word_1_61' title='bbox 1054 1897 1095 1947; x_wconf 73' lang='lat'><strong>29.</strong></span> <span class='ocrx_word' id='word_1_62' title='bbox 1113 1897 1206 1950; x_wconf 67' lang='lat' dir='ltr'><strong>motus.</strong></span> <span class='ocrx_word' id='word_1_63' title='bbox 1226 1899 1270 1950; x_wconf 72' lang='grc' dir='ltr'><strong>δίο</strong></span> <span class='ocrx_word' id='word_1_64' title='bbox 1285 1901 1313 1950; x_wconf 88' lang='lat' dir='ltr'><strong>T.</strong></span> 
     </span>
    </p>
   </div>
   <div class='ocr_carea' id='block_1_4' title="bbox 305 2073 1399 4256">
    <p class='ocr_par' dir='ltr' id='par_1_4' title="bbox 307 2073 1399 3118">
     <span class='ocr_line' id='line_1_13' title="bbox 314 2073 1397 2142; baseline 0.004 -16"><span class='ocrx_word' id='word_1_65' title='bbox 314 2077 436 2126; x_wconf 85' lang='lat' dir='ltr'><strong>maneret</strong></span> <span class='ocrx_word' id='word_1_66' title='bbox 448 2077 529 2126; x_wconf 87' lang='lat' dir='ltr'><strong>otiam</strong></span> <span class='ocrx_word' id='word_1_67' title='bbox 539 2073 680 2137; x_wconf 79' lang='lat' dir='ltr'><strong>Romulus,</strong></span> <span class='ocrx_word' id='word_1_68' title='bbox 699 2075 750 2126; x_wconf 88' lang='lat' dir='ltr'><strong>nisi</strong></span> <span class='ocrx_word' id='word_1_69' title='bbox 767 2073 841 2126; x_wconf 84' lang='lat' dir='ltr'><strong>oola·</strong></span> <span class='ocrx_word' id='word_1_70' title='bbox 877 2076 982 2128; x_wconf 80' lang='lat' dir='ltr'><strong>Provid</strong></span> <span class='ocrx_word' id='word_1_71' title='bbox 993 2077 1023 2127; x_wconf 78' lang='lat' dir='ltr'><strong>it:</strong></span> <span class='ocrx_word' id='word_1_72' title='bbox 1041 2077 1331 2142; x_wconf 80' lang='lat' dir='ltr'><strong>Morsillosconsoornt,</strong></span> <span class='ocrx_word' id='word_1_73' title='bbox 1343 2093 1397 2142; x_wconf 79' lang='lat' dir='ltr'><strong>quo</strong></span> 
     </span>
     <span class='ocr_line' id='line_1_14' title="bbox 315 2149 1395 2216; baseline 0.005 -16"><span class='ocrx_word' id='word_1_74' title='bbox 315 2149 410 2201; x_wconf 85' lang='lat' dir='ltr'><strong>bratus</strong></span> <span class='ocrx_word' id='word_1_75' title='bbox 427 2152 501 2201; x_wconf 85' lang='lat' dir='ltr'><strong>esset</strong></span> <span class='ocrx_word' id='word_1_76' title='bbox 516 2163 532 2202; x_wconf 83' lang='grc' dir='ltr'><strong><em>ο</em></strong></span> <span class='ocrx_word' id='word_1_77' title='bbox 548 2151 651 2214; x_wconf 78' lang='lat' dir='ltr'><strong>poetis,</strong></span> <span class='ocrx_word' id='word_1_78' title='bbox 681 2153 839 2216; x_wconf 85' lang='lat' dir='ltr'><strong>praesertim</strong></span> <span class='ocrx_word' id='word_1_79' title='bbox 875 2165 935 2202; x_wconf 81' lang='lat' dir='ltr'><strong>rum</strong></span> <span class='ocrx_word' id='word_1_80' title='bbox 955 2153 1052 2202; x_wconf 72' lang='lat' dir='ltr'><strong>exitum</strong></span> <span class='ocrx_word' id='word_1_81' title='bbox 1072 2157 1095 2202; x_wconf 81' lang='grc' dir='ltr'><strong>οι</strong></span> <span class='ocrx_word' id='word_1_82' title='bbox 1115 2154 1159 2216; x_wconf 81' lang='lat' dir='ltr'><strong>qni</strong></span> <span class='ocrx_word' id='word_1_83' title='bbox 1180 2154 1267 2204; x_wconf 83' lang='lat' dir='ltr'><strong>timent</strong></span> <span class='ocrx_word' id='word_1_84' title='bbox 1288 2155 1395 2205; x_wconf 79' lang='lat' dir='ltr'><strong>landum.</strong></span> 
     </span>
     <span class='ocr_line' id='line_1_15' title="bbox 313 2225 1397 2292; baseline 0.005 -16"><span class='ocrx_word' id='word_1_85' title='bbox 313 2225 348 2276; x_wconf 93' lang='lat' dir='ltr'><strong>ab</strong></span> <span class='ocrx_word' id='word_1_86' title='bbox 360 2226 445 2276; x_wconf 88' lang='lat' dir='ltr'><strong>Ennio</strong></span> <span class='ocrx_word' id='word_1_87' title='bbox 457 2225 528 2290; x_wconf 87' lang='lat' dir='ltr'><strong>apud</strong></span> <span class='ocrx_word' id='word_1_88' title='bbox 541 2225 596 2276; x_wconf 90' lang='lat' dir='ltr'><strong>Cio.</strong></span> <span class='ocrx_word' id='word_1_89' title='bbox 615 2225 649 2276; x_wconf 90' lang='lat' dir='ltr'><strong>de</strong></span> <span class='ocrx_word' id='word_1_90' title='bbox 664 2228 728 2290; x_wconf 85' lang='lat' dir='ltr'><strong>Rep.</strong></span> <span class='ocrx_word' id='word_1_91' title='bbox 748 2228 775 2289; x_wconf 87' lang='lat' dir='ltr'><strong>l,</strong></span> <span class='ocrx_word' id='word_1_92' title='bbox 788 2226 816 2278; x_wconf 84' lang='lat' dir='ltr'><strong>lt</strong></span> <span class='ocrx_word' id='word_1_93' title='bbox 831 2241 837 2276; x_wconf 89' lang='lat'>:</span> <span class='ocrx_word' id='word_1_94' title='bbox 908 2227 941 2276; x_wconf 76' lang='lat'><strong>28</strong></span> <span class='ocrx_word' id='word_1_95' title='bbox 953 2253 968 2264; x_wconf 96' lang='lat'><em>-</em></span> <span class='ocrx_word' id='word_1_96' title='bbox 979 2226 1019 2277; x_wconf 82' lang='grc'>36,</span> <span class='ocrx_word' id='word_1_97' title='bbox 1037 2231 1106 2277; x_wconf 82' lang='lat' dir='ltr'><strong>uetat</strong></span> <span class='ocrx_word' id='word_1_98' title='bbox 1116 2227 1194 2292; x_wconf 76' lang='lat' dir='ltr'><strong>mori]</strong></span> <span class='ocrx_word' id='word_1_99' title='bbox 1214 2229 1292 2280; x_wconf 75' lang='lat' dir='ltr'><strong>«Eius</strong></span> <span class='ocrx_word' id='word_1_100' title='bbox 1304 2243 1397 2281; x_wconf 81' lang='lat' dir='ltr'><strong>nomen</strong></span> 
     </span>
     <span class='ocr_line' id='line_1_16' title="bbox 314 2299 1399 2364; baseline 0.006 -14"><span class='ocrx_word' id='word_1_101' title='bbox 314 2300 474 2361; x_wconf 81' lang='lat' dir='ltr'><strong>Oliomulo,</strong></span> <span class='ocrx_word' id='word_1_102' title='bbox 492 2300 594 2350; x_wconf 79' lang='lat' dir='ltr'><strong>ltotuulo</strong></span> <span class='ocrx_word' id='word_1_103' title='bbox 617 2301 672 2362; x_wconf 85' lang='lat' dir='ltr'><strong>die,</strong></span> <span class='ocrx_word' id='word_1_104' title='bbox 696 2303 800 2364; x_wconf 83' lang='lat' dir='ltr'><strong>Qualem</strong></span> <span class='ocrx_word' id='word_1_105' title='bbox 817 2307 840 2352; x_wconf 76' lang='lat' dir='ltr'><strong>to</strong></span> <span class='ocrx_word' id='word_1_106' title='bbox 876 2299 985 2352; x_wconf 83' lang='lat' dir='ltr'><strong>interire</strong></span> <span class='ocrx_word' id='word_1_107' title='bbox 1001 2302 1238 2364; x_wconf 75' lang='lat' dir='ltr'><strong>nunquamsinit,n</strong></span> <span class='ocrx_word' id='word_1_108' title='bbox 1254 2327 1281 2340; x_wconf 90' lang='lat'>-</span> <span class='ocrx_word' id='word_1_109' title='bbox 1306 2304 1399 2356; x_wconf 81' lang='lat' dir='ltr'><strong>Coelo·</strong></span> 
     </span>
     <span class='ocr_line' id='line_1_17' title="bbox 307 2373 1398 2438; baseline 0.004 -14"><span class='ocrx_word' id='word_1_110' title='bbox 307 2376 413 2438; x_wconf 81' lang='lat' dir='ltr'><strong>patriae</strong></span> <span class='ocrx_word' id='word_1_111' title='bbox 438 2377 563 2425; x_wconf 67' lang='lat' dir='ltr'><strong>mestorium</strong></span> <span class='ocrx_word' id='word_1_112' title='bbox 585 2376 611 2424; x_wconf 88' lang='lat' dir='ltr'><strong>di</strong></span> <span class='ocrx_word' id='word_1_113' title='bbox 633 2379 790 2438; x_wconf 73' lang='lat' dir='ltr'><strong>penitemini!</strong></span> <span class='ocrx_word' id='word_1_114' title='bbox 819 2378 839 2426; x_wconf 90' lang='lat'><strong><em>0</em></strong></span> <span class='ocrx_word' id='word_1_115' title='bbox 876 2373 939 2438; x_wconf 82' lang='lat' dir='ltr'><strong>bont]</strong></span> <span class='ocrx_word' id='word_1_116' title='bbox 968 2376 1010 2425; x_wconf 75' lang='lat' dir='ltr'><strong>uin</strong></span> <span class='ocrx_word' id='word_1_117' title='bbox 1036 2375 1110 2426; x_wconf 85' lang='lat' dir='ltr'><strong>caelo</strong></span> <span class='ocrx_word' id='word_1_118' title='bbox 1134 2376 1295 2428; x_wconf 85' lang='lat' dir='ltr'><strong>collocatum</strong></span> <span class='ocrx_word' id='word_1_119' title='bbox 1317 2378 1398 2429; x_wconf 83' lang='lat' dir='ltr'><strong>reddit</strong></span> 
     </span>
     <span class='ocr_line' id='line_1_18' title="bbox 309 2449 1399 2516; baseline 0.006 -17"><span class='ocrx_word' id='word_1_120' title='bbox 309 2455 403 2512; x_wconf 84' lang='lat' dir='ltr'><strong>palor,</strong></span> <span class='ocrx_word' id='word_1_121' title='bbox 432 2463 447 2498; x_wconf 95' lang='grc' dir='ltr'><strong><em>ο</em></strong></span> <span class='ocrx_word' id='word_1_122' title='bbox 471 2451 587 2512; x_wconf 72' lang='lat' dir='ltr'><strong>portitori</strong></span> <span class='ocrx_word' id='word_1_123' title='bbox 624 2464 639 2500; x_wconf 94' lang='grc' dir='ltr'><strong><em>ο</em></strong></span> <span class='ocrx_word' id='word_1_124' title='bbox 664 2463 776 2516; x_wconf 70' lang='lat' dir='ltr'><strong>tanquan</strong></span> <span class='ocrx_word' id='word_1_125' title='bbox 802 2453 840 2502; x_wconf 79' lang='lat' dir='ltr'><strong>dis</strong></span> <span class='ocrx_word' id='word_1_126' title='bbox 876 2449 1399 2515; x_wconf 71' lang='lat' dir='ltr'><strong>beatum.»13pp.t,ts‚7⁵:rmnaeu</strong></span> 
     </span>
     <span class='ocr_line' id='line_1_19' title="bbox 311 2524 1396 2589; baseline 0.005 -15"><span class='ocrx_word' id='word_1_127' title='bbox 311 2524 462 2574; x_wconf 79' lang='lat' dir='ltr'><strong>oriwtduml</strong></span> <span class='ocrx_word' id='word_1_128' title='bbox 473 2549 501 2560; x_wconf 95' lang='lat'>-</span> <span class='ocrx_word' id='word_1_129' title='bbox 514 2525 703 2586; x_wconf 76' lang='lat' dir='ltr'><strong>Tuprodmeisti</strong></span> <span class='ocrx_word' id='word_1_130' title='bbox 714 2540 759 2576; x_wconf 85' lang='lat' dir='ltr'><strong>nos</strong></span> <span class='ocrx_word' id='word_1_131' title='bbox 770 2528 839 2576; x_wconf 85' lang='lat' dir='ltr'><strong>intra</strong></span> <span class='ocrx_word' id='word_1_132' title='bbox 872 2538 955 2587; x_wconf 77' lang='grc' dir='ltr'><strong><em>ρονοο</em></strong></span> <span class='ocrx_word' id='word_1_133' title='bbox 972 2524 1031 2575; x_wconf 79' lang='lat' dir='ltr'><strong>boet.</strong></span> <span class='ocrx_word' id='word_1_134' title='bbox 1062 2525 1145 2589; x_wconf 74' lang='lat' dir='ltr'><strong>(Ouid.</strong></span> <span class='ocrx_word' id='word_1_135' title='bbox 1166 2540 1198 2576; x_wconf 86' lang='lat' dir='ltr'><strong>ex</strong></span> <span class='ocrx_word' id='word_1_136' title='bbox 1219 2528 1303 2578; x_wconf 93' lang='lat' dir='ltr'><strong>Ponto</strong></span> <span class='ocrx_word' id='word_1_137' title='bbox 1323 2528 1355 2588; x_wconf 80' lang='grc'>6,</span> <span class='ocrx_word' id='word_1_138' title='bbox 1374 2529 1396 2588; x_wconf 81' lang='lat' dir='ltr'><strong>ti,</strong></span> 
     </span>
     <span class='ocr_line' id='line_1_20' title="bbox 311 2599 1399 2666; baseline 0.006 -18"><span class='ocrx_word' id='word_1_139' title='bbox 311 2599 414 2648; x_wconf 80' lang='lat' dir='ltr'><strong>luminis</strong></span> <span class='ocrx_word' id='word_1_140' title='bbox 430 2611 497 2646; x_wconf 75' lang='lat' dir='ltr'><strong>oras.</strong></span> <span class='ocrx_word' id='word_1_141' title='bbox 519 2624 546 2635; x_wconf 98' lang='lat'><em>-</em></span> <span class='ocrx_word' id='word_1_142' title='bbox 577 2599 776 2650; x_wconf 57' lang='lat' dir='ltr'><strong>§taciturnitas</strong></span> <span class='ocrx_word' id='word_1_143' title='bbox 793 2601 839 2651; x_wconf 88' lang='lat' dir='ltr'><strong>Ob-</strong></span> <span class='ocrx_word' id='word_1_144' title='bbox 875 2601 924 2650; x_wconf 77' lang='lat'><strong>55:</strong></span> <span class='ocrx_word' id='word_1_145' title='bbox 942 2600 977 2649; x_wconf 87' lang='lat' dir='ltr'><strong>Di</strong></span> <span class='ocrx_word' id='word_1_146' title='bbox 989 2614 1086 2663; x_wconf 80' lang='grc' dir='ltr'><strong><em>ρνοοον</em></strong></span> <span class='ocrx_word' id='word_1_147' title='bbox 1097 2601 1264 2666; x_wconf 77' lang='lat' dir='ltr'><strong>carminibus,</strong></span> <span class='ocrx_word' id='word_1_148' title='bbox 1282 2603 1355 2666; x_wconf 75' lang='lat' dir='ltr'><strong>sisar</strong></span> <span class='ocrx_word' id='word_1_149' title='bbox 1368 2609 1399 2654; x_wconf 72' lang='lat' dir='ltr'><strong>est</strong></span> 
     </span>
     <span class='ocr_line' id='line_1_21' title="bbox 309 2671 1398 2741; baseline 0.004 -17"><span class='ocrx_word' id='word_1_150' title='bbox 309 2671 519 2737; x_wconf 77' lang='lat' dir='ltr'><strong>staret-inuida]</strong></span> <span class='ocrx_word' id='word_1_151' title='bbox 538 2673 580 2722; x_wconf 78' lang='lat' dir='ltr'><strong>«si</strong></span> <span class='ocrx_word' id='word_1_152' title='bbox 590 2674 691 2736; x_wconf 88' lang='lat' dir='ltr'><strong>posteri</strong></span> <span class='ocrx_word' id='word_1_153' title='bbox 708 2673 788 2726; x_wconf 88' lang='lat' dir='ltr'><strong>invidi</strong></span> <span class='ocrx_word' id='word_1_154' title='bbox 804 2676 838 2726; x_wconf 88' lang='lat' dir='ltr'><strong>de</strong></span> <span class='ocrx_word' id='word_1_155' title='bbox 875 2675 967 2736; x_wconf 80' lang='lat' dir='ltr'><strong>dicore,</strong></span> <span class='ocrx_word' id='word_1_156' title='bbox 978 2676 1063 2740; x_wconf 71' lang='lat' dir='ltr'><strong>fiunt.)</strong></span> <span class='ocrx_word' id='word_1_157' title='bbox 1083 2702 1109 2713; x_wconf 92' lang='lat'><em>-</em></span> <span class='ocrx_word' id='word_1_158' title='bbox 1132 2676 1183 2737; x_wconf 85' lang='lat' dir='ltr'><strong>Sic]</strong></span> <span class='ocrx_word' id='word_1_159' title='bbox 1200 2689 1251 2741; x_wconf 87' lang='lat' dir='ltr'><strong>per</strong></span> <span class='ocrx_word' id='word_1_160' title='bbox 1262 2681 1398 2741; x_wconf 66' lang='lat' dir='ltr'><strong>poetarum</strong></span> 
     </span>
     <span class='ocr_line' id='line_1_22' title="bbox 311 2746 1398 2812; baseline 0.005 -14"><span class='ocrx_word' id='word_1_161' title='bbox 311 2761 344 2798; x_wconf 87' lang='lat' dir='ltr'><strong>eo</strong></span> <span class='ocrx_word' id='word_1_162' title='bbox 371 2747 542 2798; x_wconf 72' lang='lat' dir='ltr'><strong>tacuissent.»</strong></span> <span class='ocrx_word' id='word_1_163' title='bbox 571 2746 623 2797; x_wconf 84' lang='lat' dir='ltr'><strong>Cir.</strong></span> <span class='ocrx_word' id='word_1_164' title='bbox 646 2748 836 2811; x_wconf 81' lang='lat' dir='ltr'><strong>0d.t‚o,33:</strong></span> <span class='ocrx_word' id='word_1_165' title='bbox 876 2749 1002 2800; x_wconf 89' lang='lat' dir='ltr'><strong>carmina.</strong></span> <span class='ocrx_word' id='word_1_166' title='bbox 1024 2774 1051 2786; x_wconf 89' lang='lat'><em>—</em></span> <span class='ocrx_word' id='word_1_167' title='bbox 1080 2751 1189 2812; x_wconf 80' lang='lat' dir='ltr'><strong>Optalir]</strong></span> <span class='ocrx_word' id='word_1_168' title='bbox 1209 2749 1260 2800; x_wconf 73' lang='lat' dir='ltr'><strong>«ab</strong></span> <span class='ocrx_word' id='word_1_169' title='bbox 1278 2751 1398 2803; x_wconf 87' lang='lat' dir='ltr'><strong>omnibus</strong></span> 
     </span>
     <span class='ocr_line' id='line_1_23' title="bbox 310 2819 1397 2889; baseline 0.006 -18"><span class='ocrx_word' id='word_1_170' title='bbox 310 2823 401 2872; x_wconf 80' lang='lat' dir='ltr'><strong>lividas</strong></span> <span class='ocrx_word' id='word_1_171' title='bbox 421 2820 565 2872; x_wconf 74' lang='lat' dir='ltr'><strong>obliviones.</strong></span> <span class='ocrx_word' id='word_1_172' title='bbox 584 2819 838 2889; x_wconf 80' lang='lat' dir='ltr'><strong>Victoremapoiita</strong></span> <span class='ocrx_word' id='word_1_173' title='bbox 875 2825 938 2875; x_wconf 88' lang='lat' dir='ltr'><strong>viris</strong></span> <span class='ocrx_word' id='word_1_174' title='bbox 963 2825 1115 2887; x_wconf 82' lang='lat' dir='ltr'><strong>generosis,</strong></span> <span class='ocrx_word' id='word_1_175' title='bbox 1154 2826 1200 2889; x_wconf 86' lang='lat' dir='ltr'><strong>qui</strong></span> <span class='ocrx_word' id='word_1_176' title='bbox 1234 2825 1319 2878; x_wconf 86' lang='lat' dir='ltr'><strong>robus</strong></span> <span class='ocrx_word' id='word_1_177' title='bbox 1348 2829 1397 2878; x_wconf 82' lang='lat' dir='ltr'><strong>suis</strong></span> 
     </span>
     <span class='ocr_line' id='line_1_24' title="bbox 310 2891 1397 2971; baseline 0.004 -23"><span class='ocrx_word' id='word_1_178' title='bbox 310 2895 477 2948; x_wconf 82' lang='lat' dir='ltr'><strong>celebratum</strong></span> <span class='ocrx_word' id='word_1_179' title='bbox 488 2891 610 2963; x_wconf 77' lang='grc' dir='ltr'><strong><em>σιγαλὸν</em></strong></span> <span class='ocrx_word' id='word_1_180' title='bbox 620 2891 787 2961; x_wconf 81' lang='grc' dir='ltr'><strong><em>ἀμαχανίαν</em></strong></span> <span class='ocrx_word' id='word_1_181' title='bbox 795 2893 839 2971; x_wconf 72' lang='grc' dir='ltr'><strong>ἔρ</strong></span> <span class='ocrx_word' id='word_1_182' title='bbox 875 2900 957 2962; x_wconf 82' lang='lat' dir='ltr'><strong>gestis</strong></span> <span class='ocrx_word' id='word_1_183' title='bbox 970 2899 1004 2949; x_wconf 88' lang='lat' dir='ltr'><strong>ad</strong></span> <span class='ocrx_word' id='word_1_184' title='bbox 1017 2899 1244 2950; x_wconf 83' lang='lat' dir='ltr'><strong>immortalitatem</strong></span> <span class='ocrx_word' id='word_1_185' title='bbox 1256 2901 1397 2966; x_wconf 85' lang='lat' dir='ltr'><strong>aspirant·</strong></span> 
     </span>
     <span class='ocr_line' id='line_1_25' title="bbox 309 2966 1399 3040; baseline 0.006 -19"><span class='ocrx_word' id='word_1_186' title='bbox 309 2989 351 3040; x_wconf 78' lang='grc' dir='ltr'><strong>γῳ</strong></span> <span class='ocrx_word' id='word_1_187' title='bbox 367 2966 500 3038; x_wconf 78' lang='grc' dir='ltr'><strong><em>φυγόντα</em></strong></span> <span class='ocrx_word' id='word_1_188' title='bbox 519 2975 598 3023; x_wconf 83' lang='lat' dir='ltr'><strong>vocat</strong></span> <span class='ocrx_word' id='word_1_189' title='bbox 614 2973 742 3025; x_wconf 86' lang='lat' dir='ltr'><strong>Pindarus</strong></span> <span class='ocrx_word' id='word_1_190' title='bbox 759 2977 836 3038; x_wconf 80' lang='lat' dir='ltr'><strong>Pytb.</strong></span> <span class='ocrx_word' id='word_1_191' title='bbox 875 2973 1044 3025; x_wconf 87' lang='lat' dir='ltr'><strong>Hermannus</strong></span> <span class='ocrx_word' id='word_1_192' title='bbox 1070 2977 1096 3025; x_wconf 89' lang='lat' dir='ltr'><strong>in</strong></span> <span class='ocrx_word' id='word_1_193' title='bbox 1118 2989 1188 3026; x_wconf 82' lang='lat' dir='ltr'><strong>nova</strong></span> <span class='ocrx_word' id='word_1_194' title='bbox 1210 2989 1259 3027; x_wconf 85' lang='lat' dir='ltr'><strong>sue</strong></span> <span class='ocrx_word' id='word_1_195' title='bbox 1278 2977 1399 3028; x_wconf 83' lang='lat' dir='ltr'><strong>carminis</strong></span> 
     </span>
     <span class='ocr_line' id='line_1_26' title="bbox 309 3047 1398 3118; baseline 0.007 -22"><span class='ocrx_word' id='word_1_196' title='bbox 309 3047 340 3108; x_wconf 96' lang='grc'><strong>9,</strong></span> <span class='ocrx_word' id='word_1_197' title='bbox 360 3047 400 3096; x_wconf 73' lang='grc'><strong>92.</strong></span> <span class='ocrx_word' id='word_1_198' title='bbox 875 3050 1076 3100; x_wconf 86' lang='lat' dir='ltr'><strong>constitutione:</strong></span> <span class='ocrx_word' id='word_1_199' title='bbox 1097 3049 1199 3100; x_wconf 75' lang='lat' dir='ltr'><strong>otialis.</strong></span> <span class='ocrx_word' id='word_1_200' title='bbox 1220 3078 1249 3088; x_wconf 90' lang='lat'>—</span> <span class='ocrx_word' id='word_1_201' title='bbox 1277 3051 1398 3118; x_wconf 67' lang='lat' dir='ltr'><strong>amun]</strong></span> 
     </span>
    </p>

    <p class='ocr_par' dir='ltr' id='par_1_5' title="bbox 305 3121 1399 4238">
     <span class='ocr_line' id='line_1_27' title="bbox 341 3121 1399 3189; baseline 0.006 -19"><span class='ocrx_word' id='word_1_202' title='bbox 341 3121 374 3171; x_wconf 77' lang='grc'><strong>66</strong></span> <span class='ocrx_word' id='word_1_203' title='bbox 388 3147 404 3158; x_wconf 93' lang='grc'>-</span> <span class='ocrx_word' id='word_1_204' title='bbox 418 3121 459 3171; x_wconf 78' lang='lat' dir='ltr'><strong>tt.</strong></span> <span class='ocrx_word' id='word_1_205' title='bbox 493 3121 617 3184; x_wconf 77' lang='grc' dir='ltr'><strong><em>Αοοοαον]</em></strong></span> <span class='ocrx_word' id='word_1_206' title='bbox 650 3123 696 3186; x_wconf 81' lang='lat' dir='ltr'><strong>qui</strong></span> <span class='ocrx_word' id='word_1_207' title='bbox 724 3123 837 3174; x_wconf 91' lang='lat' dir='ltr'><strong>immor·</strong></span> <span class='ocrx_word' id='word_1_208' title='bbox 874 3123 1084 3174; x_wconf 85' lang='lat' dir='ltr'><strong>Pulcherrimam</strong></span> <span class='ocrx_word' id='word_1_209' title='bbox 1100 3125 1243 3189; x_wconf 81' lang='lat' dir='ltr'><strong>imaginem</strong></span> <span class='ocrx_word' id='word_1_210' title='bbox 1253 3127 1399 3178; x_wconf 82' lang='lat' dir='ltr'><strong>Herculisa</strong></span> 
     </span>
     <span class='ocr_line' id='line_1_28' title="bbox 309 3193 1398 3266; baseline 0.004 -20"><span class='ocrx_word' id='word_1_211' title='bbox 309 3193 401 3246; x_wconf 84' lang='lat' dir='ltr'><strong>talitali</strong></span> <span class='ocrx_word' id='word_1_212' title='bbox 435 3197 607 3246; x_wconf 86' lang='lat' dir='ltr'><strong>consecratus</strong></span> <span class='ocrx_word' id='word_1_213' title='bbox 641 3209 722 3262; x_wconf 89' lang='lat' dir='ltr'><strong>saepe</strong></span> <span class='ocrx_word' id='word_1_214' title='bbox 752 3197 838 3248; x_wconf 88' lang='lat' dir='ltr'><strong>laudi·</strong></span> <span class='ocrx_word' id='word_1_215' title='bbox 874 3193 936 3248; x_wconf 82' lang='lat' dir='ltr'><strong>loire</strong></span> <span class='ocrx_word' id='word_1_216' title='bbox 947 3199 1096 3250; x_wconf 85' lang='lat' dir='ltr'><strong>etVietorie</strong></span> <span class='ocrx_word' id='word_1_217' title='bbox 1109 3200 1136 3249; x_wconf 90' lang='lat' dir='ltr'><strong>in</strong></span> <span class='ocrx_word' id='word_1_218' title='bbox 1148 3197 1222 3250; x_wconf 82' lang='lat' dir='ltr'><strong>eaelo</strong></span> <span class='ocrx_word' id='word_1_219' title='bbox 1231 3201 1398 3266; x_wconf 86' lang='lat' dir='ltr'><strong>receptivide</strong></span> 
     </span>
     <span class='ocr_line' id='line_1_29' title="bbox 309 3267 1397 3338; baseline 0.004 -18"><span class='ocrx_word' id='word_1_220' title='bbox 309 3270 361 3321; x_wconf 91' lang='lat' dir='ltr'><strong>bus</strong></span> <span class='ocrx_word' id='word_1_221' title='bbox 373 3267 552 3320; x_wconf 84' lang='lat' dir='ltr'><strong>celebratura</strong></span> <span class='ocrx_word' id='word_1_222' title='bbox 564 3271 692 3332; x_wconf 89' lang='lat' dir='ltr'><strong>Pindaro,</strong></span> <span class='ocrx_word' id='word_1_223' title='bbox 712 3271 772 3322; x_wconf 88' lang='lat' dir='ltr'><strong>loeo</strong></span> <span class='ocrx_word' id='word_1_224' title='bbox 786 3273 838 3323; x_wconf 90' lang='lat' dir='ltr'><strong>irn-</strong></span> <span class='ocrx_word' id='word_1_225' title='bbox 875 3272 947 3337; x_wconf 88' lang='lat' dir='ltr'><strong>apud</strong></span> <span class='ocrx_word' id='word_1_226' title='bbox 959 3273 1078 3323; x_wconf 81' lang='lat' dir='ltr'><strong>Gerhard</strong></span> <span class='ocrx_word' id='word_1_227' title='bbox 1092 3275 1196 3338; x_wconf 74' lang='lat' dir='ltr'><strong>Vnsenp.</strong></span> <span class='ocrx_word' id='word_1_228' title='bbox 1207 3275 1238 3324; x_wconf 90' lang='lat'><strong>11.</strong></span> <span class='ocrx_word' id='word_1_229' title='bbox 1253 3276 1281 3325; x_wconf 82' lang='grc' dir='ltr'><strong>Τ.</strong></span> <span class='ocrx_word' id='word_1_230' title='bbox 1294 3277 1397 3326; x_wconf 75' lang='lat' dir='ltr'>CXLIII.</span> 
     </span>
     <span class='ocr_line' id='line_1_30' title="bbox 308 3344 1397 3412; baseline 0.004 -16"><span class='ocrx_word' id='word_1_231' title='bbox 308 3346 402 3410; x_wconf 89' lang='lat' dir='ltr'><strong>primis</strong></span> <span class='ocrx_word' id='word_1_232' title='bbox 428 3344 537 3396; x_wconf 85' lang='lat' dir='ltr'><strong>notabili</strong></span> <span class='ocrx_word' id='word_1_233' title='bbox 567 3345 660 3396; x_wconf 90' lang='lat' dir='ltr'><strong>Isthm.</strong></span> <span class='ocrx_word' id='word_1_234' title='bbox 689 3347 704 3396; x_wconf 82' lang='lat'><strong>7</strong></span> <span class='ocrx_word' id='word_1_235' title='bbox 733 3346 773 3412; x_wconf 81' lang='lat' dir='ltr'><strong>[ai.</strong></span> <span class='ocrx_word' id='word_1_236' title='bbox 802 3349 835 3412; x_wconf 80' lang='grc'><strong>8),</strong></span> <span class='ocrx_word' id='word_1_237' title='bbox 876 3375 904 3384; x_wconf 93' lang='grc'><strong>-</strong></span> <span class='ocrx_word' id='word_1_238' title='bbox 933 3347 1104 3410; x_wconf 66' lang='lat' dir='ltr'><strong>limandae]</strong></span> <span class='ocrx_word' id='word_1_239' title='bbox 1130 3349 1225 3400; x_wconf 83' lang='lat' dir='ltr'><strong>Castor</strong></span> <span class='ocrx_word' id='word_1_240' title='bbox 1249 3351 1277 3400; x_wconf 84' lang='lat' dir='ltr'><strong>ot</strong></span> <span class='ocrx_word' id='word_1_241' title='bbox 1296 3349 1397 3410; x_wconf 81' lang='lat' dir='ltr'><strong>Pollux,</strong></span> 
     </span>
     <span class='ocr_line' id='line_1_31' title="bbox 309 3413 1396 3488; baseline 0.003 -18"><span class='ocrx_word' id='word_1_242' title='bbox 309 3419 366 3481; x_wconf 68' lang='grc'><strong>29,</strong></span> <span class='ocrx_word' id='word_1_243' title='bbox 385 3418 478 3470; x_wconf 82' lang='lat' dir='ltr'><strong>ubido</strong></span> <span class='ocrx_word' id='word_1_244' title='bbox 491 3417 612 3470; x_wconf 88' lang='lat' dir='ltr'><strong>oodioit:</strong></span> <span class='ocrx_word' id='word_1_245' title='bbox 636 3413 715 3470; x_wconf 78' lang='grc' dir='ltr'><strong><em>ὃκαὶ</em></strong></span> <span class='ocrx_word' id='word_1_246' title='bbox 725 3419 837 3486; x_wconf 89' lang='grc' dir='ltr'><strong><em>Δαιμό-</em></strong></span> <span class='ocrx_word' id='word_1_247' title='bbox 873 3421 967 3484; x_wconf 75' lang='lat' dir='ltr'><strong>[ratres</strong></span> <span class='ocrx_word' id='word_1_248' title='bbox 990 3421 1112 3482; x_wconf 70' lang='grc' dir='ltr'><strong><em>Ηοὶνοοο,</em></strong></span> <span class='ocrx_word' id='word_1_249' title='bbox 1131 3422 1215 3472; x_wconf 80' lang='lat' dir='ltr'><strong>lueida</strong></span> <span class='ocrx_word' id='word_1_250' title='bbox 1231 3424 1332 3488; x_wconf 78' lang='lat' dir='ltr'><strong>sideru,</strong></span> <span class='ocrx_word' id='word_1_251' title='bbox 1354 3424 1396 3475; x_wconf 82' lang='lat' dir='ltr'><strong>od.</strong></span> 
     </span>
     <span class='ocr_line' id='line_1_32' title="bbox 308 3490 1399 3564; baseline 0.005 -22"><span class='ocrx_word' id='word_1_252' title='bbox 308 3507 392 3544; x_wconf 78' lang='lat' dir='ltr'><strong>vsoot</strong></span> <span class='ocrx_word' id='word_1_253' title='bbox 414 3490 496 3556; x_wconf 80' lang='grc' dir='ltr'><strong><em>δίκας</em></strong></span> <span class='ocrx_word' id='word_1_254' title='bbox 510 3490 661 3564; x_wconf 78' lang='grc' dir='ltr'><strong><em>ἐπείραινε.</em></strong></span> <span class='ocrx_word' id='word_1_255' title='bbox 685 3521 712 3531; x_wconf 94' lang='grc'><strong>-</strong></span> <span class='ocrx_word' id='word_1_256' title='bbox 743 3496 836 3561; x_wconf 79' lang='lat' dir='ltr'><strong>Virtus]</strong></span> <span class='ocrx_word' id='word_1_257' title='bbox 875 3496 985 3558; x_wconf 75' lang='lat' dir='ltr'><strong>t‚3,2.</strong></span> <span class='ocrx_word' id='word_1_258' title='bbox 1007 3522 1035 3533; x_wconf 91' lang='lat'><em>-</em></span> <span class='ocrx_word' id='word_1_259' title='bbox 1054 3495 1086 3545; x_wconf 81' lang='lat' dir='ltr'><strong>ab</strong></span> <span class='ocrx_word' id='word_1_260' title='bbox 1103 3497 1203 3561; x_wconf 71' lang='lat' dir='ltr'><strong>infimis]</strong></span> <span class='ocrx_word' id='word_1_261' title='bbox 1220 3496 1324 3548; x_wconf 84' lang='lat' dir='ltr'><strong>Eadem</strong></span> <span class='ocrx_word' id='word_1_262' title='bbox 1342 3511 1399 3550; x_wconf 84' lang='lat' dir='ltr'><strong>eon·</strong></span> 
     </span>
     <span class='ocr_line' id='line_1_33' title="bbox 310 3567 1396 3636; baseline 0.006 -23"><span class='ocrx_word' id='word_1_263' title='bbox 310 3568 366 3618; x_wconf 75' lang='lat' dir='ltr'><strong>«vis</strong></span> <span class='ocrx_word' id='word_1_264' title='bbox 390 3569 500 3631; x_wconf 77' lang='lat' dir='ltr'><strong>ingenii,</strong></span> <span class='ocrx_word' id='word_1_265' title='bbox 528 3567 639 3620; x_wconf 78' lang='lat' dir='ltr'><strong>incultas</strong></span> <span class='ocrx_word' id='word_1_266' title='bbox 660 3571 791 3634; x_wconf 66' lang='lat' dir='ltr'><strong>postica.»</strong></span> <span class='ocrx_word' id='word_1_267' title='bbox 807 3599 833 3610; x_wconf 94' lang='lat'>-</span> <span class='ocrx_word' id='word_1_268' title='bbox 874 3572 984 3621; x_wconf 86' lang='lat' dir='ltr'><strong>structio</strong></span> <span class='ocrx_word' id='word_1_269' title='bbox 1011 3572 1092 3622; x_wconf 85' lang='lat' dir='ltr'><strong>eliam</strong></span> <span class='ocrx_word' id='word_1_270' title='bbox 1119 3572 1145 3621; x_wconf 89' lang='lat' dir='ltr'><strong>in</strong></span> <span class='ocrx_word' id='word_1_271' title='bbox 1165 3583 1246 3636; x_wconf 86' lang='lat' dir='ltr'><strong>prosa</strong></span> <span class='ocrx_word' id='word_1_272' title='bbox 1271 3575 1396 3624; x_wconf 83' lang='lat' dir='ltr'><strong>oratioue.</strong></span> 
     </span>
     <span class='ocr_line' id='line_1_34' title="bbox 305 3640 1398 3711; baseline 0.008 -22"><span class='ocrx_word' id='word_1_273' title='bbox 305 3640 459 3705; x_wconf 81' lang='lat' dir='ltr'><strong>potentium]</strong></span> <span class='ocrx_word' id='word_1_274' title='bbox 485 3643 515 3691; x_wconf 90' lang='lat' dir='ltr'><strong>ut</strong></span> <span class='ocrx_word' id='word_1_275' title='bbox 539 3641 588 3692; x_wconf 90' lang='lat' dir='ltr'><strong>Od.</strong></span> <span class='ocrx_word' id='word_1_276' title='bbox 608 3643 638 3706; x_wconf 90' lang='grc'><strong>3,</strong></span> <span class='ocrx_word' id='word_1_277' title='bbox 657 3644 703 3706; x_wconf 88' lang='grc'><strong>30,</strong></span> <span class='ocrx_word' id='word_1_278' title='bbox 724 3645 772 3696; x_wconf 69' lang='lat' dir='ltr'><strong>li:</strong></span> <span class='ocrx_word' id='word_1_279' title='bbox 805 3659 838 3697; x_wconf 76' lang='grc' dir='ltr'><strong><em>ον</em></strong></span> <span class='ocrx_word' id='word_1_280' title='bbox 873 3643 984 3696; x_wconf 85' lang='lat' dir='ltr'><strong>Rutilius</strong></span> <span class='ocrx_word' id='word_1_281' title='bbox 1000 3647 1067 3711; x_wconf 92' lang='lat' dir='ltr'><strong>Lup.</strong></span> <span class='ocrx_word' id='word_1_282' title='bbox 1085 3646 1117 3708; x_wconf 74' lang='lat'><strong>2,</strong></span> <span class='ocrx_word' id='word_1_283' title='bbox 1136 3645 1168 3697; x_wconf 72' lang='lat' dir='ltr'><strong>i:</strong></span> <span class='ocrx_word' id='word_1_284' title='bbox 1197 3651 1226 3698; x_wconf 81' lang='lat' dir='ltr'><strong>ut</strong></span> <span class='ocrx_word' id='word_1_285' title='bbox 1247 3659 1273 3697; x_wconf 79' lang='lat' dir='ltr'><strong>se</strong></span> <span class='ocrx_word' id='word_1_286' title='bbox 1295 3649 1398 3698; x_wconf 68' lang='grc' dir='ltr'><strong><em>αοοὶν-</em></strong></span> 
     </span>
     <span class='ocr_line' id='line_1_35' title="bbox 309 3715 1395 3786; baseline 0.004 -22"><span class='ocrx_word' id='word_1_287' title='bbox 309 3715 397 3764; x_wconf 76' lang='lat' dir='ltr'><strong>bannili</strong></span> <span class='ocrx_word' id='word_1_288' title='bbox 405 3720 500 3777; x_wconf 77' lang='lat' dir='ltr'><strong>poisns.</strong></span> <span class='ocrx_word' id='word_1_289' title='bbox 535 3717 646 3767; x_wconf 79' lang='lat' dir='ltr'><strong>Potentes</strong></span> <span class='ocrx_word' id='word_1_290' title='bbox 657 3721 720 3770; x_wconf 87' lang='lat' dir='ltr'><strong>suut</strong></span> <span class='ocrx_word' id='word_1_291' title='bbox 730 3721 835 3784; x_wconf 81' lang='lat' dir='ltr'><strong>potitae,</strong></span> <span class='ocrx_word' id='word_1_292' title='bbox 873 3720 1040 3770; x_wconf 79' lang='lat' dir='ltr'><strong>mainloribus</strong></span> <span class='ocrx_word' id='word_1_293' title='bbox 1056 3721 1179 3783; x_wconf 73' lang='lat' dir='ltr'><strong>eripiatis.</strong></span> <span class='ocrx_word' id='word_1_294' title='bbox 1214 3721 1290 3772; x_wconf 82' lang='lat' dir='ltr'><strong>idern</strong></span> <span class='ocrx_word' id='word_1_295' title='bbox 1306 3724 1336 3786; x_wconf 78' lang='lat'><strong>2,</strong></span> <span class='ocrx_word' id='word_1_296' title='bbox 1353 3723 1395 3774; x_wconf 78' lang='lat' dir='ltr'><strong>li:</strong></span> 
     </span>
     <span class='ocr_line' id='line_1_36' title="bbox 310 3790 1395 3860; baseline 0.009 -22"><span class='ocrx_word' id='word_1_297' title='bbox 310 3791 443 3853; x_wconf 84' lang='lat' dir='ltr'><strong>quatenus</strong></span> <span class='ocrx_word' id='word_1_298' title='bbox 480 3790 707 3843; x_wconf 83' lang='lat' dir='ltr'><strong>immortalitatem</strong></span> <span class='ocrx_word' id='word_1_299' title='bbox 735 3793 837 3845; x_wconf 87' lang='lat' dir='ltr'><strong>donare</strong></span> <span class='ocrx_word' id='word_1_300' title='bbox 873 3796 952 3845; x_wconf 80' lang='lat' dir='ltr'><strong>socios</strong></span> <span class='ocrx_word' id='word_1_301' title='bbox 968 3801 1066 3846; x_wconf 81' lang='lat' dir='ltr'><strong>nostros</strong></span> <span class='ocrx_word' id='word_1_302' title='bbox 1082 3797 1112 3846; x_wconf 83' lang='lat' dir='ltr'><strong>de</strong></span> <span class='ocrx_word' id='word_1_303' title='bbox 1127 3796 1244 3847; x_wconf 72' lang='lat' dir='ltr'><strong>reinduto</strong></span> <span class='ocrx_word' id='word_1_304' title='bbox 1254 3799 1395 3860; x_wconf 60' lang='grc' dir='ltr'><strong><em>αἱροῦσιν.</em></strong></span> 
     </span>
     <span class='ocr_line' id='line_1_37' title="bbox 310 3864 1397 3956; baseline 0.008 -44"><span class='ocrx_word' id='word_1_305' title='bbox 310 3864 838 3932; x_wconf 67' lang='lat' dir='ltr'><strong>possunt.-dioittbur-inrulislaior-</strong></span> <span class='ocrx_word' id='word_1_306' title='bbox 877 3867 1397 3956; x_wconf 68' lang='lat' dir='ltr'><strong>—oripiuptllheocr.22,ll:’1l.l&#39;</strong></span> 
     </span>
     <span class='ocr_line' id='line_1_38' title="bbox 310 3936 1396 4030; baseline 0.009 -42"><span class='ocrx_word' id='word_1_307' title='bbox 310 3936 434 3988; x_wconf 75' lang='lat' dir='ltr'><strong>tunntisn.</strong></span> <span class='ocrx_word' id='word_1_308' title='bbox 469 3937 542 3987; x_wconf 83' lang='lat' dir='ltr'><strong>Sic</strong></span> <span class='ocrx_word' id='word_1_309' title='bbox 535 3951 588 3989; x_wconf 85' lang='lat' dir='ltr'><strong>ram</strong></span> <span class='ocrx_word' id='word_1_310' title='bbox 614 3941 699 4004; x_wconf 87' lang='lat' dir='ltr'><strong>Epod.</strong></span> <span class='ocrx_word' id='word_1_311' title='bbox 726 3941 773 4003; x_wconf 85' lang='grc'><strong>66,</strong></span> <span class='ocrx_word' id='word_1_312' title='bbox 794 3943 835 3995; x_wconf 70' lang='lat' dir='ltr'><strong>ii.</strong></span> <span class='ocrx_word' id='word_1_313' title='bbox 874 3937 969 4008; x_wconf 76' lang='grc' dir='ltr'><strong><em>ομπας</em></strong></span> <span class='ocrx_word' id='word_1_314' title='bbox 996 3937 1079 4008; x_wconf 78' lang='grc' dir='ltr'><strong><em>ὑμεῖς</em></strong></span> <span class='ocrx_word' id='word_1_315' title='bbox 1105 3959 1138 4030; x_wconf 77' lang='lat' dir='ltr'><strong>ys</strong></span> <span class='ocrx_word' id='word_1_316' title='bbox 1166 3945 1217 3994; x_wconf 76' lang='lat' dir='ltr'><strong>nal</strong></span> <span class='ocrx_word' id='word_1_317' title='bbox 1243 3943 1277 3996; x_wconf 77' lang='grc' dir='ltr'><strong>ἐκ</strong></span> <span class='ocrx_word' id='word_1_318' title='bbox 1305 3941 1396 4006; x_wconf 71' lang='lat' dir='ltr'><strong>perot</strong></span> 
     </span>
     <span class='ocr_line' id='line_1_39' title="bbox 308 4007 1396 4100; baseline 0.006 -36"><span class='ocrx_word' id='word_1_319' title='bbox 308 4008 362 4074; x_wconf 81' lang='grc' dir='ltr'><strong>τὰς</strong></span> <span class='ocrx_word' id='word_1_320' title='bbox 377 4007 518 4083; x_wconf 78' lang='grc' dir='ltr'><strong><em>μακάρων</em></strong></span> <span class='ocrx_word' id='word_1_321' title='bbox 538 4009 648 4100; x_wconf 78' lang='grc' dir='ltr'><strong><em>νήσοος</em></strong></span> <span class='ocrx_word' id='word_1_322' title='bbox 669 4019 836 4067; x_wconf 83' lang='lat' dir='ltr'><strong>vocarat.-</strong></span> <span class='ocrx_word' id='word_1_323' title='bbox 874 4011 970 4068; x_wconf 71' lang='lat' dir='ltr'><strong>rixata</strong></span> <span class='ocrx_word' id='word_1_324' title='bbox 997 4015 1069 4081; x_wconf 84' lang='grc' dir='ltr'><strong><em>νᾰας</em></strong></span> <span class='ocrx_word' id='word_1_325' title='bbox 1093 4011 1232 4070; x_wconf 77' lang='grc' dir='ltr'><strong><em>Αὐτσῐσιν</em></strong></span> <span class='ocrx_word' id='word_1_326' title='bbox 1263 4018 1396 4091; x_wconf 74' lang='grc' dir='ltr'><strong><em>ναύτῃσιν</em></strong></span> 
     </span>
     <span class='ocr_line' id='line_1_40' title="bbox 308 4074 1393 4158; baseline 0.004 -18"><span class='ocrx_word' id='word_1_327' title='bbox 308 4087 446 4154; x_wconf 82' lang='lat' dir='ltr'><strong>consecrat]</strong></span> <span class='ocrx_word' id='word_1_328' title='bbox 460 4090 571 4139; x_wconf 84' lang='lat' dir='ltr'><strong>Sanctae</strong></span> <span class='ocrx_word' id='word_1_329' title='bbox 585 4089 657 4140; x_wconf 87' lang='lat' dir='ltr'><strong>enirn</strong></span> <span class='ocrx_word' id='word_1_330' title='bbox 668 4092 730 4140; x_wconf 91' lang='lat' dir='ltr'><strong>sunt</strong></span> <span class='ocrx_word' id='word_1_331' title='bbox 742 4103 837 4143; x_wconf 83' lang='lat' dir='ltr'><strong>omnes</strong></span> <span class='ocrx_word' id='word_1_332' title='bbox 875 4087 1022 4158; x_wconf 59' lang='lat' dir='ltr'><strong>dientem&lt;</strong></span> <span class='ocrx_word' id='word_1_333' title='bbox 1031 4091 1198 4144; x_wconf 77' lang='grc' dir='ltr'><strong><em>θανέεσθαι.</em></strong></span> <span class='ocrx_word' id='word_1_334' title='bbox 1209 4093 1299 4158; x_wconf 85' lang='lat' dir='ltr'><strong>Eurip.</strong></span> <span class='ocrx_word' id='word_1_335' title='bbox 1305 4074 1393 4144; x_wconf 78' lang='lat' dir='ltr'><strong>lil&#39;eetr.</strong></span> 
     </span>
     <span class='ocr_line' id='line_1_41' title="bbox 309 4161 1394 4256; baseline 0.004 -42"><span class='ocrx_word' id='word_1_336' title='bbox 309 4161 390 4228; x_wconf 84' lang='lat' dir='ltr'><strong>Elysii</strong></span> <span class='ocrx_word' id='word_1_337' title='bbox 407 4163 530 4214; x_wconf 86' lang='lat' dir='ltr'><strong>umbras.</strong></span> <span class='ocrx_word' id='word_1_338' title='bbox 559 4162 612 4213; x_wconf 87' lang='lat' dir='ltr'><strong>Cio.</strong></span> <span class='ocrx_word' id='word_1_339' title='bbox 635 4163 699 4214; x_wconf 86' lang='lat' dir='ltr'><strong>Phil.</strong></span> <span class='ocrx_word' id='word_1_340' title='bbox 722 4164 768 4227; x_wconf 85' lang='lat' dir='ltr'><strong>ll,</strong></span> <span class='ocrx_word' id='word_1_341' title='bbox 787 4167 835 4216; x_wconf 74' lang='lat'><strong>⁴2:</strong></span> <span class='ocrx_word' id='word_1_342' title='bbox 874 4166 939 4216; x_wconf 83' lang='grc' dir='ltr'><strong>99οε</strong></span> <span class='ocrx_word' id='word_1_343' title='bbox 968 4163 1087 4256; x_wconf 78' lang='grc' dir='ltr'><strong><em>κρθρριν</em></strong></span> <span class='ocrx_word' id='word_1_344' title='bbox 1104 4163 1190 4231; x_wconf 83' lang='grc' dir='ltr'>Διός,</span> <span class='ocrx_word' id='word_1_345' title='bbox 1209 4165 1239 4216; x_wconf 78' lang='grc' dir='ltr'><strong>οἳ</strong></span> <span class='ocrx_word' id='word_1_346' title='bbox 1254 4164 1394 4238; x_wconf 76' lang='grc' dir='ltr'><strong><em>φλογερὸν</em></strong></span> 
     </span>
    </p>
   </div>
   <div class='ocr_carea' id='block_1_5' title="bbox 309 4235 1496 4388">
    <p class='ocr_par' dir='ltr' id='par_1_6' title="bbox 309 4235 1496 4388">
     <span class='ocr_line' id='line_1_42' title="bbox 309 4235 1496 4332; baseline 0.004 -43"><span class='ocrx_word' id='word_1_347' title='bbox 309 4240 453 4302; x_wconf 70' lang='lat' dir='ltr'><strong>fortissimi,</strong></span> <span class='ocrx_word' id='word_1_348' title='bbox 481 4240 541 4288; x_wconf 71' lang='lat' dir='ltr'><strong>deun</strong></span> <span class='ocrx_word' id='word_1_349' title='bbox 556 4239 667 4300; x_wconf 66' lang='lat' dir='ltr'><strong>meotis,</strong></span> <span class='ocrx_word' id='word_1_350' title='bbox 694 4253 761 4290; x_wconf 82' lang='grc' dir='ltr'><strong><em>ηνοο</em></strong></span> <span class='ocrx_word' id='word_1_351' title='bbox 777 4253 838 4290; x_wconf 79' lang='grc' dir='ltr'><strong><em>οονο</em></strong></span> <span class='ocrx_word' id='word_1_352' title='bbox 875 4239 998 4324; x_wconf 82' lang='grc' dir='ltr'><strong><em>αἰθέρ’</em></strong></span> <span class='ocrx_word' id='word_1_353' title='bbox 984 4257 1015 4292; x_wconf 78' lang='grc' dir='ltr'><strong><em>εν</em></strong></span> <span class='ocrx_word' id='word_1_354' title='bbox 1023 4235 1151 4332; x_wconf 79' lang='grc' dir='ltr'><strong><em>ἄστροις</em></strong></span> <span class='ocrx_word' id='word_1_355' title='bbox 1167 4242 1305 4304; x_wconf 77' lang='grc' dir='ltr'><strong><em>Ναίονσι,</em></strong></span> <span class='ocrx_word' id='word_1_356' title='bbox 1319 4241 1393 4310; x_wconf 85' lang='grc' dir='ltr'><strong><em>βρο-</em></strong></span> <span class='ocrx_word' id='word_1_357' title='bbox 1495 4243 1496 4268; x_wconf 63' lang='lat'>¹</span> 
     </span>
     <span class='ocr_line' id='line_1_43' title="bbox 310 4310 1496 4388; baseline 0.002 -23"><span class='ocrx_word' id='word_1_358' title='bbox 310 4315 386 4366; x_wconf 81' lang='lat' dir='ltr'><strong>eliam</strong></span> <span class='ocrx_word' id='word_1_359' title='bbox 402 4313 552 4366; x_wconf 73' lang='lat' dir='ltr'><strong>mnolisrimi</strong></span> <span class='ocrx_word' id='word_1_360' title='bbox 568 4313 665 4366; x_wconf 70' lang='lat' dir='ltr'><strong>militm.</strong></span> <span class='ocrx_word' id='word_1_361' title='bbox 684 4315 786 4366; x_wconf 85' lang='lat' dir='ltr'><strong>Seneca</strong></span> <span class='ocrx_word' id='word_1_362' title='bbox 802 4314 837 4365; x_wconf 82' lang='lat' dir='ltr'><strong>de</strong></span> <span class='ocrx_word' id='word_1_363' title='bbox 875 4311 932 4366; x_wconf 84' lang='grc' dir='ltr'><strong><em>τῶν</em></strong></span> <span class='ocrx_word' id='word_1_364' title='bbox 957 4313 988 4366; x_wconf 82' lang='grc' dir='ltr'><strong><em>ἐν</em></strong></span> <span class='ocrx_word' id='word_1_365' title='bbox 1013 4310 1085 4381; x_wconf 81' lang='grc' dir='ltr'><strong><em>ἁλὸς</em></strong></span> <span class='ocrx_word' id='word_1_366' title='bbox 1101 4311 1215 4388; x_wconf 78' lang='grc' dir='ltr'><strong><em>ροθὶοις</em></strong></span> <span class='ocrx_word' id='word_1_367' title='bbox 1232 4311 1324 4382; x_wconf 83' lang='grc' dir='ltr'><strong><em>Τνμὰς</em></strong></span> <span class='ocrx_word' id='word_1_368' title='bbox 1340 4331 1392 4368; x_wconf 80' lang='grc' dir='ltr'><strong>σω-</strong></span> <span class='ocrx_word' id='word_1_369' title='bbox 1495 4345 1496 4348; x_wconf 61' lang='lat'><em>=</em></span> 
     </span>
    </p>
   </div>
   <div class='ocr_carea' id='block_1_6' title="bbox 0 0 1511 4978">
    <p class='ocr_par' dir='ltr' id='par_1_7' title="bbox 0 0 1511 4978">
     <span class='ocr_line' id='line_1_44' title="bbox 0 0 1511 4978; baseline 0 0"><span class='ocrx_word' id='word_1_370' title='bbox 0 0 1511 4978; x_wconf 95' lang='lat' dir='ltr'><strong> </strong></span> 
     </span>
    </p>
   </div>
  </div>
 </body>
</html>
