3078 4978
532 457 633 509 LIBER.
669 459 766 510 canti.
785 457 827 508 lll.

273 614 399 682 lnachia
421 615 543 690 iurare,
567 613 656 680 silvis
677 613 834 680 honorem
857 611 986 678 decutit.

228 737 298 803 Heu
321 758 389 813 me,
413 756 472 824 per
494 735 612 804 Urbem
627 773 669 784 -
684 757 758 800 narn
779 733 882 822 pudet
902 735 978 800 tanti
1001 733 1075 802 mali
1090 771 1132 784 —

271 857 391 924 Fabula
411 868 532 946 quanta
550 857 609 922 iuil
634 857 862 924 Conviviorum
886 866 918 922 et
939 857 1097 943 poenitat,

230 981 264 1044 ln
286 979 360 1067 quis
382 989 542 1045 amantem
564 978 698 1066 languor
720 988 753 1044 et
773 977 935 1044 silentium

270 1101 382 1188 Arguit
403 1111 436 1168 et
456 1100 557 1168 latere
580 1101 698 1188 petitus
720 1101 784 1165 imo
808 1099 949 1187 spiritus.

230 1223 390 1290 Contrane
412 1221 538 1288 lucrum
559 1220 603 1286 nil
624 1219 733 1288 valere
761 1220 935 1290 candidum

271 1343 427 1432 Pauperis
449 1343 639 1431 ingenium?
661 1343 826 1430 querebar
847 1342 1019 1431 applorans
1042 1343 1117 1421 tibi,

229 1463 330 1532 Simul
353 1463 487 1532 calentis
514 1464 752 1534 inverecundus
774 1464 857 1532 deus

207 1685 232 1735 6.
252 1682 382 1732 Inachiam
399 1682 464 1733 Cod.
484 1683 607 1732 Laurent.
635 1681 822 1747 (incolatui.)
848 1708 875 1718 -
903 1683 927 1734 8.
945 1688 974 1733 nt
986 1683 1096 1746 poenitet
1113 1681 1195 1733 Bentl.

174 1757 245 1808 coni.
274 1755 388 1820 (liabent
407 1757 501 1806 etmel
518 1758 545 1806 et
562 1756 679 1807 Pottierii
696 1757 810 1820 omnes.)
839 1783 866 1794 -
896 1756 920 1806 il.
940 1761 1068 1808 antemna
1089 1757 1199 1821 languor

173 1831 302 1892 BbSTcd,
332 1843 426 1881 omnes
452 1831 580 1892 Pottierii,
607 1831 673 1882 ven.
693 1830 765 1882 4484.
791 1834 818 1882 et
834 1832 870 1882 L:
899 1837 1028 1884 mannan
1049 1837 1073 1882 et
1089 1833 1200 1898 tanpw

173 1906 304 1966 Aldinae,
332 1905 372 1965 ct,
391 1903 538 1966 Bentleius,
565 1905 618 1956 alt.
650 1905 689 1966 (Ut
705 1919 769 1968 nos,
788 1907 821 1970 J.)
849 1932 876 1942 -
908 1908 948 1956 44.
968 1908 1112 1972 naturaque
1137 1919 1199 1958 cum

174 1980 261 2032 Codd.
281 1977 342 2042 aliq.
361 1979 484 2041 Aldinae,
503 1981 542 2030 tt.
564 1979 675 2043 (lituos,
694 1981 777 2031 nostri
794 1982 906 2044 omnes.)
927 2009 954 2018 -
973 1983 1035 2032 ninii
1045 1984 1074 2032 T.
1090 2009 1117 2018 -
1137 1984 1199 2033 Post

174 2056 249 2106 hunc
265 2067 335 2105 vers.
355 2053 445 2104 deficit
461 2053 527 2104 Cod.
551 2053 570 2104 d
592 2067 677 2118 usque
703 2054 738 2104 ad
763 2056 833 2107 Artis
859 2057 998 2120 poeticae,
1025 2058 1142 2120 quaein
1166 2068 1199 2106 eo

174 2131 284 2198 Epodos
300 2131 409 2196 excipit,
428 2144 498 2181 vers.
519 2129 575 2180 479.
597 2155 624 2167 -
645 2132 685 2181 li.
705 2129 814 2184 Ultimus
831 2144 857 2180 v.
876 2132 902 2181 in
919 2131 947 2181 B.

139 2323 246 2380 praeter
260 2322 361 2368 ceteros.
384 2343 411 2353 -
433 2317 670 2380 me··enpetit--
706 2319 870 2380 Porcepner,
889 2331 989 2380 quaeso,
1008 2331 1039 2368 ne
1055 2317 1233 2381 tumescente

141 2394 224 2455 arere]
245 2403 304 2441 «me
316 2393 377 2442 ante
390 2405 485 2442 omnes
499 2393 574 2457 petit,
591 2391 669 2455 eligit,
705 2394 775 2456 flam.
795 2391 868 2442 Ovid.
882 2394 940 2443 Am.
960 2392 988 2454 3,
1004 2395 1033 2455 4,
1051 2393 1100 2442 ii:
1126 2391 1233 2454 Fabula,

141 2481 224 2531 qoem
240 2468 325 2515 urat.»
344 2465 577 2526 Quemadmodum
585 2465 671 2516 lormu
706 2481 751 2517 nec
767 2468 855 2529 centn,
873 2472 926 2517 toto
940 2467 1046 2518 tectoria
1061 2467 1090 2516 in
1108 2467 1178 2518 Urbe.

141 2543 249 2607 passiva
273 2540 347 2591 Ovid.
362 2541 424 2591 Met.
443 2542 474 2601 ’4,
493 2541 540 2590 22:
560 2541 625 2604 Quid
644 2541 671 2591 in
740 2542 781 2592 9-
794 2540 834 2592 tt.
854 2543 974 2608 metator]
994 2545 1102 2608 «torpor
1122 2544 1150 2593 et
1169 2555 1232 2594 cru·

141 2617 239 2679 hospite
254 2615 327 2678 repta
342 2616 414 2679 virgo
434 2615 535 2664 Uranie?
556 2617 595 2666 sio
611 2615 669 2666 lnl.
708 2617 792 2668 clatus
813 2617 920 2667 enimi.»
947 2619 1042 2667 Acron.
1074 2643 1103 2654 -
1129 2617 1233 2682 deguit]

142 2705 218 2742 earne
234 2691 262 2739 in
273 2691 373 2752 panim
398 2691 490 2753 sicque
510 2692 613 2754 ardere,
631 2706 672 2742 aa·
709 2693 770 2742 «Est
795 2691 905 2756 perlecti
931 2693 1085 2756 temporis.»
1111 2693 1183 2742 loru.
1204 2718 1232 2728 -

141 2766 242 2828 mirere
258 2764 397 2826 melmae,
416 2767 443 2815 et
457 2767 614 2829 Properti,
628 2765 669 2828 43,
707 2765 817 2829 mamm]
845 2765 973 2829 «suspiria
997 2779 1030 2815 ex
1052 2766 1106 2815 imo
1123 2766 1233 2828 pectore

142 2841 171 2890 i:
197 2839 312 2892 melitae
328 2840 355 2888 in
372 2841 483 2901 enodem
500 2841 580 2890 tardis
592 2841 672 2902 patte-
707 2840 816 2903 petita.»
840 2837 923 2888 Plaut.
943 2839 1007 2888 Cist.
1027 2838 1157 2898 4,4,58;
1181 2839 1234 2888 Hoc

143 2927 210 2966 acere
225 2914 295 2963 caris
310 2916 360 2965 cet.
390 2914 442 2964 Cir.
458 2914 531 2964 liach
547 2913 668 2964 adovid.
707 2914 741 2962 aia
761 2913 830 2974 uide,
856 2917 885 2962 nt
903 2913 992 2974 petivit
1008 2912 1150 2974 sonarem
1167 2913 1234 2963 otte!

142 2991 203 3040 liet.
217 2988 247 3050 4,
261 2987 318 3038 434.
347 2988 423 3038 Hand
437 2990 513 3039 Turs.
533 2989 552 3038 l.
571 3002 598 3053 p.
612 2987 668 3040 5³6.
707 2986 778 3050 Virg.
797 2989 862 3036 Aen.
883 2987 911 3046 4,
930 2987 995 3035 374:
1014 2987 1151 3048 Sceptrone
1167 2987 1233 3036 tmo-

174 3063 254 3114 e-a.
285 3063 373 3112 tertiae
396 3062 544 3127 December]
568 3063 670 3114 mensis
708 3075 755 3122 qne
771 3061 871 3111 truncos
888 3075 905 3110 o
918 3065 1019 3122 pectore
1033 3073 1126 3112 nocem.
1156 3060 1230 3112 ovid.

142 3149 191 3201 pro
212 3150 291 3188 anno.
324 3135 668 3201 Sinriliterl'irg.1len.5,
707 3137 768 3186 liet.
796 3137 825 3198 i,
853 3134 913 3187 iil:
950 3135 1092 3198 ooltnntque
1119 3135 1173 3184 inea
1200 3135 1234 3185 od

142 3212 203 3262 626:
225 3212 388 3274 septimun
400 3217 489 3262 aeetae.
511 3239 537 3249 -
556 3211 669 3276 lnncltie]
706 3211 817 3274 captata
833 3211 914 3260 duait.
937 3238 964 3248 -
984 3209 1117 3273 Contrane]
1129 3207 1234 3273 Triplex

142 3285 263 3338 Eandem
278 3285 505 3351 memoratEpod.
520 3285 668 3348 talete.
707 3285 734 3335 lr.
756 3283 772 3334 l.
802 3287 963 3336 constructio
989 3285 1126 3335 contracte
1154 3283 1177 3346 4)
1200 3296 1233 3332 ex

144 3360 197 3410 Gur
213 3362 304 3411 autem
318 3362 371 3412 hoc
388 3362 497 3412 nomine
514 3360 548 3410 ab
560 3361 668 3422 inacho,
707 3360 928 3424 interrogatione:
949 3361 1073 3411 Contrane
1089 3359 1187 3408 taonem
1197 3357 1235 3407 nit

142 3436 231 3498 prisco
241 3437 373 3499 ,argorum
384 3449 457 3500 rege,
471 3435 551 3486 ducto
562 3449 627 3487 usus
637 3437 671 3486 sit
705 3436 772 3484 votet
788 3433 934 3498 ingentem?
954 3434 978 3496 2)
997 3448 1030 3484 ex
1047 3433 1233 3496 indignationis

143 3510 241 3573 quidve
258 3515 290 3560 eo
307 3509 457 3572 significare
474 3509 601 3571 voluerit,
620 3523 670 3561 nos
707 3508 915 3560 exclamatione:
951 3509 1046 3560 Contra
1072 3509 1172 3558 tuerent
1197 3507 1235 3558 nil

142 3584 265 3647 ignorare
277 3584 353 3635 lateri
371 3585 454 3636 satius
467 3585 508 3634 cst
520 3597 601 3647 quam
613 3584 670 3634 iru-
705 3585 789 3633 natm
805 3584 949 3647 ingenium!
966 3583 989 3645 3)
1004 3583 1132 3646 onerebcr
1141 3583 1179 3632 nit
1188 3595 1234 3632 oa

143 3658 668 3723 eundumne-nonnamcircades.»
707 3659 757 3709 lere
784 3659 920 3722 ingenium.
961 3657 1005 3716 Nil
1030 3658 1115 3708 oeten
1142 3661 1233 3708 autem

143 3733 214 3797 Virg.
233 3735 279 3783 Ge.
297 3733 326 3793 2,
345 3732 409 3785 loir
432 3734 550 3798 Frigidae
564 3739 588 3784 et
603 3734 671 3784 eduis
707 3732 778 3796 apud
789 3733 923 3782 Inachium
936 3735 1027 3782 contra
1040 3731 1161 3782 rivalium
1172 3745 1234 3783 mu-

143 3807 232 3869 Aontto
255 3808 361 3857 masii
380 3808 510 3870 tonorum
538 3809 577 3859 sic
601 3810 671 3859 nanis
707 3819 772 3858 nera
790 3806 901 3871 largiora
919 3805 1032 3871 simplex
1049 3821 1081 3858 ac
1098 3807 1234 3858 sincerum

143 3881 255 3945 honores,
269 3882 375 3944 «nores,
390 3881 505 3946 fruges»
523 3883 571 3934 Od.
586 3885 613 3946 4,
628 3885 668 3946 47,
707 3883 841 3945 ingenium
859 3895 938 3934 auum
956 3881 1124 3933 lamentator.
1143 3908 1170 3918 -
1185 3894 1234 3942 op-

145 3955 184 4006 46.
200 3983 227 3993 -
245 3969 306 4007 nam
318 3958 405 4022 pudet]
425 3959 669 4010 «intituanecsine
702 3955 810 4018 plorans
837 3955 893 4019 titt]
924 3969 1007 4007 acum
1023 3955 1141 4006 lacrimis
1157 3965 1233 4005 meos

143 4028 320 4092 indignatione
334 4032 394 4082 dico
408 4045 452 4082 me
465 4031 565 4082 derisui
581 4033 670 4083 homi·
707 4043 814 4081 amores
833 4029 879 4080 tibi
897 4031 1061 4082 confessus.»
1093 4029 1123 4076 V.
1143 4027 1232 4090 applo-

144 4101 222 4155 nibus
233 4105 331 4166 luisse,
344 4107 487 4168 nempudet
498 4109 586 4157 motae
598 4109 671 4170 igno-
706 4117 780 4166 rore,
805 4101 1083 4176 προσολοφύρεσθαι
1099 4115 1163 4162 τινι,
1190 4103 1233 4151 vix

144 4179 267 4231 midiae.»
284 4181 667 4244 Sinecausuigiturltrouckh.
707 4177 769 4229 alibi
792 4181 925 4244 reperitur
947 4191 1028 4243 quam
1050 4177 1139 4228 hicet
1161 4176 1233 4241 apud

144 4251 289 4317 nmaidei.
309 4281 336 4291 —-
357 4255 454 4305 Fabula
471 4255 544 4306 haud
561 4267 622 4306 raro
635 4255 668 4306 de
707 4255 838 4305 Senecam
856 4255 974 4314 Quaestt.
993 4255 1047 4303 nat.
1062 4251 1091 4312 4,
1110 4253 1139 4314 2,
1158 4251 1182 4301 6.
1204 4279 1231 4289 -

144 4326 250 4379 sinistro
273 4341 390 4380 rumore.
425 4329 481 4379 Tib.
511 4331 538 4390 4,
565 4328 595 4391 4,
622 4329 667 4381 83:
706 4329 893 4394 inverecundae]
905 4325 1116 4392 equoliberaliua
1126 4327 1233 4390 sumpto

229 4421 320 4467 donar.
338 4433 391 4468 von,
407 4420 423 4465 l.
455 4432 494 4468 ao.
512 4431 590 4467 aaron
608 4419 643 4466 lli.
1033 4418 1062 4464 tu
