<?xml version="1.0" encoding="UTF-8"?>
<!DOCTYPE html PUBLIC "-//W3C//DTD XHTML 1.0 Transitional//EN"
    "http://www.w3.org/TR/xhtml1/DTD/xhtml1-transitional.dtd">
<html xmlns="http://www.w3.org/1999/xhtml" xml:lang="en" lang="en">
 <head>
  <title>
</title>
<meta http-equiv="Content-Type" content="text/html;charset=utf-8" />
  <meta name='ocr-system' content='tesseract 3.04.00' />
  <meta name='ocr-capabilities' content='ocr_page ocr_carea ocr_par ocr_line ocrx_word'/>
</head>
<body>
  <div class='ocr_page' id='page_1' title='image "./qhoratiusflaccu02baitgoog_0453.png"; bbox 0 0 2992 4978; ppageno 0'>
   <div class='ocr_carea' id='block_1_1' title="bbox 694 499 1020 550">
    <p class='ocr_par' dir='ltr' id='par_1_1' title="bbox 694 499 1020 550">
     <span class='ocr_line' id='line_1_1' title="bbox 694 499 1020 550; baseline 0.003 -2"><span class='ocrx_word' id='word_1_1' title='bbox 694 499 833 549; x_wconf 68' lang='lat' dir='ltr'><strong>‘nunniti</strong></span> <span class='ocrx_word' id='word_1_2' title='bbox 852 499 1020 550; x_wconf 77' lang='lat' dir='ltr'><strong>CARMINUH</strong></span> 
     </span>
    </p>
   </div>
   <div class='ocr_carea' id='block_1_2' title="bbox 686 943 1047 1005">
    <p class='ocr_par' dir='ltr' id='par_1_2' title="bbox 686 943 1047 1005">
     <span class='ocr_line' id='line_1_2' title="bbox 686 943 1047 1005; baseline -0.003 0"><span class='ocrx_word' id='word_1_3' title='bbox 686 943 1047 1005; x_wconf 65' lang='lat' dir='ltr'><strong>cmm</strong></span> 
     </span>
    </p>
   </div>
   <div class='ocr_carea' id='block_1_3' title="bbox 367 1111 1348 1312">
    <p class='ocr_par' dir='ltr' id='par_1_3' title="bbox 367 1111 1348 1312">
     <span class='ocr_line' id='line_1_3' title="bbox 369 1111 1348 1202; baseline -0.003 -22"><span class='ocrx_word' id='word_1_4' title='bbox 369 1115 558 1180; x_wconf 83' lang='lat' dir='ltr'><strong>Miserarum</strong></span> <span class='ocrx_word' id='word_1_5' title='bbox 582 1123 631 1178; x_wconf 90' lang='lat' dir='ltr'><strong>est</strong></span> <span class='ocrx_word' id='word_1_6' title='bbox 653 1134 760 1202; x_wconf 90' lang='lat' dir='ltr'><strong>neque</strong></span> <span class='ocrx_word' id='word_1_7' title='bbox 783 1114 884 1178; x_wconf 92' lang='lat' dir='ltr'><strong>amori</strong></span> <span class='ocrx_word' id='word_1_8' title='bbox 906 1111 985 1178; x_wconf 87' lang='lat' dir='ltr'><strong>dare</strong></span> <span class='ocrx_word' id='word_1_9' title='bbox 1005 1111 1119 1178; x_wconf 92' lang='lat' dir='ltr'><strong>ludum</strong></span> <span class='ocrx_word' id='word_1_10' title='bbox 1141 1134 1246 1202; x_wconf 89' lang='lat' dir='ltr'><strong>neque</strong></span> <span class='ocrx_word' id='word_1_11' title='bbox 1269 1112 1348 1180; x_wconf 89' lang='lat' dir='ltr'><strong>dulci</strong></span> 
     </span>
     <span class='ocr_line' id='line_1_4' title="bbox 367 1234 1169 1312; baseline -0.002 -10"><span class='ocrx_word' id='word_1_12' title='bbox 367 1235 448 1302; x_wconf 87' lang='lat' dir='ltr'><strong>Hala</strong></span> <span class='ocrx_word' id='word_1_13' title='bbox 469 1236 544 1301; x_wconf 94' lang='lat' dir='ltr'><strong>vino</strong></span> <span class='ocrx_word' id='word_1_14' title='bbox 565 1235 690 1312; x_wconf 86' lang='lat' dir='ltr'><strong>lavere,</strong></span> <span class='ocrx_word' id='word_1_15' title='bbox 714 1245 769 1300; x_wconf 87' lang='lat' dir='ltr'><strong>aut</strong></span> <span class='ocrx_word' id='word_1_16' title='bbox 790 1234 965 1301; x_wconf 87' lang='lat' dir='ltr'><strong>exanimari</strong></span> <span class='ocrx_word' id='word_1_17' title='bbox 989 1243 1169 1300; x_wconf 83' lang='lat' dir='ltr'><strong>metuentes</strong></span> 
     </span>
    </p>
   </div>
   <div class='ocr_carea' id='block_1_4' title="bbox 359 1394 1369 1534">
    <p class='ocr_par' dir='ltr' id='par_1_4' title="bbox 359 1394 1369 1534">
     <span class='ocr_line' id='line_1_5' title="bbox 392 1394 1369 1460; baseline -0.004 -12"><span class='ocrx_word' id='word_1_18' title='bbox 392 1399 445 1448; x_wconf 88' lang='lat' dir='ltr'><strong>llll.</strong></span> <span class='ocrx_word' id='word_1_19' title='bbox 465 1399 547 1448; x_wconf 86' lang='lat' dir='ltr'><strong>lnsor.</strong></span> <span class='ocrx_word' id='word_1_20' title='bbox 565 1395 633 1460; x_wconf 76' lang='lat' dir='ltr'><strong>vulg.</strong></span> <span class='ocrx_word' id='word_1_21' title='bbox 659 1397 698 1446; x_wconf 80' lang='lat' dir='ltr'><strong>Ad</strong></span> <span class='ocrx_word' id='word_1_22' title='bbox 719 1396 858 1456; x_wconf 81' lang='lat' dir='ltr'><strong>Noctulen,</strong></span> <span class='ocrx_word' id='word_1_23' title='bbox 886 1398 914 1445; x_wconf 91' lang='lat' dir='ltr'><strong>et</strong></span> <span class='ocrx_word' id='word_1_24' title='bbox 929 1395 969 1445; x_wconf 89' lang='lat' dir='ltr'><strong>sic</strong></span> <span class='ocrx_word' id='word_1_25' title='bbox 990 1394 1037 1444; x_wconf 86' lang='lat' dir='ltr'><strong>Bb.</strong></span> <span class='ocrx_word' id='word_1_26' title='bbox 1059 1421 1087 1430; x_wconf 94' lang='lat'>—</span> <span class='ocrx_word' id='word_1_27' title='bbox 1106 1396 1215 1446; x_wconf 64' lang='lat' dir='ltr'><strong>&amp;wan</strong></span> <span class='ocrx_word' id='word_1_28' title='bbox 1234 1397 1310 1446; x_wconf 77' lang='lat' dir='ltr'><strong>vitmn</strong></span> <span class='ocrx_word' id='word_1_29' title='bbox 1326 1409 1369 1444; x_wconf 77' lang='lat' dir='ltr'><strong>non</strong></span> 
     </span>
     <span class='ocr_line' id='line_1_6' title="bbox 359 1468 1368 1534; baseline -0.004 -12"><span class='ocrx_word' id='word_1_30' title='bbox 359 1485 410 1522; x_wconf 75' lang='lat' dir='ltr'><strong>esse</strong></span> <span class='ocrx_word' id='word_1_31' title='bbox 425 1473 477 1522; x_wconf 79' lang='lat' dir='ltr'><strong>sine</strong></span> <span class='ocrx_word' id='word_1_32' title='bbox 492 1472 643 1522; x_wconf 64' lang='lat' dir='ltr'><strong>mediato</strong></span> <span class='ocrx_word' id='word_1_33' title='bbox 659 1477 683 1521; x_wconf 85' lang='lat' dir='ltr'><strong>et</strong></span> <span class='ocrx_word' id='word_1_34' title='bbox 698 1484 785 1520; x_wconf 79' lang='lat' dir='ltr'><strong>cincre</strong></span> <span class='ocrx_word' id='word_1_35' title='bbox 799 1471 853 1520; x_wconf 87' lang='lat' dir='ltr'><strong>STc</strong></span> <span class='ocrx_word' id='word_1_36' title='bbox 877 1468 983 1533; x_wconf 78' lang='lat' dir='ltr'><strong>(qulbm</strong></span> <span class='ocrx_word' id='word_1_37' title='bbox 1000 1483 1015 1520; x_wconf 90' lang='lat' dir='ltr'><strong>c</strong></span> <span class='ocrx_word' id='word_1_38' title='bbox 1032 1471 1173 1534; x_wconf 76' lang='lat' dir='ltr'><strong>praeponit</strong></span> <span class='ocrx_word' id='word_1_39' title='bbox 1183 1472 1221 1522; x_wconf 78' lang='lat' dir='ltr'><strong>Ad</strong></span> <span class='ocrx_word' id='word_1_40' title='bbox 1235 1470 1368 1534; x_wconf 78' lang='lat' dir='ltr'><strong>Neobuior).</strong></span> 
     </span>
    </p>
   </div>
   <div class='ocr_carea' id='block_1_5' title="bbox 357 1545 1360 1680">
    <p class='ocr_par' dir='ltr' id='par_1_5' title="bbox 357 1545 1360 1680">
     <span class='ocr_line' id='line_1_7' title="bbox 361 1545 1360 1609; baseline -0.003 -13"><span class='ocrx_word' id='word_1_41' title='bbox 361 1573 390 1584; x_wconf 88' lang='lat'>-</span> <span class='ocrx_word' id='word_1_42' title='bbox 407 1545 461 1609; x_wconf 81' lang='lat' dir='ltr'><strong>Ego</strong></span> <span class='ocrx_word' id='word_1_43' title='bbox 479 1547 681 1609; x_wconf 83' lang='lat' dir='ltr'><strong>inscripseram:</strong></span> <span class='ocrx_word' id='word_1_44' title='bbox 711 1545 819 1595; x_wconf 80' lang='lat' dir='ltr'><strong>Neobuie</strong></span> <span class='ocrx_word' id='word_1_45' title='bbox 835 1558 917 1596; x_wconf 73' lang='lat' dir='ltr'><strong>secum</strong></span> <span class='ocrx_word' id='word_1_46' title='bbox 932 1545 1050 1608; x_wconf 79' lang='lat' dir='ltr'><strong>loquitur.</strong></span> <span class='ocrx_word' id='word_1_47' title='bbox 1072 1571 1100 1580; x_wconf 97' lang='lat'>-</span> <span class='ocrx_word' id='word_1_48' title='bbox 1120 1547 1143 1594; x_wconf 88' lang='lat' dir='ltr'><strong>t.</strong></span> <span class='ocrx_word' id='word_1_49' title='bbox 1162 1560 1207 1596; x_wconf 82' lang='lat' dir='ltr'><strong>nec</strong></span> <span class='ocrx_word' id='word_1_50' title='bbox 1224 1547 1304 1596; x_wconf 68' lang='lat' dir='ltr'><strong>oneri</strong></span> <span class='ocrx_word' id='word_1_51' title='bbox 1322 1557 1360 1608; x_wconf 90' lang='lat' dir='ltr'><strong>pr.</strong></span> 
     </span>
     <span class='ocr_line' id='line_1_8' title="bbox 357 1618 848 1680; baseline -0.002 -11"><span class='ocrx_word' id='word_1_52' title='bbox 357 1619 389 1680; x_wconf 85' lang='lat' dir='ltr'><strong>h,</strong></span> <span class='ocrx_word' id='word_1_53' title='bbox 409 1620 442 1680; x_wconf 90' lang='lat' dir='ltr'><strong>C,</strong></span> <span class='ocrx_word' id='word_1_54' title='bbox 461 1618 545 1669; x_wconf 87' lang='lat' dir='ltr'><strong>Bentl.</strong></span> <span class='ocrx_word' id='word_1_55' title='bbox 566 1646 594 1656; x_wconf 97' lang='lat'>-</span> <span class='ocrx_word' id='word_1_56' title='bbox 612 1621 637 1670; x_wconf 77' lang='lat'><strong>2.</strong></span> <span class='ocrx_word' id='word_1_57' title='bbox 655 1621 786 1670; x_wconf 68' lang='lat' dir='ltr'><strong>muntiis</strong></span> <span class='ocrx_word' id='word_1_58' title='bbox 802 1620 848 1668; x_wconf 84' lang='lat' dir='ltr'><strong>ST.</strong></span> 
     </span>
    </p>
   </div>
   <div class='ocr_carea' id='block_1_6' title="bbox 325 1757 1400 3314">
    <p class='ocr_par' dir='ltr' id='par_1_6' title="bbox 325 1757 1400 3314">
     <span class='ocr_line' id='line_1_9' title="bbox 357 1757 1396 1823; baseline -0.003 -14"><span class='ocrx_word' id='word_1_59' title='bbox 357 1760 411 1810; x_wconf 84' lang='lat' dir='ltr'><strong>llll.</strong></span> <span class='ocrx_word' id='word_1_60' title='bbox 447 1759 561 1808; x_wconf 89' lang='lat' dir='ltr'><strong>imitatio</strong></span> <span class='ocrx_word' id='word_1_61' title='bbox 593 1758 699 1808; x_wconf 89' lang='lat' dir='ltr'><strong>videtur</strong></span> <span class='ocrx_word' id='word_1_62' title='bbox 727 1759 851 1809; x_wconf 83' lang='lat' dir='ltr'><strong>carminis</strong></span> <span class='ocrx_word' id='word_1_63' title='bbox 889 1773 973 1810; x_wconf 81' lang='grc' dir='ltr'><strong><em>ουσα.</em></strong></span> <span class='ocrx_word' id='word_1_64' title='bbox 1009 1759 1180 1823; x_wconf 75' lang='lat' dir='ltr'><strong>Asclepiades</strong></span> <span class='ocrx_word' id='word_1_65' title='bbox 1205 1761 1282 1810; x_wconf 78' lang='lat' dir='ltr'><strong>anth.</strong></span> <span class='ocrx_word' id='word_1_66' title='bbox 1304 1757 1352 1810; x_wconf 83' lang='lat' dir='ltr'><strong>Pal.</strong></span> <span class='ocrx_word' id='word_1_67' title='bbox 1372 1759 1396 1808; x_wconf 90' lang='lat' dir='ltr'><strong>ll.</strong></span> 
     </span>
     <span class='ocr_line' id='line_1_10' title="bbox 326 1826 1397 1899; baseline -0.003 -16"><span class='ocrx_word' id='word_1_68' title='bbox 326 1831 428 1893; x_wconf 79' lang='lat' dir='ltr'><strong>Alcaei,</strong></span> <span class='ocrx_word' id='word_1_69' title='bbox 455 1833 531 1883; x_wconf 88' lang='lat' dir='ltr'><strong>cuius</strong></span> <span class='ocrx_word' id='word_1_70' title='bbox 552 1833 669 1896; x_wconf 90' lang='lat' dir='ltr'><strong>primum</strong></span> <span class='ocrx_word' id='word_1_71' title='bbox 685 1846 711 1881; x_wconf 88' lang='lat' dir='ltr'><strong>v.</strong></span> <span class='ocrx_word' id='word_1_72' title='bbox 735 1832 852 1882; x_wconf 87' lang='lat' dir='ltr'><strong>servavit</strong></span> <span class='ocrx_word' id='word_1_73' title='bbox 888 1847 948 1898; x_wconf 81' lang='lat' dir='ltr'><strong>pag.</strong></span> <span class='ocrx_word' id='word_1_74' title='bbox 968 1833 1031 1884; x_wconf 74' lang='lat' dir='ltr'><strong>lui:</strong></span> <span class='ocrx_word' id='word_1_75' title='bbox 1061 1833 1141 1896; x_wconf 84' lang='grc' dir='ltr'><strong>Πῑν’,</strong></span> <span class='ocrx_word' id='word_1_76' title='bbox 1157 1826 1360 1899; x_wconf 73' lang='grc' dir='ltr'><strong><em>Ἀσκληπιάδη·</em></strong></span> <span class='ocrx_word' id='word_1_77' title='bbox 1376 1831 1397 1880; x_wconf 76' lang='lat' dir='ltr'><strong>tt</strong></span> 
     </span>
     <span class='ocr_line' id='line_1_11' title="bbox 326 1905 1396 1980; baseline -0.004 -23"><span class='ocrx_word' id='word_1_78' title='bbox 326 1908 487 1971; x_wconf 85' lang='lat' dir='ltr'><strong>Hephaestio</strong></span> <span class='ocrx_word' id='word_1_79' title='bbox 504 1919 564 1970; x_wconf 79' lang='lat' dir='ltr'><strong>pag.</strong></span> <span class='ocrx_word' id='word_1_80' title='bbox 583 1907 623 1956; x_wconf 86' lang='grc'><strong>67.</strong></span> <span class='ocrx_word' id='word_1_81' title='bbox 643 1905 721 1956; x_wconf 89' lang='lat' dir='ltr'><strong>Gaisi.</strong></span> <span class='ocrx_word' id='word_1_82' title='bbox 741 1905 803 1970; x_wconf 79' lang='lat' dir='ltr'><strong>(Alc.</strong></span> <span class='ocrx_word' id='word_1_83' title='bbox 823 1920 849 1970; x_wconf 96' lang='lat' dir='ltr'><strong>p.</strong></span> <span class='ocrx_word' id='word_1_84' title='bbox 888 1905 924 1958; x_wconf 82' lang='lat' dir='ltr'><strong>wi</strong></span> <span class='ocrx_word' id='word_1_85' title='bbox 940 1905 1052 1980; x_wconf 79' lang='grc' dir='ltr'><em>δάκρυα</em></span> <span class='ocrx_word' id='word_1_86' title='bbox 1068 1905 1177 1968; x_wconf 61' lang='lat' dir='ltr'><strong>ratim</strong></span> <span class='ocrx_word' id='word_1_87' title='bbox 1195 1909 1245 1960; x_wconf 91' lang='lat' dir='ltr'><strong>0d.</strong></span> <span class='ocrx_word' id='word_1_88' title='bbox 1259 1909 1288 1970; x_wconf 87' lang='grc'><strong>3,</strong></span> <span class='ocrx_word' id='word_1_89' title='bbox 1305 1909 1349 1968; x_wconf 78' lang='lat' dir='ltr'><strong>ai,</strong></span> <span class='ocrx_word' id='word_1_90' title='bbox 1364 1907 1396 1956; x_wconf 80' lang='lat' dir='ltr'><strong>tr.</strong></span> 
     </span>
     <span class='ocr_line' id='line_1_12' title="bbox 325 1973 1398 2049; baseline -0.002 -17"><span class='ocrx_word' id='word_1_91' title='bbox 325 1983 382 2032; x_wconf 77' lang='lat'><strong>585.</strong></span> <span class='ocrx_word' id='word_1_92' title='bbox 396 1973 853 2045; x_wconf 64' lang='lat' dir='ltr'><strong>Bergk):&#39;llpadatlav‚ipenue</strong></span> <span class='ocrx_word' id='word_1_93' title='bbox 889 1979 1013 2049; x_wconf 74' lang='lat' dir='ltr'><strong>[Tempus</strong></span> <span class='ocrx_word' id='word_1_94' title='bbox 1035 1984 1138 2034; x_wconf 86' lang='lat' dir='ltr'><strong>definiri</strong></span> <span class='ocrx_word' id='word_1_95' title='bbox 1163 1985 1267 2048; x_wconf 88' lang='lat' dir='ltr'><strong>nequit.</strong></span> <span class='ocrx_word' id='word_1_96' title='bbox 1294 1979 1398 2034; x_wconf 82' lang='lat' dir='ltr'><strong>Nonnulli</strong></span> 
     </span>
     <span class='ocr_line' id='line_1_13' title="bbox 326 2051 1398 2114; baseline -0.002 -8"><span class='ocrx_word' id='word_1_97' title='bbox 326 2053 382 2106; x_wconf 81' lang='lat' dir='ltr'><strong>cciv</strong></span> <span class='ocrx_word' id='word_1_98' title='bbox 393 2051 562 2104; x_wconf 80' lang='grc' dir='ltr'><strong><em>κακοτάτων</em></strong></span> <span class='ocrx_word' id='word_1_99' title='bbox 573 2052 753 2114; x_wconf 80' lang='grc' dir='ltr'><strong><em>πεδέχοισαν.</em></strong></span> <span class='ocrx_word' id='word_1_100' title='bbox 772 2055 852 2106; x_wconf 80' lang='lat' dir='ltr'><strong>Multa</strong></span> <span class='ocrx_word' id='word_1_101' title='bbox 889 2058 1049 2110; x_wconf 87' lang='lat' dir='ltr'><strong>relernntad</strong></span> <span class='ocrx_word' id='word_1_102' title='bbox 1063 2071 1088 2107; x_wconf 89' lang='lat' dir='ltr'><strong>a.</strong></span> <span class='ocrx_word' id='word_1_103' title='bbox 1102 2072 1128 2108; x_wconf 93' lang='lat' dir='ltr'><strong>u.</strong></span> <span class='ocrx_word' id='word_1_104' title='bbox 1143 2073 1166 2108; x_wconf 92' lang='lat' dir='ltr'><strong>c.</strong></span> <span class='ocrx_word' id='word_1_105' title='bbox 1175 2059 1233 2108; x_wconf 74' lang='lat'><strong>725.</strong></span> <span class='ocrx_word' id='word_1_106' title='bbox 1256 2056 1398 2109; x_wconf 83' lang='lat' dir='ltr'><strong>Demetriou</strong></span> 
     </span>
     <span class='ocr_line' id='line_1_14' title="bbox 326 2127 1396 2196; baseline -0.004 -13"><span class='ocrx_word' id='word_1_107' title='bbox 326 2133 404 2184; x_wconf 84' lang='lat' dir='ltr'><strong>huius</strong></span> <span class='ocrx_word' id='word_1_108' title='bbox 430 2133 510 2182; x_wconf 87' lang='lat' dir='ltr'><strong>metri</strong></span> <span class='ocrx_word' id='word_1_109' title='bbox 535 2133 654 2183; x_wconf 89' lang='lat' dir='ltr'><strong>carmina</strong></span> <span class='ocrx_word' id='word_1_110' title='bbox 677 2131 718 2182; x_wconf 89' lang='lat' dir='ltr'><strong>ille</strong></span> <span class='ocrx_word' id='word_1_111' title='bbox 741 2145 853 2196; x_wconf 90' lang='lat' dir='ltr'><strong>compo·</strong></span> <span class='ocrx_word' id='word_1_112' title='bbox 889 2131 967 2182; x_wconf 90' lang='lat' dir='ltr'><strong>huius</strong></span> <span class='ocrx_word' id='word_1_113' title='bbox 987 2132 1054 2182; x_wconf 87' lang='lat' dir='ltr'><strong>odae</strong></span> <span class='ocrx_word' id='word_1_114' title='bbox 1075 2133 1176 2182; x_wconf 88' lang='lat' dir='ltr'><strong>ratione</strong></span> <span class='ocrx_word' id='word_1_115' title='bbox 1194 2132 1250 2183; x_wconf 87' lang='lat' dir='ltr'><strong>vid.</strong></span> <span class='ocrx_word' id='word_1_116' title='bbox 1270 2134 1353 2183; x_wconf 83' lang='lat' dir='ltr'><strong>Herm.</strong></span> <span class='ocrx_word' id='word_1_117' title='bbox 1367 2127 1396 2179; x_wconf 84' lang='lat' dir='ltr'><strong>El.</strong></span> 
     </span>
     <span class='ocr_line' id='line_1_15' title="bbox 326 2201 1398 2272; baseline -0.005 -14"><span class='ocrx_word' id='word_1_118' title='bbox 326 2209 434 2268; x_wconf 88' lang='lat' dir='ltr'><strong>suerat;</strong></span> <span class='ocrx_word' id='word_1_119' title='bbox 458 2207 485 2258; x_wconf 94' lang='lat' dir='ltr'><strong>in</strong></span> <span class='ocrx_word' id='word_1_120' title='bbox 506 2220 559 2258; x_wconf 91' lang='lat' dir='ltr'><strong>uno</strong></span> <span class='ocrx_word' id='word_1_121' title='bbox 577 2209 688 2272; x_wconf 87' lang='lat' dir='ltr'><strong>propter</strong></span> <span class='ocrx_word' id='word_1_122' title='bbox 710 2205 852 2257; x_wconf 81' lang='lat' dir='ltr'><strong>difficulta-</strong></span> <span class='ocrx_word' id='word_1_123' title='bbox 888 2207 978 2255; x_wconf 91' lang='lat' dir='ltr'><strong>Doctr.</strong></span> <span class='ocrx_word' id='word_1_124' title='bbox 996 2209 1073 2256; x_wconf 87' lang='lat' dir='ltr'><strong>metr.</strong></span> <span class='ocrx_word' id='word_1_125' title='bbox 1093 2220 1119 2271; x_wconf 94' lang='lat' dir='ltr'><strong>p.</strong></span> <span class='ocrx_word' id='word_1_126' title='bbox 1133 2206 1190 2257; x_wconf 74' lang='lat' dir='ltr'><strong>lta.</strong></span> <span class='ocrx_word' id='word_1_127' title='bbox 1208 2210 1237 2257; x_wconf 93' lang='lat' dir='ltr'><strong>et</strong></span> <span class='ocrx_word' id='word_1_128' title='bbox 1250 2201 1398 2264; x_wconf 78' lang='lat' dir='ltr'><strong>Excursuml</strong></span> 
     </span>
     <span class='ocr_line' id='line_1_16' title="bbox 326 2278 1399 2345; baseline -0.009 -11"><span class='ocrx_word' id='word_1_129' title='bbox 326 2287 381 2334; x_wconf 91' lang='lat' dir='ltr'><strong>tem</strong></span> <span class='ocrx_word' id='word_1_130' title='bbox 399 2281 461 2332; x_wconf 90' lang='lat' dir='ltr'><strong>talia</strong></span> <span class='ocrx_word' id='word_1_131' title='bbox 478 2281 565 2344; x_wconf 77' lang='lat' dir='ltr'><strong>lingua</strong></span> <span class='ocrx_word' id='word_1_132' title='bbox 582 2283 673 2332; x_wconf 89' lang='lat' dir='ltr'><strong>Latina</strong></span> <span class='ocrx_word' id='word_1_133' title='bbox 691 2282 740 2331; x_wconf 90' lang='lat' dir='ltr'><strong>rite</strong></span> <span class='ocrx_word' id='word_1_134' title='bbox 764 2279 852 2332; x_wconf 89' lang='lat' dir='ltr'><strong>elabo-</strong></span> <span class='ocrx_word' id='word_1_135' title='bbox 922 2282 944 2330; x_wconf 89' lang='lat' dir='ltr'><strong>i.</strong></span> <span class='ocrx_word' id='word_1_136' title='bbox 968 2281 1121 2330; x_wconf 69' lang='lat' dir='ltr'><strong>Miserarum</strong></span> <span class='ocrx_word' id='word_1_137' title='bbox 1129 2282 1172 2345; x_wconf 80' lang='lat' dir='ltr'><strong>ert]</strong></span> <span class='ocrx_word' id='word_1_138' title='bbox 1192 2282 1351 2332; x_wconf 75' lang='lat' dir='ltr'><strong>«Miserrima</strong></span> <span class='ocrx_word' id='word_1_139' title='bbox 1367 2278 1399 2326; x_wconf 81' lang='lat' dir='ltr'><strong>esi</strong></span> 
     </span>
     <span class='ocr_line' id='line_1_17' title="bbox 326 2352 1398 2420; baseline -0.007 -12"><span class='ocrx_word' id='word_1_140' title='bbox 326 2357 404 2408; x_wconf 88' lang='lat' dir='ltr'><strong>randi</strong></span> <span class='ocrx_word' id='word_1_141' title='bbox 422 2357 544 2406; x_wconf 85' lang='lat' dir='ltr'><strong>Horatius</strong></span> <span class='ocrx_word' id='word_1_142' title='bbox 562 2356 687 2408; x_wconf 85' lang='lat' dir='ltr'><strong>substitit.</strong></span> <span class='ocrx_word' id='word_1_143' title='bbox 722 2357 852 2406; x_wconf 81' lang='lat' dir='ltr'><strong>Exversu</strong></span> <span class='ocrx_word' id='word_1_144' title='bbox 888 2354 1008 2404; x_wconf 87' lang='lat' dir='ltr'><strong>condicio</strong></span> <span class='ocrx_word' id='word_1_145' title='bbox 1034 2352 1195 2418; x_wconf 84' lang='lat' dir='ltr'><strong>puellarum,</strong></span> <span class='ocrx_word' id='word_1_146' title='bbox 1227 2355 1322 2420; x_wconf 85' lang='lat' dir='ltr'><strong>quibus</strong></span> <span class='ocrx_word' id='word_1_147' title='bbox 1345 2365 1398 2402; x_wconf 86' lang='lat' dir='ltr'><strong>oon·</strong></span> 
     </span>
     <span class='ocr_line' id='line_1_18' title="bbox 327 2423 1398 2494; baseline -0.004 -14"><span class='ocrx_word' id='word_1_148' title='bbox 327 2429 370 2481; x_wconf 92' lang='lat' dir='ltr'><strong>illo</strong></span> <span class='ocrx_word' id='word_1_149' title='bbox 380 2423 452 2494; x_wconf 72' lang='grc' dir='ltr'><strong>Ἒμε</strong></span> <span class='ocrx_word' id='word_1_150' title='bbox 468 2428 527 2479; x_wconf 79' lang='grc' dir='ltr'><strong>κτλ.</strong></span> <span class='ocrx_word' id='word_1_151' title='bbox 547 2429 693 2492; x_wconf 84' lang='lat' dir='ltr'><strong>colligimus</strong></span> <span class='ocrx_word' id='word_1_152' title='bbox 707 2429 775 2480; x_wconf 87' lang='lat' dir='ltr'><strong>hanc</strong></span> <span class='ocrx_word' id='word_1_153' title='bbox 788 2443 853 2494; x_wconf 88' lang='lat' dir='ltr'><strong>quo-</strong></span> <span class='ocrx_word' id='word_1_154' title='bbox 889 2442 997 2480; x_wconf 88' lang='lat' dir='ltr'><strong>cessum</strong></span> <span class='ocrx_word' id='word_1_155' title='bbox 1020 2443 1073 2479; x_wconf 94' lang='lat' dir='ltr'><strong>non</strong></span> <span class='ocrx_word' id='word_1_156' title='bbox 1090 2431 1131 2478; x_wconf 88' lang='lat' dir='ltr'><strong>est</strong></span> <span class='ocrx_word' id='word_1_157' title='bbox 1149 2431 1235 2479; x_wconf 89' lang='lat' dir='ltr'><strong>amori</strong></span> <span class='ocrx_word' id='word_1_158' title='bbox 1252 2428 1398 2492; x_wconf 74' lang='lat' dir='ltr'><strong>indulgere.-</strong></span> 
     </span>
     <span class='ocr_line' id='line_1_19' title="bbox 328 2501 1398 2570; baseline -0.003 -18"><span class='ocrx_word' id='word_1_159' title='bbox 328 2516 381 2567; x_wconf 86' lang='lat' dir='ltr'><strong>que</strong></span> <span class='ocrx_word' id='word_1_160' title='bbox 412 2516 473 2552; x_wconf 89' lang='lat' dir='ltr'><strong>esse</strong></span> <span class='ocrx_word' id='word_1_161' title='bbox 498 2502 633 2554; x_wconf 85' lang='lat' dir='ltr'><strong>Neobules</strong></span> <span class='ocrx_word' id='word_1_162' title='bbox 656 2502 850 2570; x_wconf 77' lang='grc' dir='ltr'><strong>μονολογιαν,</strong></span> <span class='ocrx_word' id='word_1_163' title='bbox 892 2531 918 2540; x_wconf 81' lang='lat'>—</span> <span class='ocrx_word' id='word_1_164' title='bbox 946 2503 1029 2552; x_wconf 81' lang='lat' dir='ltr'><strong>actori</strong></span> <span class='ocrx_word' id='word_1_165' title='bbox 1051 2503 1113 2552; x_wconf 85' lang='lat' dir='ltr'><strong>dare</strong></span> <span class='ocrx_word' id='word_1_166' title='bbox 1135 2503 1239 2569; x_wconf 82' lang='lat' dir='ltr'><strong>ludum]</strong></span> <span class='ocrx_word' id='word_1_167' title='bbox 1265 2501 1398 2554; x_wconf 71' lang='lat' dir='ltr'><strong>«amonius</strong></span> 
     </span>
     <span class='ocr_line' id='line_1_20' title="bbox 328 2575 1400 2643; baseline -0.004 -16"><span class='ocrx_word' id='word_1_168' title='bbox 328 2591 381 2628; x_wconf 92' lang='lat' dir='ltr'><strong>non</strong></span> <span class='ocrx_word' id='word_1_169' title='bbox 406 2579 534 2628; x_wconf 89' lang='lat' dir='ltr'><strong>ironicam</strong></span> <span class='ocrx_word' id='word_1_170' title='bbox 560 2579 658 2628; x_wconf 84' lang='lat' dir='ltr'><strong>Horatii</strong></span> <span class='ocrx_word' id='word_1_171' title='bbox 682 2578 716 2628; x_wconf 92' lang='lat' dir='ltr'><strong>ad</strong></span> <span class='ocrx_word' id='word_1_172' title='bbox 735 2577 852 2643; x_wconf 89' lang='lat' dir='ltr'><strong>puellam</strong></span> <span class='ocrx_word' id='word_1_173' title='bbox 889 2579 944 2628; x_wconf 90' lang='lat' dir='ltr'><strong>suis</strong></span> <span class='ocrx_word' id='word_1_174' title='bbox 959 2576 1075 2628; x_wconf 91' lang='lat' dir='ltr'><strong>liberum</strong></span> <span class='ocrx_word' id='word_1_175' title='bbox 1092 2575 1200 2627; x_wconf 87' lang='lat' dir='ltr'><strong>ludendi</strong></span> <span class='ocrx_word' id='word_1_176' title='bbox 1218 2579 1332 2643; x_wconf 89' lang='lat' dir='ltr'><strong>spatium</strong></span> <span class='ocrx_word' id='word_1_177' title='bbox 1346 2587 1400 2625; x_wconf 90' lang='lat' dir='ltr'><strong>con·</strong></span> 
     </span>
     <span class='ocr_line' id='line_1_21' title="bbox 327 2646 1399 2717; baseline 0.001 -15"><span class='ocrx_word' id='word_1_178' title='bbox 327 2651 528 2712; x_wconf 88' lang='lat' dir='ltr'><strong>aHocutionem‚</strong></span> <span class='ocrx_word' id='word_1_179' title='bbox 548 2655 577 2702; x_wconf 91' lang='lat' dir='ltr'><strong>ut</strong></span> <span class='ocrx_word' id='word_1_180' title='bbox 587 2651 708 2716; x_wconf 88' lang='lat' dir='ltr'><strong>plerique</strong></span> <span class='ocrx_word' id='word_1_181' title='bbox 720 2653 853 2717; x_wconf 89' lang='lat' dir='ltr'><strong>interpre-</strong></span> <span class='ocrx_word' id='word_1_182' title='bbox 889 2653 1002 2714; x_wconf 86' lang='lat' dir='ltr'><strong>cedere,</strong></span> <span class='ocrx_word' id='word_1_183' title='bbox 1029 2651 1113 2702; x_wconf 85' lang='lat' dir='ltr'><strong>libere</strong></span> <span class='ocrx_word' id='word_1_184' title='bbox 1132 2653 1163 2702; x_wconf 85' lang='lat' dir='ltr'><strong>iis</strong></span> <span class='ocrx_word' id='word_1_185' title='bbox 1180 2652 1259 2703; x_wconf 73' lang='lat' dir='ltr'><strong>frui.»</strong></span> <span class='ocrx_word' id='word_1_186' title='bbox 1292 2646 1399 2711; x_wconf 75' lang='lat' dir='ltr'><strong>Aeschil-</strong></span> 
     </span>
     <span class='ocr_line' id='line_1_22' title="bbox 328 2718 1398 2791; baseline 0.002 -15"><span class='ocrx_word' id='word_1_187' title='bbox 328 2725 479 2778; x_wconf 86' lang='lat' dir='ltr'><strong>tesvolunt.</strong></span> <span class='ocrx_word' id='word_1_188' title='bbox 510 2729 602 2790; x_wconf 85' lang='lat' dir='ltr'><strong>Neque</strong></span> <span class='ocrx_word' id='word_1_189' title='bbox 613 2740 677 2777; x_wconf 89' lang='lat' dir='ltr'><strong>vero</strong></span> <span class='ocrx_word' id='word_1_190' title='bbox 690 2727 797 2778; x_wconf 88' lang='lat' dir='ltr'><strong>obstant</strong></span> <span class='ocrx_word' id='word_1_191' title='bbox 808 2741 850 2778; x_wconf 86' lang='lat' dir='ltr'><strong>vv.</strong></span> <span class='ocrx_word' id='word_1_192' title='bbox 889 2730 962 2777; x_wconf 91' lang='lat' dir='ltr'><strong>Pers.</strong></span> <span class='ocrx_word' id='word_1_193' title='bbox 982 2726 1043 2778; x_wconf 79' lang='lat' dir='ltr'><strong>alt:</strong></span> <span class='ocrx_word' id='word_1_194' title='bbox 1080 2721 1184 2791; x_wconf 82' lang='grc' dir='ltr'><strong><em>ψυχὴν</em></strong></span> <span class='ocrx_word' id='word_1_195' title='bbox 1201 2723 1327 2789; x_wconf 71' lang='grc' dir='ltr'><strong>διδόντες</strong></span> <span class='ocrx_word' id='word_1_196' title='bbox 1341 2718 1398 2790; x_wconf 75' lang='grc' dir='ltr'><em>ἦδο-</em></span> 
     </span>
     <span class='ocr_line' id='line_1_23' title="bbox 330 2799 1399 2873; baseline -0.004 -21"><span class='ocrx_word' id='word_1_197' title='bbox 330 2801 381 2852; x_wconf 83' lang='lat' dir='ltr'><strong>Tibi</strong></span> <span class='ocrx_word' id='word_1_198' title='bbox 398 2803 503 2864; x_wconf 63' lang='lat' dir='ltr'><strong>muro</strong></span> <span class='ocrx_word' id='word_1_199' title='bbox 520 2804 589 2862; x_wconf 81' lang='lat' dir='ltr'><strong>oet,</strong></span> <span class='ocrx_word' id='word_1_200' title='bbox 609 2814 672 2852; x_wconf 92' lang='lat' dir='ltr'><strong>nam</strong></span> <span class='ocrx_word' id='word_1_201' title='bbox 689 2801 853 2866; x_wconf 77' lang='grc' dir='ltr'>ἰιιμονολο-</span> <span class='ocrx_word' id='word_1_202' title='bbox 889 2799 934 2873; x_wconf 80' lang='grc' dir='ltr'><strong>νῇ.</strong></span> <span class='ocrx_word' id='word_1_203' title='bbox 970 2800 1053 2851; x_wconf 88' lang='lat' dir='ltr'><strong>Plaut.</strong></span> <span class='ocrx_word' id='word_1_204' title='bbox 1071 2801 1167 2850; x_wconf 82' lang='lat' dir='ltr'><strong>Bacch.</strong></span> <span class='ocrx_word' id='word_1_205' title='bbox 1187 2800 1220 2863; x_wconf 87' lang='grc'><strong>4,</strong></span> <span class='ocrx_word' id='word_1_206' title='bbox 1241 2803 1286 2864; x_wconf 84' lang='lat' dir='ltr'><strong>tu,</strong></span> <span class='ocrx_word' id='word_1_207' title='bbox 1304 2802 1333 2851; x_wconf 82' lang='lat' dir='ltr'><strong>i:</strong></span> <span class='ocrx_word' id='word_1_208' title='bbox 1357 2799 1399 2860; x_wconf 72' lang='lat' dir='ltr'><strong>Epo</strong></span> 
     </span>
     <span class='ocr_line' id='line_1_24' title="bbox 327 2872 1396 2944; baseline -0.003 -18"><span class='ocrx_word' id='word_1_209' title='bbox 327 2877 403 2944; x_wconf 78' lang='grc' dir='ltr'><strong><em>γιαις</em></strong></span> <span class='ocrx_word' id='word_1_210' title='bbox 428 2877 509 2926; x_wconf 89' lang='lat' dir='ltr'><strong>etiam</strong></span> <span class='ocrx_word' id='word_1_211' title='bbox 535 2877 619 2926; x_wconf 86' lang='lat' dir='ltr'><strong>Latini</strong></span> <span class='ocrx_word' id='word_1_212' title='bbox 643 2879 754 2926; x_wconf 89' lang='lat' dir='ltr'><strong>utuntur</strong></span> <span class='ocrx_word' id='word_1_213' title='bbox 781 2877 853 2927; x_wconf 89' lang='lat' dir='ltr'><strong>haud</strong></span> <span class='ocrx_word' id='word_1_214' title='bbox 890 2879 952 2927; x_wconf 79' lang='lat' dir='ltr'><strong>dore</strong></span> <span class='ocrx_word' id='word_1_215' title='bbox 973 2889 1012 2926; x_wconf 86' lang='lat' dir='ltr'><strong>me</strong></span> <span class='ocrx_word' id='word_1_216' title='bbox 1034 2876 1122 2926; x_wconf 78' lang='lat' dir='ltr'><strong>iudom</strong></span> <span class='ocrx_word' id='word_1_217' title='bbox 1139 2889 1194 2926; x_wconf 86' lang='lat' dir='ltr'><strong>meo</strong></span> <span class='ocrx_word' id='word_1_218' title='bbox 1211 2882 1290 2940; x_wconf 74' lang='lat' dir='ltr'><strong>puoto</strong></span> <span class='ocrx_word' id='word_1_219' title='bbox 1305 2872 1396 2925; x_wconf 64' lang='lat' dir='ltr'><strong>mci.</strong></span> 
     </span>
     <span class='ocr_line' id='line_1_25' title="bbox 329 2947 1397 3016; baseline 0 -14"><span class='ocrx_word' id='word_1_220' title='bbox 329 2965 389 3002; x_wconf 93' lang='lat' dir='ltr'><strong>raro</strong></span> <span class='ocrx_word' id='word_1_221' title='bbox 414 2965 529 3016; x_wconf 89' lang='lat' dir='ltr'><strong>persona</strong></span> <span class='ocrx_word' id='word_1_222' title='bbox 555 2952 687 3014; x_wconf 86' lang='lat' dir='ltr'><strong>secunda,</strong></span> <span class='ocrx_word' id='word_1_223' title='bbox 717 2966 799 3016; x_wconf 88' lang='lat' dir='ltr'><strong>quam</strong></span> <span class='ocrx_word' id='word_1_224' title='bbox 824 2955 854 3001; x_wconf 91' lang='lat' dir='ltr'><strong>ut</strong></span> <span class='ocrx_word' id='word_1_225' title='bbox 889 2957 918 3002; x_wconf 79' lang='lat' dir='ltr'><strong>ut</strong></span> <span class='ocrx_word' id='word_1_226' title='bbox 940 2951 1025 3000; x_wconf 81' lang='lat' dir='ltr'><strong>oninto</strong></span> <span class='ocrx_word' id='word_1_227' title='bbox 1047 2951 1190 3012; x_wconf 73' lang='lat' dir='ltr'><strong>obseouium</strong></span> <span class='ocrx_word' id='word_1_228' title='bbox 1206 2953 1310 3002; x_wconf 71' lang='lat' dir='ltr'><strong>Socim</strong></span> <span class='ocrx_word' id='word_1_229' title='bbox 1321 2947 1397 3014; x_wconf 64' lang='lat' dir='ltr'><strong>ponii?</strong></span> 
     </span>
     <span class='ocr_line' id='line_1_26' title="bbox 328 3019 1398 3091; baseline -0.003 -16"><span class='ocrx_word' id='word_1_230' title='bbox 328 3025 390 3076; x_wconf 89' lang='lat' dir='ltr'><strong>huic</strong></span> <span class='ocrx_word' id='word_1_231' title='bbox 408 3026 519 3076; x_wconf 88' lang='lat' dir='ltr'><strong>carmini</strong></span> <span class='ocrx_word' id='word_1_232' title='bbox 536 3027 667 3090; x_wconf 88' lang='lat' dir='ltr'><strong>aptiorem</strong></span> <span class='ocrx_word' id='word_1_233' title='bbox 678 3024 803 3091; x_wconf 88' lang='lat' dir='ltr'><strong>praetulit</strong></span> <span class='ocrx_word' id='word_1_234' title='bbox 813 3026 853 3077; x_wconf 90' lang='lat' dir='ltr'><strong>sul</strong></span> <span class='ocrx_word' id='word_1_235' title='bbox 891 3040 999 3089; x_wconf 80' lang='lat' dir='ltr'><strong>cequmn</strong></span> <span class='ocrx_word' id='word_1_236' title='bbox 1024 3039 1074 3076; x_wconf 83' lang='lat' dir='ltr'><strong>esse</strong></span> <span class='ocrx_word' id='word_1_237' title='bbox 1092 3031 1169 3088; x_wconf 83' lang='lat' dir='ltr'><strong>puto:</strong></span> <span class='ocrx_word' id='word_1_238' title='bbox 1194 3028 1239 3076; x_wconf 80' lang='lat' dir='ltr'><strong>sed</strong></span> <span class='ocrx_word' id='word_1_239' title='bbox 1263 3027 1333 3077; x_wconf 68' lang='lat' dir='ltr'><strong>nictu</strong></span> <span class='ocrx_word' id='word_1_240' title='bbox 1353 3019 1398 3072; x_wconf 79' lang='lat' dir='ltr'><strong>nult</strong></span> 
     </span>
     <span class='ocr_line' id='line_1_27' title="bbox 329 3095 1399 3165; baseline -0.003 -14"><span class='ocrx_word' id='word_1_241' title='bbox 329 3098 488 3164; x_wconf 86' lang='lat' dir='ltr'><strong>exemplaris</strong></span> <span class='ocrx_word' id='word_1_242' title='bbox 504 3101 617 3165; x_wconf 88' lang='lat' dir='ltr'><strong>primae.</strong></span> <span class='ocrx_word' id='word_1_243' title='bbox 647 3098 730 3152; x_wconf 88' lang='lat' dir='ltr'><strong>Plaut.</strong></span> <span class='ocrx_word' id='word_1_244' title='bbox 751 3101 851 3164; x_wconf 86' lang='lat' dir='ltr'><strong>Epidio.</strong></span> <span class='ocrx_word' id='word_1_245' title='bbox 891 3102 1000 3151; x_wconf 77' lang='lat' dir='ltr'><strong>desidiae</strong></span> <span class='ocrx_word' id='word_1_246' title='bbox 1023 3100 1056 3148; x_wconf 82' lang='lat' dir='ltr'><strong>Ei</strong></span> <span class='ocrx_word' id='word_1_247' title='bbox 1077 3100 1140 3150; x_wconf 80' lang='lat' dir='ltr'><strong>dore</strong></span> <span class='ocrx_word' id='word_1_248' title='bbox 1160 3101 1257 3151; x_wconf 74' lang='lat' dir='ltr'><strong>ludier.</strong></span> <span class='ocrx_word' id='word_1_249' title='bbox 1286 3101 1361 3150; x_wconf 87' lang='lat' dir='ltr'><strong>Varro</strong></span> <span class='ocrx_word' id='word_1_250' title='bbox 1379 3095 1399 3142; x_wconf 87' lang='lat' dir='ltr'><strong>ln</strong></span> 
     </span>
     <span class='ocr_line' id='line_1_28' title="bbox 330 3173 1399 3240; baseline -0.003 -16"><span class='ocrx_word' id='word_1_251' title='bbox 330 3175 475 3236; x_wconf 78' lang='lat' dir='ltr'><strong>l,a,58.,</strong></span> <span class='ocrx_word' id='word_1_252' title='bbox 494 3174 540 3224; x_wconf 90' lang='lat' dir='ltr'><strong>ubi</strong></span> <span class='ocrx_word' id='word_1_253' title='bbox 558 3175 746 3238; x_wconf 84' lang='lat' dir='ltr'><strong>adseipsum</strong></span> <span class='ocrx_word' id='word_1_254' title='bbox 763 3173 855 3240; x_wconf 88' lang='lat' dir='ltr'><strong>Epidi-</strong></span> <span class='ocrx_word' id='word_1_255' title='bbox 891 3176 991 3226; x_wconf 84' lang='lat' dir='ltr'><strong>Saturis</strong></span> <span class='ocrx_word' id='word_1_256' title='bbox 1010 3187 1038 3238; x_wconf 91' lang='lat' dir='ltr'><strong>p.</strong></span> <span class='ocrx_word' id='word_1_257' title='bbox 1062 3173 1118 3224; x_wconf 80' lang='lat' dir='ltr'><strong>tui.</strong></span> <span class='ocrx_word' id='word_1_258' title='bbox 1141 3174 1254 3226; x_wconf 87' lang='lat' dir='ltr'><strong>Oehler:</strong></span> <span class='ocrx_word' id='word_1_259' title='bbox 1284 3173 1399 3236; x_wconf 61' lang='lat' dir='ltr'><strong>Propere&amp;</strong></span> 
     </span>
     <span class='ocr_line' id='line_1_29' title="bbox 331 3241 1400 3314; baseline 0.001 -17"><span class='ocrx_word' id='word_1_260' title='bbox 331 3261 395 3298; x_wconf 86' lang='lat' dir='ltr'><strong>cus:</strong></span> <span class='ocrx_word' id='word_1_261' title='bbox 421 3249 538 3311; x_wconf 78' lang='lat' dir='ltr'><strong>Epidico,</strong></span> <span class='ocrx_word' id='word_1_262' title='bbox 555 3251 624 3310; x_wconf 83' lang='lat' dir='ltr'><strong>cide,</strong></span> <span class='ocrx_word' id='word_1_263' title='bbox 644 3249 704 3312; x_wconf 79' lang='lat' dir='ltr'><strong>quid</strong></span> <span class='ocrx_word' id='word_1_264' title='bbox 719 3252 800 3314; x_wconf 73' lang='lat' dir='ltr'><strong>opos!</strong></span> <span class='ocrx_word' id='word_1_265' title='bbox 818 3250 856 3298; x_wconf 87' lang='lat' dir='ltr'><strong>ito</strong></span> <span class='ocrx_word' id='word_1_266' title='bbox 890 3251 984 3311; x_wconf 87' lang='lat' dir='ltr'><strong>cicere,</strong></span> <span class='ocrx_word' id='word_1_267' title='bbox 1006 3262 1116 3311; x_wconf 70' lang='lat' dir='ltr'><strong>murce,</strong></span> <span class='ocrx_word' id='word_1_268' title='bbox 1146 3263 1210 3311; x_wconf 75' lang='lat' dir='ltr'><strong>quoe</strong></span> <span class='ocrx_word' id='word_1_269' title='bbox 1226 3251 1286 3300; x_wconf 75' lang='lat' dir='ltr'><strong>sinit</strong></span> <span class='ocrx_word' id='word_1_270' title='bbox 1306 3241 1400 3298; x_wconf 60' lang='lat' dir='ltr'><strong>mum</strong></span> 
     </span>
    </p>
   </div>
   <div class='ocr_carea' id='block_1_7' title="bbox 252 3322 1400 3386">
    <p class='ocr_par' dir='ltr' id='par_1_7' title="bbox 252 3322 1400 3386">
     <span class='ocr_line' id='line_1_30' title="bbox 252 3322 1400 3386; baseline 0 -16"><span class='ocrx_word' id='word_1_271' title='bbox 252 3349 263 3370; x_wconf 59' lang='lat' dir='ltr'><em>s</em></span> <span class='ocrx_word' id='word_1_272' title='bbox 330 3335 371 3372; x_wconf 80' lang='lat' dir='ltr'><strong>res</strong></span> <span class='ocrx_word' id='word_1_273' title='bbox 387 3322 729 3373; x_wconf 70' lang='lat' dir='ltr'><strong>ociitoicecobiectosttiti.</strong></span> <span class='ocrx_word' id='word_1_274' title='bbox 748 3324 853 3374; x_wconf 86' lang='lat' dir='ltr'><strong>Terent.</strong></span> <span class='ocrx_word' id='word_1_275' title='bbox 892 3325 987 3386; x_wconf 60' lang='lat' dir='ltr'><strong>iudae,</strong></span> <span class='ocrx_word' id='word_1_276' title='bbox 1006 3337 1069 3385; x_wconf 74' lang='lat' dir='ltr'><strong>osse,</strong></span> <span class='ocrx_word' id='word_1_277' title='bbox 1088 3337 1176 3374; x_wconf 83' lang='lat' dir='ltr'><strong>amore</strong></span> <span class='ocrx_word' id='word_1_278' title='bbox 1192 3325 1400 3375; x_wconf 64' lang='lat' dir='ltr'><strong>iinmeritam</strong></span> 
     </span>
    </p>
   </div>
   <div class='ocr_carea' id='block_1_8' title="bbox 329 3396 1401 3608">
    <p class='ocr_par' dir='ltr' id='par_1_8' title="bbox 329 3396 1401 3608">
     <span class='ocr_line' id='line_1_31' title="bbox 330 3396 1400 3463; baseline -0.004 -15"><span class='ocrx_word' id='word_1_279' title='bbox 330 3398 436 3448; x_wconf 89' lang='lat' dir='ltr'><strong>Phorm.</strong></span> <span class='ocrx_word' id='word_1_280' title='bbox 456 3396 486 3458; x_wconf 84' lang='lat'><strong>3,</strong></span> <span class='ocrx_word' id='word_1_281' title='bbox 505 3399 535 3458; x_wconf 94' lang='grc'><strong>4,</strong></span> <span class='ocrx_word' id='word_1_282' title='bbox 556 3399 588 3446; x_wconf 87' lang='lat' dir='ltr'><strong>i:</strong></span> <span class='ocrx_word' id='word_1_283' title='bbox 615 3398 765 3459; x_wconf 78' lang='lat' dir='ltr'><strong>Eninwero,</strong></span> <span class='ocrx_word' id='word_1_284' title='bbox 782 3397 856 3448; x_wconf 79' lang='lat' dir='ltr'><strong>Anti-</strong></span> <span class='ocrx_word' id='word_1_285' title='bbox 892 3397 978 3462; x_wconf 75' lang='lat' dir='ltr'><strong>lepos?</strong></span> <span class='ocrx_word' id='word_1_286' title='bbox 1004 3399 1058 3448; x_wconf 86' lang='lat' dir='ltr'><strong>Cic.</strong></span> <span class='ocrx_word' id='word_1_287' title='bbox 1081 3413 1130 3463; x_wconf 94' lang='lat' dir='ltr'><strong>pro</strong></span> <span class='ocrx_word' id='word_1_288' title='bbox 1153 3397 1245 3450; x_wconf 90' lang='lat' dir='ltr'><strong>Caelio</strong></span> <span class='ocrx_word' id='word_1_289' title='bbox 1268 3400 1313 3448; x_wconf 79' lang='lat' dir='ltr'><strong>ta:</strong></span> <span class='ocrx_word' id='word_1_290' title='bbox 1338 3396 1400 3444; x_wconf 71' lang='lat' dir='ltr'><strong>dotet</strong></span> 
     </span>
     <span class='ocr_line' id='line_1_32' title="bbox 329 3467 1401 3535; baseline -0.004 -13"><span class='ocrx_word' id='word_1_291' title='bbox 329 3473 390 3534; x_wconf 75' lang='lat' dir='ltr'><strong>pito,</strong></span> <span class='ocrx_word' id='word_1_292' title='bbox 414 3471 566 3521; x_wconf 72' lang='lat' dir='ltr'><strong>multinodis</strong></span> <span class='ocrx_word' id='word_1_293' title='bbox 577 3485 636 3521; x_wconf 82' lang='lat' dir='ltr'><strong>eum</strong></span> <span class='ocrx_word' id='word_1_294' title='bbox 652 3473 714 3521; x_wconf 73' lang='lat' dir='ltr'><strong>istm</strong></span> <span class='ocrx_word' id='word_1_295' title='bbox 730 3474 815 3522; x_wconf 77' lang='lat' dir='ltr'><strong>anicio</strong></span> <span class='ocrx_word' id='word_1_296' title='bbox 832 3485 857 3522; x_wconf 76' lang='lat' dir='ltr'><strong>es</strong></span> <span class='ocrx_word' id='word_1_297' title='bbox 892 3487 1008 3524; x_wconf 69' lang='lat' dir='ltr'><strong>commeo</strong></span> <span class='ocrx_word' id='word_1_298' title='bbox 1027 3475 1138 3522; x_wconf 76' lang='lat' dir='ltr'><strong>monium</strong></span> <span class='ocrx_word' id='word_1_299' title='bbox 1158 3473 1217 3522; x_wconf 74' lang='lat' dir='ltr'><strong>taio</strong></span> <span class='ocrx_word' id='word_1_300' title='bbox 1239 3473 1329 3535; x_wconf 73' lang='lat' dir='ltr'><strong>aliquis</strong></span> <span class='ocrx_word' id='word_1_301' title='bbox 1342 3467 1401 3518; x_wconf 67' lang='lat' dir='ltr'><strong>ludar</strong></span> 
     </span>
     <span class='ocr_line' id='line_1_33' title="bbox 330 3545 980 3608; baseline 0.006 -14"><span class='ocrx_word' id='word_1_302' title='bbox 330 3547 519 3608; x_wconf 75' lang='lat' dir='ltr'><strong>vituperandus.</strong></span> <span class='ocrx_word' id='word_1_303' title='bbox 556 3545 650 3597; x_wconf 92' lang='lat' dir='ltr'><strong>Catull.</strong></span> <span class='ocrx_word' id='word_1_304' title='bbox 672 3547 701 3606; x_wconf 86' lang='lat'><strong>8,</strong></span> <span class='ocrx_word' id='word_1_305' title='bbox 723 3549 753 3597; x_wconf 85' lang='lat' dir='ltr'><strong>t:</strong></span> <span class='ocrx_word' id='word_1_306' title='bbox 780 3548 857 3598; x_wconf 81' lang='lat' dir='ltr'><strong>lliser</strong></span> <span class='ocrx_word' id='word_1_307' title='bbox 894 3549 980 3599; x_wconf 82' lang='lat' dir='ltr'><strong>celati.</strong></span> 
     </span>
    </p>
   </div>
   <div class='ocr_carea' id='block_1_9' title="bbox 333 3616 1480 3686">
    <p class='ocr_par' dir='ltr' id='par_1_9' title="bbox 333 3616 1480 3686">
     <span class='ocr_line' id='line_1_34' title="bbox 333 3616 1480 3686; baseline 0.001 -16"><span class='ocrx_word' id='word_1_308' title='bbox 333 3621 440 3682; x_wconf 79' lang='lat' dir='ltr'><strong>Catulle,</strong></span> <span class='ocrx_word' id='word_1_309' title='bbox 467 3622 566 3671; x_wconf 72' lang='lat' dir='ltr'><strong>dodoci</strong></span> <span class='ocrx_word' id='word_1_310' title='bbox 587 3623 700 3684; x_wconf 81' lang='lat' dir='ltr'><strong>ineptire.</strong></span> <span class='ocrx_word' id='word_1_311' title='bbox 736 3623 782 3682; x_wconf 78' lang='lat'><strong>5⁴,</strong></span> <span class='ocrx_word' id='word_1_312' title='bbox 807 3622 855 3671; x_wconf 82' lang='lat' dir='ltr'><strong>li:</strong></span> <span class='ocrx_word' id='word_1_313' title='bbox 927 3625 951 3673; x_wconf 73' lang='lat'><strong>2.</strong></span> <span class='ocrx_word' id='word_1_314' title='bbox 977 3623 1002 3672; x_wconf 80' lang='lat' dir='ltr'><strong>a.</strong></span> <span class='ocrx_word' id='word_1_315' title='bbox 1031 3621 1201 3686; x_wconf 69' lang='lat' dir='ltr'><strong>siccavere]</strong></span> <span class='ocrx_word' id='word_1_316' title='bbox 1232 3631 1332 3684; x_wconf 71' lang='lat' dir='ltr'><strong>«neque</strong></span> <span class='ocrx_word' id='word_1_317' title='bbox 1351 3616 1401 3663; x_wconf 74' lang='lat' dir='ltr'><strong>Vi¹1⁰</strong></span> <span class='ocrx_word' id='word_1_318' title='bbox 1479 3629 1480 3643; x_wconf 66' lang='lat'>¹</span> 
     </span>
    </p>
   </div>
   <div class='ocr_carea' id='block_1_10' title="bbox 333 3683 1402 3834">
    <p class='ocr_par' dir='ltr' id='par_1_10' title="bbox 333 3683 1402 3834">
     <span class='ocr_line' id='line_1_35' title="bbox 333 3683 1402 3760; baseline 0.007 -18"><span class='ocrx_word' id='word_1_319' title='bbox 333 3695 430 3754; x_wconf 83' lang='lat' dir='ltr'><strong>Otium,</strong></span> <span class='ocrx_word' id='word_1_320' title='bbox 458 3695 567 3758; x_wconf 72' lang='lat' dir='ltr'><strong>Cmulle,</strong></span> <span class='ocrx_word' id='word_1_321' title='bbox 593 3697 637 3745; x_wconf 80' lang='lat' dir='ltr'><strong>titi</strong></span> <span class='ocrx_word' id='word_1_322' title='bbox 659 3697 789 3746; x_wconf 81' lang='lat' dir='ltr'><strong>molestum</strong></span> <span class='ocrx_word' id='word_1_323' title='bbox 812 3701 854 3745; x_wconf 80' lang='lat' dir='ltr'><strong>est.</strong></span> <span class='ocrx_word' id='word_1_324' title='bbox 894 3699 1027 3748; x_wconf 86' lang='lat' dir='ltr'><strong>tristitiam</strong></span> <span class='ocrx_word' id='word_1_325' title='bbox 1045 3695 1150 3756; x_wconf 85' lang='lat' dir='ltr'><strong>eluere,</strong></span> <span class='ocrx_word' id='word_1_326' title='bbox 1173 3695 1308 3760; x_wconf 77' lang='lat' dir='ltr'><strong>abigere.»</strong></span> <span class='ocrx_word' id='word_1_327' title='bbox 1339 3683 1402 3750; x_wconf 66' lang='lat'><strong>0⁰⁰⁶</strong></span> 
     </span>
     <span class='ocr_line' id='line_1_36' title="bbox 333 3758 1400 3834; baseline -0.002 -17"><span class='ocrx_word' id='word_1_328' title='bbox 333 3771 389 3817; x_wconf 87' lang='lat' dir='ltr'><strong>Ser.</strong></span> <span class='ocrx_word' id='word_1_329' title='bbox 409 3767 538 3831; x_wconf 88' lang='lat' dir='ltr'><strong>Sulpicius</strong></span> <span class='ocrx_word' id='word_1_330' title='bbox 559 3769 630 3834; x_wconf 90' lang='lat' dir='ltr'><strong>apud</strong></span> <span class='ocrx_word' id='word_1_331' title='bbox 654 3773 707 3820; x_wconf 90' lang='lat' dir='ltr'><strong>Cio.</strong></span> <span class='ocrx_word' id='word_1_332' title='bbox 732 3771 767 3820; x_wconf 90' lang='lat' dir='ltr'><strong>ad</strong></span> <span class='ocrx_word' id='word_1_333' title='bbox 784 3772 855 3820; x_wconf 84' lang='lat' dir='ltr'><strong>Fam.</strong></span> <span class='ocrx_word' id='word_1_334' title='bbox 895 3771 929 3822; x_wconf 86' lang='lat' dir='ltr'><strong>ad</strong></span> <span class='ocrx_word' id='word_1_335' title='bbox 946 3771 1038 3821; x_wconf 82' lang='lat' dir='ltr'><strong>vinum</strong></span> <span class='ocrx_word' id='word_1_336' title='bbox 1055 3771 1163 3830; x_wconf 78' lang='lat' dir='ltr'><strong>attinet¹</strong></span> <span class='ocrx_word' id='word_1_337' title='bbox 1182 3771 1273 3820; x_wconf 86' lang='lat' dir='ltr'><strong>dicuni</strong></span> <span class='ocrx_word' id='word_1_338' title='bbox 1292 3758 1400 3818; x_wconf 79' lang='lat' dir='ltr'><strong>nonnulli.</strong></span> 
     </span>
    </p>
   </div>
   <div class='ocr_carea' id='block_1_11' title="bbox 334 3833 1479 3985">
    <p class='ocr_par' dir='ltr' id='par_1_11' title="bbox 334 3833 1479 3985">
     <span class='ocr_line' id='line_1_37' title="bbox 334 3833 1479 3914; baseline -0.004 -22"><span class='ocrx_word' id='word_1_339' title='bbox 334 3841 365 3902; x_wconf 80' lang='grc'><strong>4,</strong></span> <span class='ocrx_word' id='word_1_340' title='bbox 385 3843 414 3902; x_wconf 81' lang='grc'><strong>5,</strong></span> <span class='ocrx_word' id='word_1_341' title='bbox 431 3841 460 3893; x_wconf 78' lang='lat' dir='ltr'><strong>l:</strong></span> <span class='ocrx_word' id='word_1_342' title='bbox 491 3843 562 3892; x_wconf 78' lang='lat' dir='ltr'><strong>Visne</strong></span> <span class='ocrx_word' id='word_1_343' title='bbox 579 3850 606 3892; x_wconf 80' lang='lat' dir='ltr'><strong>to</strong></span> <span class='ocrx_word' id='word_1_344' title='bbox 623 3849 659 3904; x_wconf 81' lang='lat' dir='ltr'><strong>te,</strong></span> <span class='ocrx_word' id='word_1_345' title='bbox 678 3846 765 3905; x_wconf 77' lang='lat' dir='ltr'><strong>Serui,</strong></span> <span class='ocrx_word' id='word_1_346' title='bbox 787 3845 858 3895; x_wconf 83' lang='lat' dir='ltr'><strong>coti·</strong></span> <span class='ocrx_word' id='word_1_347' title='bbox 895 3843 1032 3897; x_wconf 80' lang='lat' dir='ltr'><strong>Neobulen</strong></span> <span class='ocrx_word' id='word_1_348' title='bbox 1050 3845 1217 3907; x_wconf 86' lang='lat' dir='ltr'><strong>ideoqueri,</strong></span> <span class='ocrx_word' id='word_1_349' title='bbox 1236 3837 1365 3907; x_wconf 80' lang='lat' dir='ltr'><strong>quodsibi</strong></span> <span class='ocrx_word' id='word_1_350' title='bbox 1380 3833 1401 3880; x_wconf 89' lang='lat' dir='ltr'><strong>nt</strong></span> <span class='ocrx_word' id='word_1_351' title='bbox 1478 3899 1479 3914; x_wconf 17' lang='grc' dir='ltr'>ἢ</span> 
     </span>
     <span class='ocr_line' id='line_1_38' title="bbox 334 3909 1479 3985; baseline -0.001 -21"><span class='ocrx_word' id='word_1_352' title='bbox 334 3916 398 3966; x_wconf 81' lang='lat' dir='ltr'><strong>tere.</strong></span> <span class='ocrx_word' id='word_1_353' title='bbox 434 3915 509 3966; x_wconf 80' lang='lat' dir='ltr'><strong>ovid.</strong></span> <span class='ocrx_word' id='word_1_354' title='bbox 528 3918 589 3968; x_wconf 84' lang='lat' dir='ltr'><strong>liet.</strong></span> <span class='ocrx_word' id='word_1_355' title='bbox 607 3919 636 3978; x_wconf 82' lang='lat'><strong>7,</strong></span> <span class='ocrx_word' id='word_1_356' title='bbox 659 3918 707 3967; x_wconf 88' lang='lat' dir='ltr'><strong>lt:</strong></span> <span class='ocrx_word' id='word_1_357' title='bbox 738 3919 856 3980; x_wconf 75' lang='lat' dir='ltr'><strong>Fnutrc,</strong></span> <span class='ocrx_word' id='word_1_358' title='bbox 895 3918 999 3985; x_wconf 89' lang='lat' dir='ltr'><strong>puellae</strong></span> <span class='ocrx_word' id='word_1_359' title='bbox 1026 3921 1159 3969; x_wconf 85' lang='lat' dir='ltr'><strong>Romanae</strong></span> <span class='ocrx_word' id='word_1_360' title='bbox 1184 3931 1237 3968; x_wconf 94' lang='lat' dir='ltr'><strong>non</strong></span> <span class='ocrx_word' id='word_1_361' title='bbox 1258 3915 1333 3966; x_wconf 87' lang='lat' dir='ltr'><strong>liceat</strong></span> <span class='ocrx_word' id='word_1_362' title='bbox 1353 3909 1400 3958; x_wconf 80' lang='lat' dir='ltr'><strong>vino</strong></span> <span class='ocrx_word' id='word_1_363' title='bbox 1478 3917 1479 3937; x_wconf 67' lang='lat'>¹</span> 
     </span>
    </p>
   </div>
   <div class='ocr_carea' id='block_1_12' title="bbox 334 3983 1401 4055">
    <p class='ocr_par' dir='ltr' id='par_1_12' title="bbox 334 3983 1401 4055">
     <span class='ocr_line' id='line_1_39' title="bbox 334 3983 1401 4055; baseline -0.004 -13"><span class='ocrx_word' id='word_1_364' title='bbox 334 3991 435 4052; x_wconf 81' lang='lat' dir='ltr'><strong>Medea,</strong></span> <span class='ocrx_word' id='word_1_365' title='bbox 447 4005 582 4055; x_wconf 77' lang='lat' dir='ltr'><strong>repopnot.</strong></span> <span class='ocrx_word' id='word_1_366' title='bbox 602 3991 699 4041; x_wconf 85' lang='lat' dir='ltr'><strong>Lucan.</strong></span> <span class='ocrx_word' id='word_1_367' title='bbox 711 3993 736 4054; x_wconf 70' lang='lat' dir='ltr'><strong>i,</strong></span> <span class='ocrx_word' id='word_1_368' title='bbox 750 3995 813 4042; x_wconf 76' lang='lat' dir='ltr'><strong>aaa:</strong></span> <span class='ocrx_word' id='word_1_369' title='bbox 826 3994 860 4042; x_wconf 83' lang='lat' dir='ltr'><strong>Et</strong></span> <span class='ocrx_word' id='word_1_370' title='bbox 896 4008 974 4045; x_wconf 84' lang='lat' dir='ltr'><strong>curas</strong></span> <span class='ocrx_word' id='word_1_371' title='bbox 983 3993 1088 4045; x_wconf 86' lang='lat' dir='ltr'><strong>sedare.</strong></span> <span class='ocrx_word' id='word_1_372' title='bbox 1108 3992 1161 4042; x_wconf 89' lang='lat' dir='ltr'><strong>Sed</strong></span> <span class='ocrx_word' id='word_1_373' title='bbox 1172 3991 1246 4043; x_wconf 89' lang='lat' dir='ltr'><strong>obliti</strong></span> <span class='ocrx_word' id='word_1_374' title='bbox 1257 3989 1329 4042; x_wconf 87' lang='lat' dir='ltr'><strong>crant</strong></span> <span class='ocrx_word' id='word_1_375' title='bbox 1338 3983 1401 4036; x_wconf 68' lang='lat' dir='ltr'><strong>libri·</strong></span> 
     </span>
    </p>
   </div>
   <div class='ocr_carea' id='block_1_13' title="bbox 334 4057 1478 4132">
    <p class='ocr_par' dir='ltr' id='par_1_13' title="bbox 334 4057 1478 4132">
     <span class='ocr_line' id='line_1_40' title="bbox 334 4057 1478 4132; baseline 0 -16"><span class='ocrx_word' id='word_1_376' title='bbox 334 4080 417 4116; x_wconf 76' lang='lat' dir='ltr'><strong>recten</strong></span> <span class='ocrx_word' id='word_1_377' title='bbox 437 4065 597 4129; x_wconf 82' lang='lat' dir='ltr'><strong>(Domitius):</strong></span> <span class='ocrx_word' id='word_1_378' title='bbox 618 4067 753 4117; x_wconf 80' lang='lat' dir='ltr'><strong>lionomne</strong></span> <span class='ocrx_word' id='word_1_379' title='bbox 769 4067 859 4129; x_wconf 79' lang='lat' dir='ltr'><strong>petes?</strong></span> <span class='ocrx_word' id='word_1_380' title='bbox 897 4071 979 4119; x_wconf 91' lang='lat' dir='ltr'><strong>tinam</strong></span> <span class='ocrx_word' id='word_1_381' title='bbox 997 4070 1040 4119; x_wconf 89' lang='lat' dir='ltr'><strong>hic</strong></span> <span class='ocrx_word' id='word_1_382' title='bbox 1060 4068 1145 4132; x_wconf 82' lang='lat' dir='ltr'><strong>loqui,</strong></span> <span class='ocrx_word' id='word_1_383' title='bbox 1164 4069 1207 4118; x_wconf 91' lang='lat' dir='ltr'><strong>cui</strong></span> <span class='ocrx_word' id='word_1_384' title='bbox 1227 4067 1278 4117; x_wconf 86' lang='lat' dir='ltr'><strong>diei</strong></span> <span class='ocrx_word' id='word_1_385' title='bbox 1297 4057 1398 4128; x_wconf 75' lang='lat' dir='ltr'><strong>poterat:</strong></span> <span class='ocrx_word' id='word_1_386' title='bbox 1477 4065 1478 4080; x_wconf 66' lang='lat'>¹</span> 
     </span>
    </p>
   </div>
   <div class='ocr_carea' id='block_1_14' title="bbox 335 4138 1399 4207">
    <p class='ocr_par' dir='ltr' id='par_1_14' title="bbox 335 4138 1399 4207">
     <span class='ocr_line' id='line_1_41' title="bbox 335 4138 1399 4207; baseline -0.005 -17"><span class='ocrx_word' id='word_1_387' title='bbox 335 4143 386 4191; x_wconf 87' lang='lat' dir='ltr'><strong>oet.</strong></span> <span class='ocrx_word' id='word_1_388' title='bbox 423 4143 522 4190; x_wconf 87' lang='lat' dir='ltr'><strong>Graeca</strong></span> <span class='ocrx_word' id='word_1_389' title='bbox 540 4138 661 4204; x_wconf 85' lang='lat' dir='ltr'><strong>exempla</strong></span> <span class='ocrx_word' id='word_1_390' title='bbox 682 4140 752 4191; x_wconf 90' lang='lat' dir='ltr'><strong>adde</strong></span> <span class='ocrx_word' id='word_1_391' title='bbox 775 4143 858 4194; x_wconf 87' lang='lat' dir='ltr'><strong>haec:</strong></span> <span class='ocrx_word' id='word_1_392' title='bbox 895 4145 994 4207; x_wconf 63' lang='lat' dir='ltr'><strong>samoe,</strong></span> <span class='ocrx_word' id='word_1_393' title='bbox 1016 4145 1078 4195; x_wconf 73' lang='lat' dir='ltr'><strong>ciac</strong></span> <span class='ocrx_word' id='word_1_394' title='bbox 1093 4143 1184 4204; x_wconf 77' lang='lat' dir='ltr'><strong>liquor,</strong></span> <span class='ocrx_word' id='word_1_395' title='bbox 1211 4141 1328 4192; x_wconf 87' lang='lat' dir='ltr'><strong>eiusdem</strong></span> <span class='ocrx_word' id='word_1_396' title='bbox 1347 4139 1399 4184; x_wconf 76' lang='lat' dir='ltr'><strong>sant</strong></span> 
     </span>
    </p>
   </div>
   <div class='ocr_carea' id='block_1_15' title="bbox 335 4203 1400 4434">
    <p class='ocr_par' dir='ltr' id='par_1_15' title="bbox 335 4203 1477 4521">
     <span class='ocr_line' id='line_1_42' title="bbox 336 4203 1400 4282; baseline -0.003 -16"><span class='ocrx_word' id='word_1_397' title='bbox 336 4215 423 4280; x_wconf 87' lang='lat' dir='ltr'><strong>Eurip.</strong></span> <span class='ocrx_word' id='word_1_398' title='bbox 443 4213 480 4266; x_wconf 85' lang='grc' dir='ltr'><strong>ΕΙ,</strong></span> <span class='ocrx_word' id='word_1_399' title='bbox 495 4217 551 4265; x_wconf 79' lang='lat' dir='ltr'><strong>tta.</strong></span> <span class='ocrx_word' id='word_1_400' title='bbox 579 4213 682 4266; x_wconf 85' lang='lat' dir='ltr'><strong>Electra</strong></span> <span class='ocrx_word' id='word_1_401' title='bbox 699 4219 786 4267; x_wconf 83' lang='lat' dir='ltr'><strong>semet</strong></span> <span class='ocrx_word' id='word_1_402' title='bbox 802 4218 859 4281; x_wconf 88' lang='lat' dir='ltr'><strong>ipsa</strong></span> <span class='ocrx_word' id='word_1_403' title='bbox 898 4219 1003 4282; x_wconf 78' lang='lat' dir='ltr'><strong>generis</strong></span> <span class='ocrx_word' id='word_1_404' title='bbox 1026 4219 1106 4282; x_wconf 87' lang='lat' dir='ltr'><strong>atque</strong></span> <span class='ocrx_word' id='word_1_405' title='bbox 1133 4215 1176 4268; x_wconf 86' lang='lat' dir='ltr'><strong>illa</strong></span> <span class='ocrx_word' id='word_1_406' title='bbox 1205 4215 1277 4266; x_wconf 82' lang='lat' dir='ltr'><strong>multi</strong></span> <span class='ocrx_word' id='word_1_407' title='bbox 1304 4203 1400 4264; x_wconf 65' lang='lat' dir='ltr'><strong>Dmi&#39;i</strong></span> 
     </span>
     <span class='ocr_line' id='line_1_43' title="bbox 335 4279 1399 4362; baseline -0.014 -22"><span class='ocrx_word' id='word_1_408' title='bbox 335 4289 485 4353; x_wconf 79' lang='lat' dir='ltr'><strong>alloquens:</strong></span> <span class='ocrx_word' id='word_1_409' title='bbox 513 4285 650 4350; x_wconf 65' lang='grc' dir='ltr'><strong>Σύντειν,</strong></span> <span class='ocrx_word' id='word_1_410' title='bbox 673 4283 752 4362; x_wconf 71' lang='grc' dir='ltr'><strong>ὥρα,</strong></span> <span class='ocrx_word' id='word_1_411' title='bbox 771 4287 860 4355; x_wconf 77' lang='grc' dir='ltr'><strong><em>ποδὸς</em></strong></span> <span class='ocrx_word' id='word_1_412' title='bbox 896 4294 968 4344; x_wconf 78' lang='lat' dir='ltr'><strong>meri.</strong></span> <span class='ocrx_word' id='word_1_413' title='bbox 985 4320 1013 4329; x_wconf 93' lang='lat'>-</span> <span class='ocrx_word' id='word_1_414' title='bbox 1026 4298 1072 4343; x_wconf 76' lang='lat' dir='ltr'><strong>ortt</strong></span> <span class='ocrx_word' id='word_1_415' title='bbox 1081 4289 1235 4354; x_wconf 63' lang='lat' dir='ltr'><strong>monimen]</strong></span> <span class='ocrx_word' id='word_1_416' title='bbox 1254 4279 1399 4347; x_wconf 66' lang='lat' dir='ltr'><strong>«autumo</strong></span> 
     </span>
     <span class='ocr_line' id='line_1_44' title="bbox 337 4353 1398 4434; baseline -0.016 -5"><span class='ocrx_word' id='word_1_417' title='bbox 337 4358 440 4434; x_wconf 63' lang='grc' dir='ltr'><em>ὁρμάν·</em></span> <span class='ocrx_word' id='word_1_418' title='bbox 459 4359 497 4416; x_wconf 78' lang='grc' dir='ltr'><em>Ὢ</em></span> <span class='ocrx_word' id='word_1_419' title='bbox 514 4358 591 4432; x_wconf 61' lang='grc' dir='ltr'>ἔμβα</span> <span class='ocrx_word' id='word_1_420' title='bbox 611 4359 689 4432; x_wconf 80' lang='grc' dir='ltr'>ἔμβα</span> <span class='ocrx_word' id='word_1_421' title='bbox 705 4365 860 4418; x_wconf 67' lang='lat' dir='ltr'><strong>coroniol-</strong></span> <span class='ocrx_word' id='word_1_422' title='bbox 898 4367 940 4418; x_wconf 83' lang='lat' dir='ltr'><strong>vel</strong></span> <span class='ocrx_word' id='word_1_423' title='bbox 965 4365 1027 4418; x_wconf 90' lang='lat' dir='ltr'><strong>iHud</strong></span> <span class='ocrx_word' id='word_1_424' title='bbox 1053 4369 1199 4428; x_wconf 82' lang='lat' dir='ltr'><strong>tentemus,</strong></span> <span class='ocrx_word' id='word_1_425' title='bbox 1233 4363 1318 4416; x_wconf 88' lang='lat' dir='ltr'><strong>statim</strong></span> <span class='ocrx_word' id='word_1_426' title='bbox 1340 4353 1398 4406; x_wconf 69' lang='lat' dir='ltr'><strong>miii</strong></span> 
     </span>
    </p>
   </div>
   <div class='ocr_carea' id='block_1_16' title="bbox 0 0 1510 4978">
    <p class='ocr_par' dir='ltr' id='par_1_16' title="bbox 0 0 1510 4978">
     <span class='ocr_line' id='line_1_45' title="bbox 0 0 1510 4978; baseline 0 0"><span class='ocrx_word' id='word_1_427' title='bbox 0 0 1510 4978; x_wconf 95' lang='lat' dir='ltr'><strong> </strong></span> 
     </span>
    </p>
   </div>
  </div>
 </body>
</html>
