2992 4978
536 455 595 505 LlB.
615 455 656 504 lll.
694 456 722 506 C.
742 457 783 506 iii.

289 609 417 676 Dulium
438 608 537 675 fundo
560 611 726 696 pereuntis
749 611 831 684 imo,

373 733 519 819 Scraque
541 731 619 806 lata,

289 891 381 969 Quae
403 899 534 956 manent
556 888 669 977 culpas
692 891 789 956 etiam
811 890 873 957 sub
894 891 991 957 Orco.

287 1012 423 1097 impiae,
442 1049 485 1060 —
499 1032 574 1076 nam
596 1012 675 1100 quid
697 1022 833 1099 potuere
856 1013 982 1078 maius?
996 1049 1039 1062 -
1166 1016 1207 1078 30

288 1131 408 1218 impiae
431 1152 569 1219 sponsos
591 1143 728 1220 potuere
750 1133 833 1199 duro

376 1253 517 1320 Perdere
539 1252 643 1320 lcrrol

286 1413 353 1480 Una
376 1413 418 1478 de
439 1411 546 1478 multis
569 1411 638 1480 lace
661 1412 794 1500 nuptiali

182 1613 222 1661 30.
241 1612 336 1674 impios
352 1625 427 1672 nom,
447 1613 507 1673 quid
524 1611 660 1674 distinguit
676 1612 709 1660 Μ.

120 1801 209 1839 ornnes
242 1789 350 1852 praeter
382 1787 640 1851 Hypermestram,
715 1787 819 1838 sti-us.
853 1803 929 1838 inane
953 1783 1080 1856 lymphae]
1110 1793 1206 1843 eadem

120 1877 194 1926 quse,
219 1875 282 1912 eum
294 1864 401 1924 Lynceo
419 1875 518 1926 sponso
536 1875 585 1913 suo
596 1875 643 1925 pe-
681 1862 894 1923 coustructione,
926 1875 979 1926 qun
996 1864 1092 1915 dicitur
1104 1867 1207 1929 pienwn

119 1938 257 2001 percissel,
278 1937 303 1986 in
320 1935 425 1986 iincula
439 1938 573 1997 coniecta,
592 1936 642 1986 sed
680 1948 772 1996 44444.
808 1937 909 1999 (Cicero
922 1937 955 1986 de
968 1939 1038 1990 Orat.
1062 1942 1091 2000 4,
1111 1941 1139 2001 s,
1158 1942 1204 1992 37:

117 2015 207 2075 postea
226 2011 353 2060 tamenin
367 2011 565 2060 matrimonium
580 2010 641 2060 datu
681 2011 771 2060 044444
781 2025 862 2060 noune
871 2012 947 2073 plenu
958 2014 1132 2075 condilomate,
1151 2017 1207 2065 iuo-

118 2087 158 2136 est
168 2087 284 2148 Lynceo.
303 2082 424 2148 Apollod.
437 2085 463 2145 2,
477 2085 501 2146 4,
514 2087 539 2134 lt.
553 2083 639 2134 schol.
679 2086 724 2134 niu
739 2085 874 2134 cortuum
893 2087 1036 2151 videmml)
1061 2088 1140 2138 lucus
1156 2103 1206 2138 au-

119 2159 225 2210 llomeri
243 2158 277 2207 ad
295 2157 366 2208 lliad.
386 2173 420 2220 a,
439 2157 491 2220 44,
510 2159 641 2222 Euripidis
680 2161 749 2219 tem,
772 2161 834 2222 quia
852 2161 949 2210 inimo
968 2160 1048 2211 tundo
1064 2165 1206 2224 pertusum

116 2234 149 2284 ed
175 2235 261 2283 orest.
281 2233 355 2294 859„
382 2233 487 2284 Pindari
512 2233 546 2282 sd
563 2236 640 2283 Nem.
680 2239 722 2286 est
749 2235 863 2298 ideoque
893 2249 962 2299 aqua
988 2249 1098 2301 semper
1125 2241 1203 2301 perit,

116 2309 161 2368 40,
190 2308 214 2356 0.
246 2307 365 2370 Hyginus
384 2308 409 2356 F.
430 2307 486 2357 468.
514 2309 587 2358 Serv.
607 2307 641 2356 ed
680 2311 714 2358 ita
726 2309 846 2373 perfluit,
866 2312 895 2360 ut
906 2309 1031 2361 inutiliter
1047 2314 1142 2375 pereat
1158 2327 1206 2363 no-

114 2385 179 2432 444.
202 2381 247 2440 40,
261 2379 318 2430 isi.
339 2382 470 2432 4444444444
488 2382 601 2445 Opusec.
614 2383 639 2443 2,
679 2395 766 2447 vaque
782 2397 891 2448 semper
902 2397 985 2447 aqua,
1005 2387 1054 2436 etsi
1067 2399 1153 2450 aeque
1166 2389 1205 2438 ln·

113 2471 140 2520 p.
160 2456 220 2506 340.
248 2455 594 2520 Ovid.lleroid.Epist.tl.
612 2451 656 2493 -“
679 2471 803 2519 cessum,
833 2458 995 2510 infundenda
1023 2461 1065 2510 sit.
1095 2463 1200 2512 Lucret.

113 2529 247 2582 Danaides
259 2528 357 2590 aletae,
376 2529 476 2580 dolium
489 2530 585 2580 trustra
597 2543 640 2580 ex·
680 2535 706 2593 4,
734 2531 796 2583 iii:
822 2534 947 2584 Postremo
970 2540 1077 2596 percunt
1103 2537 1202 2588 imbres.
1298 2545 1300 2548 ·

112 2602 186 2668 plere
202 2606 344 2664 conantes,
363 2607 425 2654 sunt
441 2603 641 2668 apudlnghira-
680 2633 707 2642 -
726 2607 839 2668 seraque
861 2608 927 2672 suto]
955 2621 1071 2672 «poenas
1097 2609 1202 2672 4444444,

114 2679 152 2729 mi
170 2678 236 2728 Gall.
257 2678 311 2727 Om.
324 2679 367 2727 ill.
381 2677 409 2726 T.
422 2677 463 2727 86.
489 2679 561 2728 lianc
573 2693 639 2729 vero
678 2693 747 2743 quae
759 2682 798 2730 eis
815 2685 877 2744 post
893 2685 1009 2733 mortem
1026 2683 1135 2734 tandem
1153 2686 1204 2736 im-

111 2751 263 2803 Danaidum
272 2751 364 2802 dulces
374 2752 504 2816 Orphicae
514 2752 588 2817 lyrae
598 2767 640 2804 so·
677 2758 779 2819 positae
797 2757 884 2806 sunt.»

111 2841 161 2878 nos
189 2827 353 2876 audientium
378 2828 528 2890 requietem
558 2841 639 2892 pree·
710 2829 819 2880 ati-al.
846 2835 949 2879 4444444
965 2831 1065 2897 crapas]
1090 2844 1205 2895 «exspe-

111 2901 182 2951 clare
190 2899 420 2964 expressitertllex
427 2902 505 2963 vasis,
515 2902 587 2964 quod
595 2915 639 2952 44-
677 2903 758 2963 ciant,
773 2902 834 2964 quia
847 2906 981 2953 manent.»
995 2903 1081 2954 Alium
1092 2917 1203 2955 sensum

111 2975 205 3025 hibent
221 2975 290 3025 Mon.
310 2975 373 3022 ined.
388 2973 443 3023 delt'
454 2975 513 3024 1444.
528 2976 636 3026 urcisci.
676 2974 790 3038 praebet
801 2977 964 3027 constructio
977 2988 1038 3027 cum
1052 2977 1156 3038 dativo,
1175 2980 1206 3027 ut

110 3051 138 3100 T.
148 3049 188 3099 is.
198 3049 275 3097 et50.
289 3049 347 3096 Tou.
359 3048 636 3112 d'apgiuntoH.Braun
676 3049 748 3112 Virg.
775 3050 840 3101 Aen.
868 3050 897 3110 9,
924 3050 988 3100 302:
1023 3051 1091 3100 llaec
1117 3053 1204 3101 eodem

110 3125 175 3173 444,
189 3123 244 3172 dett'
256 3123 314 3171 inst.
327 3123 369 3172 lli.
384 3136 410 3187 p.
425 3123 482 3172 249.
496 3127 577 3186 atque
591 3125 639 3174 im·
675 3125 802 3184 mollique
821 3129 880 3173 tuuc
902 3125 1036 3187 paucique
1054 3125 1202 3186 mouebant,

110 3199 205 3262 primis
216 3211 243 3260 p.
257 3199 315 3247 mu.
328 3197 401 3248 Arci.
414 3198 491 3262 Zeitp.
505 3200 524 3247 i.
538 3211 565 3262 p.
579 3199 636 3248 l8t.
677 3198 760 3257 idest,
772 3197 976 3258 «servabuntur,
987 3199 1089 3260 integra
1098 3203 1202 3250 erunt.»

142 3274 183 3322 25.
211 3271 305 3321 Audiat
320 3271 399 3334 Lyde]
427 3273 495 3322 Cum
513 3284 543 3322 se
562 3274 637 3336 quasi
676 3272 742 3322 Vide
758 3271 900 3335 ibiWegu.
924 3298 951 3308 —
972 3273 1078 3338 Inspice]
1096 3274 1202 3338 virgula

110 3347 219 3397 lortuito
242 3346 269 3396 in
286 3345 434 3396 Danaidum
459 3345 574 3396 tabulam
596 3348 638 3397 in·
676 3349 738 3411 post
749 3349 889 3411 partuum
900 3347 986 3410 posita
1004 3346 1123 3398 nonnulli
1140 3362 1204 3402 con-

110 3421 209 3472 cidisse
222 3417 389 3481 simulasset,
409 3433 440 3470 44
450 3420 545 3471 ‘callide
558 3422 639 3472 utitur
676 3424 799 3472 struunt:
818 3423 885 3472 Nom
896 3423 1000 3483 impiae,
1020 3420 1091 3486 (quid
1098 3428 1203 3485 potuero

110 3497 144 3546 ad
167 3495 283 3544 amicum
307 3507 321 3542 a
343 3495 452 3545 saevitia
474 3499 554 3558 atque
572 3509 639 3546 con·
675 3494 778 3546 maius?
793 3496 890 3546 idest:
911 3493 1028 3546 «nullum
1046 3497 1204 3560 maiuspro-

111 3570 226 3620 44444444
250 3569 440 3618 deterrendum
457 3571 484 3619 et
501 3569 535 3618 ed
556 3569 639 3620 facili·
677 3569 746 3620 lecto
756 3569 844 3620 scelus
853 3571 1021 3620 committere
1032 3573 1202 3636 potuerunt»)

110 3647 194 3694 tatem
222 3643 412 3693 revocandam.
444 3644 562 3707 (ultimis
584 3658 637 3696 une
676 3645 770 3706 tropice
781 3645 832 3693 cet.
852 3643 913 3694 llihi
924 3643 1114 3706 significantior
1124 3645 1204 3696 simul

111 3719 223 3781 excepta
235 3730 332 3767 saevae
349 3717 455 3767 luerunt
466 3718 491 3766 in
505 3730 635 3782 sponsos;
676 3719 756 3781 utque
766 3716 910 3780 simplicior
918 3717 1025 3768 videtur
1032 3717 1114 3769 altera
1120 3721 1200 3770 ratio:

111 3795 138 3841 tu
155 3793 245 3856 potius
263 3791 365 3841 imitere
383 3791 514 3856 benignae
530 3793 638 3857 Hyper·
675 3793 770 3854 impiae
792 3791 863 3855 (uom
884 3792 945 3853 quio
962 3798 1067 3854 potum
1087 3795 1202 3859 4444440)

112 3867 247 3916 mnestrae
264 3865 352 3916 nobile
369 3865 431 3916 iidei
450 3867 637 3918 acveriamo-
676 3871 744 3928 cet,
771 3867 871 3917 idest:
904 3870 947 3917 «et
969 3880 1033 3918 sene
1060 3870 1202 3933 impietatis

111 3941 146 3989 ris
163 3938 361 4002 exemplumln)
382 3969 409 3977 —
436 3941 521 4005 44444]
539 3943 636 4005 purtim
675 3953 738 3990 reae
751 3940 803 3990 dici
815 3941 928 4000 debent;
947 3941 1020 4004 quod
1032 3943 1103 3992 enim
1115 3943 1202 3992 mulus

111 4027 125 4062 a
143 4012 233 4063 multis
250 4015 336 4078 poetis
354 4016 479 4065 mactatas
500 4018 554 4066 4444
575 4016 636 4066 inde
675 4013 763 4065 scelus
780 4017 887 4079 patrare
905 4017 1085 4078 potuerunt‘i»
1106 4042 1133 4050 -
1151 4028 1202 4076 po-

111 4099 126 4134 a
152 4087 271 4136 Danaide
302 4086 402 4150 cyclica
432 4091 581 4140 memorata
611 4091 637 4140 in
675 4088 758 4153 lucre]
783 4091 995 4150 «sustinuerrmt,
1025 4090 1203 4152 impetramnt

111 4159 210 4210 Tabula
228 4162 374 4225 Bongiana,
401 4165 500 4228 partim
521 4178 635 4229 saepen
675 4164 709 4215 ob
722 4165 810 4214 animo
828 4178 877 4214 suo
895 4165 946 4214 boc
965 4163 1066 4214 lacinus
1084 4162 1199 4212 lacero.»

112 4235 244 4286 statuariis
270 4249 420 4300 expresses.
463 4239 516 4289 Cir.
544 4237 637 4290 bidller
707 4239 748 4289 33.
778 4239 833 4288 ilua
849 4239 878 4287 de
893 4237 990 4300 multis]
1021 4235 1095 4288 Pind.
1124 4239 1199 4286 Nem.

112 4309 295 4374 Arcbocctcpic.
314 4311 361 4362 Ed.
381 4313 404 4362 Ξ.
424 4326 450 4376 p.
471 4313 527 4363 654.
676 4313 720 4376 40,
739 4313 771 4363 6:
803 4305 867 4362 oie·
883 4305 1098 4382 Ὑπερμνήστρα
1115 4323 1201 4380 παρε-
