2986 4974
514 436 572 485 ira.
594 435 623 486 44,
661 439 689 485 C.
711 436 740 486 44.

288 591 401 678 Crispe
425 590 558 662 Salusti.
583 592 642 656 nisi
668 603 846 679 temperato

457 713 632 800 Splendeat
656 735 726 779 usu.

286 873 375 936 Vivet
398 882 527 938 extento
551 872 739 938 Proculeius
763 894 862 948 aera,

285 994 384 1058 Notus
408 995 439 1056 in
463 993 576 1059 iratres
600 995 695 1059 animi
719 996 861 1081 paterni;

288 1113 379 1180 ilium
402 1126 476 1202 aget
497 1135 603 1203 penna
625 1127 788 1182 metuente
813 1117 891 1182 soivi

459 1238 555 1302 Fama
577 1247 753 1324 superstes.
844 1215 854 1228 ⁸

177 1437 202 1487 3.
223 1437 330 1486 Sallusti
345 1437 401 1486 aro
419 1435 523 1486 etEdd.
544 1437 583 1498 (Ut
600 1449 658 1498 nos,
678 1436 751 1498 bsai
773 1465 799 1474 -
816 1439 840 1487 Ἰ.
855 1439 909 1502 apii
928 1439 1036 1506 Sariya.
1053 1443 1091 1504 (Ut
1110 1459 1166 1503 nos,

143 1511 234 1570 Bde,
254 1511 369 1560 Pettierii
387 1511 467 1572 octo.)
487 1538 514 1546 -
531 1511 613 1572 pinna
630 1513 658 1562 Β.

110 1703 167 1752 opes
184 1701 373 1752 recepissem,
392 1689 501 1738 tantiam
510 1690 640 1752 atrimae
677 1690 824 1751 Caepionem
838 1719 863 1726 -
878 1695 904 1740 et
916 1694 1082 1752 Murenam»,
1100 1693 1202 1744 addunt

109 1765 250 1824 maiae,
269 1765 303 1812 ad
323 1777 386 1826 qaas
406 1764 531 1826 aaptditas
551 1770 639 1814 costra
676 1769 762 1816 Aaron
781 1769 807 1815 et
825 1767 928 1816 comm.
945 1768 1036 1831 Cruq.)
1057 1769 1111 1830 tait,
1131 1769 1202 1820 adeo

109 1840 215 1902 eaitpat.
244 1838 353 1901 (Eodem
371 1839 517 1890 contractio
535 1840 639 1903 reperi-
676 1841 705 1889 ut
722 1838 792 1889 bona
815 1853 864 1889 sua
881 1853 943 1890 cum
961 1841 991 1890 iis
1009 1845 1101 1906 aequis
1119 1845 1201 1907 parti-

110 1912 306 1978 iarapudiiai.
320 1912 404 1965 Fiaco.
419 1915 448 1972 4,
469 1914 529 1964 ta‘t:
547 1914 640 1978 praetii
675 1913 727 1965 bus
750 1915 881 1976 diviserit,
909 1915 1006 1978 quibus
1030 1916 1063 1967 itii
1087 1919 1112 1968 in
1130 1915 1200 1969 helio

109 1989 245 2038 &mirera
268 1987 375 2052 lamna.)
400 2015 428 2024 -
451 1989 537 2048 «dioc,
565 1990 638 2051 quod
675 1987 743 2038 civili
756 1991 833 2039 erant
844 1988 973 2053 spoliati.»
997 1993 1119 2042 Ponrura.
1140 1995 1202 2043 Erat

109 2063 180 2123 dico,
194 2075 291 2111 verum
301 2075 361 2112 esse
371 2065 426 2122 tuo,
437 2063 529 2126 inquii.
541 2077 638 2126 ragno-
675 2064 743 2112 inter
760 2077 807 2113 eos
825 2065 928 2127 equites
941 2065 1083 2128 Romanos,
1103 2067 1201 2131 quibus

110 2137 172 2192 scis.
193 2137 287 2200 Crispe
305 2135 407 2197 Salusti‚
426 2139 471 2200 qui
489 2137 560 2188 nihiii
573 2139 637 2190 tacis
675 2138 701 2186 in
719 2139 917 2188 matrimonium
929 2139 994 2188 dare
1011 2139 1102 2191 lutiam
1115 2145 1202 2204 Augu·

110 2209 248 2271 laminam,
268 2211 318 2261 uisi
334 2213 361 2260 iu
373 2213 502 2275 quantum
515 2213 637 2263 humanis
675 2214 732 2261 stus
756 2213 889 2274 cogitarat.
911 2215 992 2263 Tacit.
1017 2217 1084 2264 dnn.
1104 2215 1132 2276 4,
1157 2215 1198 2266 ta.

110 2283 205 2336 usibus
218 2286 255 2348 (ei
271 2285 302 2335 iis
314 2286 423 2348 quidem
435 2287 570 2350 sapienter
581 2301 639 2338 mo-
676 2285 728 2335 cn.
741 2287 790 2336 Dio
801 2285 842 2348 444,
856 2286 884 2336 3:
903 2284 1055 2353 Μαικήνας
1065 2291 1115 2339 καὶ
1126 2289 1201 2360 Προ-

109 2359 219 2420 deratis‚
239 2359 348 2410 animia
365 2358 428 2410 iuxu
442 2359 542 2424 alienis)
556 2363 639 2412 inser-
674 2356 792 2422 κούλιος
808 2361 838 2422 ἐς
855 2356 890 2410 τὰ
907 2360 1007 2433 πρῶτα
1023 2359 1081 2414 ὑπὸ
1092 2359 1201 2431 Αὐγού-

108 2435 189 2484 aar.»
215 2435 308 2483 Basra.
333 2435 412 2484 Recta
425 2437 516 2485 autem
527 2435 637 2487 Bentleii
675 2449 746 2485 στου
763 2431 929 2500 τιμώμενοι.
964 2439 1036 2487 Inter
1053 2437 1200 2490 litterarum

109 2509 287 2560 constructio:
301 2509 400 2558 intratos
410 2510 510 2560 marnae
523 2511 637 2572 (massae
674 2507 791 2558 fautores
817 2523 880 2560 eum
908 2515 1042 2562 memorat
1070 2512 1199 2564 iuvenalis

109 2584 251 2634 dumtaxat
274 2580 373 2632 metaiii
400 2586 510 2647 pretiosi
534 2599 584 2649 per
607 2599 636 2638 se
674 2583 703 2644 i,
722 2582 766 2634 st:
787 2585 902 2646 Quietiti
912 2588 1055 2648 Maecenas,
1069 2589 1200 2649 manaim

108 2656 268 2722 spectatae),
286 2657 335 2706 aiat
346 2656 435 2708 lamna
446 2659 573 2722 apteridmt
584 2663 635 2711 cet.
674 2659 731 2720 erit,
749 2663 795 2707 aat
810 2661 970 2710 Promtctas?
989 2661 1125 2725 (Proculeii
1142 2663 1200 2714 effl-

108 2730 157 2781 Aiii
177 2745 211 2780 ex
222 2745 247 2780 v.
263 2733 286 2780 4,
300 2729 407 2782 eliciunt
423 2738 569 2797 arpentum
588 2733 637 2784 sed
675 2733 731 2796 gies
748 2735 789 2782 est
806 2733 832 2783 in
850 2747 960 2783 nummo
978 2734 1049 2798 apud
1064 2735 1197 2785 Ricciodt.

109 2805 446 2858 voetaaaoedefimtione
458 2806 637 2872 qualicunque
675 2807 702 2856 F.
722 2809 750 2857 ii.
770 2821 795 2871 p.
822 2808 894 2870 tas.)
921 2810 1058 2859 Drumann
1085 2811 1114 2859 G.
1135 2811 1161 2858 44.
1180 2810 1197 2857 i.

109 2892 205 2929 carere
223 2893 276 2930 noa
295 2882 397 2944 potest,
424 2893 486 2931 cum
503 2883 568 2933 satis
585 2885 637 2934 iam
675 2883 700 2930 S.
720 2880 777 2931 4944.

110 2955 251 3004 definitum
268 2954 302 3003 sit
318 2961 459 3017 arpentum.
708 2957 732 3006 6.
751 2957 933 3022 Notas-animi]
947 2958 973 3007 iu
985 2959 1051 3007 orat.
1065 2957 1197 3022 pedestri:

142 3029 167 3078 3.
182 3029 268 3090 Crispa
279 3028 381 3092 Setaea]
391 3031 463 3081 Haec
476 3031 591 3084 inversio
601 3033 639 3094 (ut
676 3035 773 3081 cuatus
790 3034 900 3094 propter
916 3033 1067 3082 animum.»
1102 3032 1149 3080 Od.
1169 3032 1197 3090 4,

110 3103 158 3153 Od.
170 3104 201 3162 2,
215 3103 242 3150 44
254 3141 259 3162 ,
273 3103 302 3151 2:
319 3103 425 3165 Hirpine
441 3106 547 3170 Quinti)
559 3107 639 3158 raris·
675 3105 715 3165 43,
733 3105 774 3154 at:
793 3111 854 3154 aeta
864 3130 898 3142 --
908 3105 1010 3154 artium.
1030 3105 1094 3155 Stat.
1113 3105 1196 3155 Theb.

110 3177 178 3227 sime
196 3175 268 3240 apud
280 3177 451 3239 Ciceronem,
471 3181 498 3229 et
513 3179 598 3231 sotum
611 3183 637 3231 iu
673 3179 705 3238 2,
723 3177 783 3228 stt:
802 3179 903 3240 actique
919 3191 1022 3240 meram
1041 3179 1168 3228 Telchines.

110 3250 248 3316 Epistoiis,
267 3251 421 3314 frequenter
434 3254 505 3317 apud
517 3256 636 3308 Tacitum
706 3253 730 3301 t.
750 3251 815 3316 apat]
835 3255 930 3303 «Fama
944 3266 1006 3303 eum
1018 3254 1106 3314 vehet,
1125 3252 1198 3303 tollet

109 3327 250 3390 reperitur.
298 3326 425 3376 Primaria
451 3341 533 3379 causa
559 3331 636 3380 huius
673 3326 721 3376 aiis
738 3328 793 3377 suis
811 3340 860 3390 per
876 3326 1015 3392 populos.»
1042 3329 1112 3391 Virg.
1131 3331 1196 3379 den.

110 3400 257 3450 verborum
269 3400 370 3452 ordinis
382 3415 413 3452 ea
432 3402 486 3464 ruit,
506 3391 577 3467 quod
598 3404 637 3455 ia·
673 3403 701 3463 9,
721 3401 783 3453 iit:
807 3403 917 3464 pinnato
935 3416 984 3465 por
1000 3403 1086 3453 arian
1102 3405 1199 3454 Nomia

109 3473 210 3524 miiiam
228 3475 272 3533 iis,
291 3488 358 3538 quos
375 3476 556 3540 appellabant,
575 3493 637 3542 pro·
673 3477 754 3526 Fama
770 3478 830 3526 ruit.
850 3480 970 3542 Propert.
990 3477 1020 3538 3,
1041 3479 1068 3539 4,
1088 3479 1117 3527 9;
1145 3479 1199 3540 an

109 3549 213 3612 piorem
228 3549 415 3613 carioremque
434 3563 513 3614 quam
529 3555 635 3615 gentem
672 3565 712 3600 aaa
733 3553 814 3601 Fama
835 3553 901 3601 ieaat
922 3557 993 3601 terra
1015 3551 1125 3601 sublimis
1145 3555 1197 3603 cet.

109 3623 263 3674 iudicabant
290 3626 435 3690 praecipue
463 3624 636 3689 epistolarum
673 3626 771 3674 Notum
784 3627 930 3675 Ennianum
943 3625 1019 3676 iilud:
1042 3626 1120 3676 Votito
1130 3629 1197 3676 oiaa'

109 3699 263 3762 scriptores.
669 3713 717 3761 per
733 3713 780 3748 ora
796 3701 888 3750 airam.
923 3701 984 3765 Aget
999 3700 1198 3752 autemcierius

140 3774 166 3822 a.
186 3771 298 3836 ceretto]
326 3771 454 3837 «tongam
484 3775 511 3824 in
538 3787 635 3824 aevum
673 3786 754 3836 quam
772 3775 826 3836 apii
842 3775 971 3836 significat
982 3775 1136 3826 duraturam
1150 3789 1199 3839 per

109 3845 268 3910 producta»
287 3849 316 3896 ut
332 3848 402 3911 Virg.
421 3851 485 3898 Aen.
506 3849 551 3910 tc,
570 3849 633 3900 468:
672 3861 752 3898 omne
784 3847 900 3898 futurum
933 3851 1039 3914 tempus
1068 3847 1198 3898 Proculeii

108 3921 205 3983 sanum
228 3923 362 3971 semare
381 3923 462 3986 sacta.
490 3951 516 3960 -·
540 3925 635 3974 4440444-
672 3923 826 3982 etiamtunc,
845 3923 874 3971 ut
885 3922 1001 3984 videtur,
1020 3925 1132 3974 viventis
1144 3923 1200 3973 iau-

109 3995 177 4059 kiae]
193 3997 240 4046 «C.
254 3994 410 4054 Proculeius
419 3997 503 4047 Varro
515 3999 633 4060 Murena,
672 3995 748 4055 dem:
768 4009 799 4046 ac
817 3999 956 4060 praeterea
979 3997 1066 4048 iuturo
1084 3998 1155 4048 iavet
1170 4011 1195 4046 v.

111 4073 193 4132 eques
217 4071 352 4121 Romanus
370 4069 461 4134 (irater
478 4071 567 4122 Licinii
585 4073 632 4122 0d.
670 4071 743 4120 vivet.
771 4097 797 4106 —
822 4075 944 4121 maaaatc
960 4071 1030 4135 sotei]
1048 4069 1199 4138 πεφυλαγ-
1268 4133 1272 4138 ¹

111 4143 134 4204 t,
153 4144 193 4204 40,
214 4145 237 4192 4.
258 4147 286 4193 et
302 4145 441 4214 terentiae
454 4147 632 4208 Maecenatis),
670 4147 743 4217 μένῃ
752 4142 883 4206 λύεσθαι,
895 4149 1004 4196 cavente
1012 4145 1194 4209 languescere

111 4219 210 4269 amicus
228 4219 348 4282 augusti,
367 4219 518 4271 rarissimae
530 4221 634 4284 pietatis
672 4222 762 4272 «cuius
780 4219 849 4272 nulia
867 4233 986 4284 unquam
1004 4219 1141 4272 dissolutio
1155 4223 1196 4271 est

111 4293 632 4358 ergairatrcssuos(Scipionem-iege
670 4294 782 4345 tutare.»
818 4295 1197 4357 casertanensem
