<?xml version="1.0" encoding="UTF-8"?>
<!DOCTYPE html PUBLIC "-//W3C//DTD XHTML 1.0 Transitional//EN"
    "http://www.w3.org/TR/xhtml1/DTD/xhtml1-transitional.dtd">
<html xmlns="http://www.w3.org/1999/xhtml" xml:lang="en" lang="en">
 <head>
  <title>
</title>
<meta http-equiv="Content-Type" content="text/html;charset=utf-8" />
  <meta name='ocr-system' content='tesseract 3.04.00' />
  <meta name='ocr-capabilities' content='ocr_page ocr_carea ocr_par ocr_line ocrx_word'/>
</head>
<body>
  <div class='ocr_page' id='page_1' title='image "./qhoratiusflaccu02baitgoog/qhoratiusflaccu02baitgoog_0379.png"; bbox 0 0 3002 4974; ppageno 0'>
   <div class='ocr_carea' id='block_1_1' title="bbox 290 381 993 456">
    <p class='ocr_par' dir='ltr' id='par_1_1' title="bbox 290 381 993 456">
     <span class='ocr_line' id='line_1_1' title="bbox 290 381 993 456; baseline -0.02 -2"><span class='ocrx_word' id='word_1_1' title='bbox 290 389 352 456; x_wconf 78' lang='lat' dir='ltr'><strong>att</strong></span> <span class='ocrx_word' id='word_1_2' title='bbox 668 381 807 441; x_wconf 75' lang='lat' dir='ltr'><strong>‘nostru</strong></span> <span class='ocrx_word' id='word_1_3' title='bbox 825 390 993 442; x_wconf 78' lang='lat' dir='ltr'><strong>cnnuruuu</strong></span> 
     </span>
    </p>
   </div>
   <div class='ocr_carea' id='block_1_2' title="bbox 458 543 1196 999">
    <p class='ocr_par' dir='ltr' id='par_1_2' title="bbox 458 543 1196 999">
     <span class='ocr_line' id='line_1_2' title="bbox 459 543 1196 633; baseline -0.003 -21"><span class='ocrx_word' id='word_1_4' title='bbox 459 546 560 614; x_wconf 83' lang='lat' dir='ltr'>Dulce</span> <span class='ocrx_word' id='word_1_5' title='bbox 583 556 615 614; x_wconf 90' lang='lat' dir='ltr'><strong>ct</strong></span> <span class='ocrx_word' id='word_1_6' title='bbox 637 545 794 614; x_wconf 89' lang='lat' dir='ltr'><strong>decorum</strong></span> <span class='ocrx_word' id='word_1_7' title='bbox 816 555 866 612; x_wconf 87' lang='lat' dir='ltr'><strong>ast</strong></span> <span class='ocrx_word' id='word_1_8' title='bbox 887 565 947 632; x_wconf 93' lang='lat' dir='ltr'><strong>pro</strong></span> <span class='ocrx_word' id='word_1_9' title='bbox 968 543 1073 633; x_wconf 82' lang='lat' dir='ltr'><strong>patria</strong></span> <span class='ocrx_word' id='word_1_10' title='bbox 1094 548 1196 613; x_wconf 91' lang='lat' dir='ltr'><strong>mori:</strong></span> 
     </span>
     <span class='ocr_line' id='line_1_3' title="bbox 458 667 1144 756; baseline 0 -22"><span class='ocrx_word' id='word_1_11' title='bbox 458 669 544 735; x_wconf 86' lang='lat' dir='ltr'><strong>Mors</strong></span> <span class='ocrx_word' id='word_1_12' title='bbox 567 678 600 736; x_wconf 89' lang='lat' dir='ltr'><strong>et</strong></span> <span class='ocrx_word' id='word_1_13' title='bbox 620 667 769 756; x_wconf 81' lang='lat' dir='ltr'><strong>firgeoern</strong></span> <span class='ocrx_word' id='word_1_14' title='bbox 790 667 1000 756; x_wconf 83' lang='lat' dir='ltr'><strong>persequitur</strong></span> <span class='ocrx_word' id='word_1_15' title='bbox 1021 667 1144 744; x_wconf 88' lang='lat' dir='ltr'><strong>virum,</strong></span> 
     </span>
     <span class='ocr_line' id='line_1_4' title="bbox 499 787 1022 878; baseline 0 -22"><span class='ocrx_word' id='word_1_16' title='bbox 499 791 565 858; x_wconf 90' lang='lat' dir='ltr'><strong>Nec</strong></span> <span class='ocrx_word' id='word_1_17' title='bbox 586 790 689 878; x_wconf 90' lang='lat' dir='ltr'><strong>parcit</strong></span> <span class='ocrx_word' id='word_1_18' title='bbox 710 787 848 856; x_wconf 88' lang='lat' dir='ltr'><strong>imbellis</strong></span> <span class='ocrx_word' id='word_1_19' title='bbox 870 788 1022 856; x_wconf 88' lang='lat' dir='ltr'><strong>iuventae</strong></span> 
     </span>
     <span class='ocr_line' id='line_1_5' title="bbox 542 908 1042 999; baseline -0.006 -21"><span class='ocrx_word' id='word_1_20' title='bbox 542 909 720 999; x_wconf 85' lang='lat' dir='ltr'><strong>Poplitihus</strong></span> <span class='ocrx_word' id='word_1_21' title='bbox 742 908 921 998; x_wconf 89' lang='lat' dir='ltr'><strong>timidoque</strong></span> <span class='ocrx_word' id='word_1_22' title='bbox 942 920 1042 999; x_wconf 84' lang='lat' dir='ltr'><strong>tergo.</strong></span> 
     </span>
    </p>
   </div>
   <div class='ocr_carea' id='block_1_3' title="bbox 459 1068 1045 1279">
    <p class='ocr_par' dir='ltr' id='par_1_3' title="bbox 459 1068 1045 1279">
     <span class='ocr_line' id='line_1_6' title="bbox 459 1068 1045 1158; baseline -0.003 -20"><span class='ocrx_word' id='word_1_23' title='bbox 459 1070 564 1139; x_wconf 85' lang='lat' dir='ltr'><strong>Virtus</strong></span> <span class='ocrx_word' id='word_1_24' title='bbox 586 1069 737 1158; x_wconf 83' lang='lat' dir='ltr'><strong>repulsae</strong></span> <span class='ocrx_word' id='word_1_25' title='bbox 760 1070 870 1136; x_wconf 90' lang='lat' dir='ltr'><strong>nescia</strong></span> <span class='ocrx_word' id='word_1_26' title='bbox 892 1068 1045 1138; x_wconf 86' lang='lat' dir='ltr'><strong>sordidae</strong></span> 
     </span>
     <span class='ocr_line' id='line_1_7' title="bbox 459 1189 998 1279; baseline 0 -21"><span class='ocrx_word' id='word_1_27' title='bbox 459 1191 657 1260; x_wconf 85' lang='lat' dir='ltr'><strong>intaminatis</strong></span> <span class='ocrx_word' id='word_1_28' title='bbox 678 1189 778 1279; x_wconf 80' lang='lat' dir='ltr'><strong>fulget</strong></span> <span class='ocrx_word' id='word_1_29' title='bbox 799 1189 998 1270; x_wconf 74' lang='lat' dir='ltr'><strong>honoribuS,</strong></span> 
     </span>
    </p>
   </div>
   <div class='ocr_carea' id='block_1_4' title="bbox 320 1359 1351 1728">
    <p class='ocr_par' dir='ltr' id='par_1_4' title="bbox 320 1359 1351 1728">
     <span class='ocr_line' id='line_1_8' title="bbox 353 1359 1347 1428; baseline 0 -14"><span class='ocrx_word' id='word_1_30' title='bbox 353 1363 572 1428; x_wconf 62' lang='lat' dir='ltr'><strong>“prosequitur</strong></span> <span class='ocrx_word' id='word_1_31' title='bbox 592 1364 623 1424; x_wconf 83' lang='lat' dir='ltr'><strong>s,</strong></span> <span class='ocrx_word' id='word_1_32' title='bbox 645 1363 804 1424; x_wconf 64' lang='lat' dir='ltr'><strong>entecnius</strong></span> <span class='ocrx_word' id='word_1_33' title='bbox 823 1359 907 1412; x_wconf 76' lang='lat' dir='ltr'><strong>ilenti.</strong></span> <span class='ocrx_word' id='word_1_34' title='bbox 927 1362 996 1412; x_wconf 90' lang='lat' dir='ltr'><strong>coni.</strong></span> <span class='ocrx_word' id='word_1_35' title='bbox 1017 1361 1053 1425; x_wconf 86' lang='lat' dir='ltr'><strong>(et</strong></span> <span class='ocrx_word' id='word_1_36' title='bbox 1073 1361 1139 1414; x_wconf 88' lang='lat' dir='ltr'><strong>Cod.</strong></span> <span class='ocrx_word' id='word_1_37' title='bbox 1159 1363 1347 1427; x_wconf 85' lang='lat' dir='ltr'><strong>cuninghamii</strong></span> 
     </span>
     <span class='ocr_line' id='line_1_9' title="bbox 321 1437 1351 1504; baseline 0 -14"><span class='ocrx_word' id='word_1_38' title='bbox 321 1452 350 1504; x_wconf 91' lang='lat' dir='ltr'><strong>p.</strong></span> <span class='ocrx_word' id='word_1_39' title='bbox 368 1439 460 1504; x_wconf 64' lang='lat' dir='ltr'><strong>titt)</strong></span> <span class='ocrx_word' id='word_1_40' title='bbox 485 1440 517 1492; x_wconf 91' lang='lat' dir='ltr'><strong>Ut</strong></span> <span class='ocrx_word' id='word_1_41' title='bbox 538 1450 599 1498; x_wconf 87' lang='lat' dir='ltr'><strong>nos,</strong></span> <span class='ocrx_word' id='word_1_42' title='bbox 619 1437 702 1488; x_wconf 89' lang='lat' dir='ltr'><strong>ceteri</strong></span> <span class='ocrx_word' id='word_1_43' title='bbox 721 1437 805 1488; x_wconf 91' lang='lat' dir='ltr'><strong>nostri</strong></span> <span class='ocrx_word' id='word_1_44' title='bbox 826 1451 858 1488; x_wconf 85' lang='lat' dir='ltr'><strong>ac</strong></span> <span class='ocrx_word' id='word_1_45' title='bbox 879 1437 995 1488; x_wconf 85' lang='lat' dir='ltr'><strong>Pottierii</strong></span> <span class='ocrx_word' id='word_1_46' title='bbox 1017 1449 1120 1488; x_wconf 84' lang='lat' dir='ltr'><strong>omnes.</strong></span> <span class='ocrx_word' id='word_1_47' title='bbox 1146 1466 1174 1476; x_wconf 91' lang='lat'>-</span> <span class='ocrx_word' id='word_1_48' title='bbox 1193 1439 1235 1489; x_wconf 82' lang='lat' dir='ltr'><strong>te.</strong></span> <span class='ocrx_word' id='word_1_49' title='bbox 1252 1437 1351 1490; x_wconf 63' lang='lat' dir='ltr'><strong>adeda</strong></span> 
     </span>
     <span class='ocr_line' id='line_1_10' title="bbox 321 1509 1345 1578; baseline -0.002 -12"><span class='ocrx_word' id='word_1_50' title='bbox 321 1513 442 1566; x_wconf 82' lang='lat' dir='ltr'><strong>BbSTcd.</strong></span> <span class='ocrx_word' id='word_1_51' title='bbox 460 1541 487 1552; x_wconf 99' lang='lat'>-</span> <span class='ocrx_word' id='word_1_52' title='bbox 506 1513 546 1564; x_wconf 83' lang='lat' dir='ltr'><strong>tc.</strong></span> <span class='ocrx_word' id='word_1_53' title='bbox 560 1513 676 1563; x_wconf 80' lang='lat' dir='ltr'><strong>timidone</strong></span> <span class='ocrx_word' id='word_1_54' title='bbox 686 1517 755 1576; x_wconf 74' lang='lat' dir='ltr'><strong>terqo</strong></span> <span class='ocrx_word' id='word_1_55' title='bbox 767 1511 816 1572; x_wconf 82' lang='lat' dir='ltr'><strong>Bb,</strong></span> <span class='ocrx_word' id='word_1_56' title='bbox 835 1525 905 1562; x_wconf 93' lang='lat' dir='ltr'><strong>corr.</strong></span> <span class='ocrx_word' id='word_1_57' title='bbox 918 1512 947 1572; x_wconf 83' lang='grc' dir='ltr'><strong>Τ,</strong></span> <span class='ocrx_word' id='word_1_58' title='bbox 961 1511 1058 1575; x_wconf 84' lang='lat' dir='ltr'><strong>(timido</strong></span> <span class='ocrx_word' id='word_1_59' title='bbox 1068 1518 1170 1577; x_wconf 78' lang='lat' dir='ltr'><strong>aeterpo</strong></span> <span class='ocrx_word' id='word_1_60' title='bbox 1182 1525 1223 1577; x_wconf 92' lang='lat' dir='ltr'><strong>pr.</strong></span> <span class='ocrx_word' id='word_1_61' title='bbox 1237 1513 1276 1577; x_wconf 67' lang='lat' dir='ltr'><strong>&#39;ht</strong></span> <span class='ocrx_word' id='word_1_62' title='bbox 1287 1509 1345 1578; x_wconf 76' lang='grc' dir='ltr'><strong>μξ,</strong></span> 
     </span>
     <span class='ocr_line' id='line_1_11' title="bbox 320 1586 1345 1652; baseline -0.001 -13"><span class='ocrx_word' id='word_1_63' title='bbox 320 1589 463 1640; x_wconf 87' lang='lat' dir='ltr'><strong>Bentleius.</strong></span> <span class='ocrx_word' id='word_1_64' title='bbox 483 1589 580 1652; x_wconf 82' lang='lat' dir='ltr'><strong>(Ceteri</strong></span> <span class='ocrx_word' id='word_1_65' title='bbox 592 1589 675 1638; x_wconf 86' lang='lat' dir='ltr'><strong>nostri</strong></span> <span class='ocrx_word' id='word_1_66' title='bbox 686 1587 821 1650; x_wconf 75' lang='lat' dir='ltr'><strong>timidoque</strong></span> <span class='ocrx_word' id='word_1_67' title='bbox 831 1592 908 1650; x_wconf 79' lang='lat' dir='ltr'><strong>terpo.</strong></span> <span class='ocrx_word' id='word_1_68' title='bbox 927 1587 975 1638; x_wconf 87' lang='lat' dir='ltr'><strong>liic</strong></span> <span class='ocrx_word' id='word_1_69' title='bbox 991 1600 1018 1637; x_wconf 86' lang='lat' dir='ltr'><strong>v.</strong></span> <span class='ocrx_word' id='word_1_70' title='bbox 1037 1591 1080 1638; x_wconf 82' lang='lat' dir='ltr'><strong>eet</strong></span> <span class='ocrx_word' id='word_1_71' title='bbox 1090 1586 1199 1638; x_wconf 87' lang='lat' dir='ltr'><strong>ultimus</strong></span> <span class='ocrx_word' id='word_1_72' title='bbox 1216 1589 1243 1638; x_wconf 88' lang='lat' dir='ltr'><strong>in</strong></span> <span class='ocrx_word' id='word_1_73' title='bbox 1255 1589 1294 1652; x_wconf 80' lang='grc' dir='ltr'><strong>Β.)</strong></span> <span class='ocrx_word' id='word_1_74' title='bbox 1316 1616 1345 1625; x_wconf 98' lang='grc'>-</span> 
     </span>
     <span class='ocr_line' id='line_1_12' title="bbox 321 1661 1345 1728; baseline 0.001 -17"><span class='ocrx_word' id='word_1_75' title='bbox 321 1661 567 1714; x_wconf 78' lang='lat' dir='ltr'><strong>⁴8.1ntominotteb.</strong></span> <span class='ocrx_word' id='word_1_76' title='bbox 581 1674 714 1726; x_wconf 87' lang='lat' dir='ltr'><strong>superscr.</strong></span> <span class='ocrx_word' id='word_1_77' title='bbox 728 1675 783 1712; x_wconf 82' lang='lat' dir='ltr'><strong>con.</strong></span> <span class='ocrx_word' id='word_1_78' title='bbox 797 1661 924 1725; x_wconf 70' lang='lat' dir='ltr'><strong>(smdidoe</strong></span> <span class='ocrx_word' id='word_1_79' title='bbox 933 1663 979 1728; x_wconf 76' lang='lat' dir='ltr'><strong>inu</strong></span> <span class='ocrx_word' id='word_1_80' title='bbox 992 1662 1175 1713; x_wconf 58' lang='lat' dir='ltr'><strong>Contaminata</strong></span> <span class='ocrx_word' id='word_1_81' title='bbox 1189 1661 1209 1713; x_wconf 88' lang='lat' dir='ltr'>C</span> <span class='ocrx_word' id='word_1_82' title='bbox 1222 1661 1345 1726; x_wconf 88' lang='lat' dir='ltr'><strong>eCodd.)</strong></span> 
     </span>
    </p>
   </div>
   <div class='ocr_carea' id='block_1_5' title="bbox 285 1799 1382 2544">
    <p class='ocr_par' dir='ltr' id='par_1_5' title="bbox 290 1799 1381 2097">
     <span class='ocr_line' id='line_1_13' title="bbox 290 1799 1381 1864; baseline -0.001 -11"><span class='ocrx_word' id='word_1_83' title='bbox 290 1807 346 1853; x_wconf 78' lang='lat' dir='ltr'><strong>tore</strong></span> <span class='ocrx_word' id='word_1_84' title='bbox 366 1803 468 1852; x_wconf 69' lang='lat' dir='ltr'><strong>leonem⁸</strong></span> <span class='ocrx_word' id='word_1_85' title='bbox 504 1801 673 1852; x_wconf 87' lang='lat' dir='ltr'><strong>Contrarium</strong></span> <span class='ocrx_word' id='word_1_86' title='bbox 694 1799 766 1851; x_wconf 85' lang='lat' dir='ltr'>Iliad.</span> <span class='ocrx_word' id='word_1_87' title='bbox 786 1816 815 1862; x_wconf 82' lang='grc' dir='ltr'><strong>χ,</strong></span> <span class='ocrx_word' id='word_1_88' title='bbox 853 1799 1010 1852; x_wconf 87' lang='lat' dir='ltr'><strong>caedebant.</strong></span> <span class='ocrx_word' id='word_1_89' title='bbox 1041 1802 1153 1864; x_wconf 67' lang='lat' dir='ltr'><strong>linit,</strong></span> <span class='ocrx_word' id='word_1_90' title='bbox 1177 1801 1224 1852; x_wconf 79' lang='lat' dir='ltr'><strong>ta:</strong></span> <span class='ocrx_word' id='word_1_91' title='bbox 1248 1803 1381 1853; x_wconf 84' lang='lat' dir='ltr'><strong>Numidae</strong></span> 
     </span>
     <span class='ocr_line' id='line_1_14' title="bbox 291 1869 1381 1946; baseline 0 -20"><span class='ocrx_word' id='word_1_92' title='bbox 291 1875 356 1927; x_wconf 81' lang='lat'><strong>373:</strong></span> <span class='ocrx_word' id='word_1_93' title='bbox 376 1869 492 1940; x_wconf 77' lang='grc' dir='ltr'><strong><em>ἦμάλα</em></strong></span> <span class='ocrx_word' id='word_1_94' title='bbox 512 1871 548 1942; x_wconf 78' lang='grc' dir='ltr'><strong>δὴ</strong></span> <span class='ocrx_word' id='word_1_95' title='bbox 571 1872 817 1946; x_wconf 79' lang='grc' dir='ltr'><strong><em>μαλακώτερος</em></strong></span> <span class='ocrx_word' id='word_1_96' title='bbox 853 1877 1034 1926; x_wconf 83' lang='lat' dir='ltr'><strong>Romanorum</strong></span> <span class='ocrx_word' id='word_1_97' title='bbox 1045 1881 1118 1941; x_wconf 80' lang='lat' dir='ltr'><strong>torpa</strong></span> <span class='ocrx_word' id='word_1_98' title='bbox 1131 1876 1290 1940; x_wconf 63' lang='lat' dir='ltr'><strong>{mcccc</strong></span> <span class='ocrx_word' id='word_1_99' title='bbox 1301 1877 1381 1940; x_wconf 80' lang='lat' dir='ltr'><strong>popit-</strong></span> 
     </span>
     <span class='ocr_line' id='line_1_15' title="bbox 291 1941 1378 2021; baseline -0.002 -21"><span class='ocrx_word' id='word_1_100' title='bbox 291 1943 517 2015; x_wconf 62' lang='lat' dir='ltr'><strong>appectoraret</strong></span> <span class='ocrx_word' id='word_1_101' title='bbox 529 1943 656 2021; x_wconf 77' lang='grc' dir='ltr'><strong><em>Ἕκτωρ,</em></strong></span> <span class='ocrx_word' id='word_1_102' title='bbox 674 1941 695 2015; x_wconf 81' lang='grc' dir='ltr'><strong><em>ἧ</em></strong></span> <span class='ocrx_word' id='word_1_103' title='bbox 707 1943 755 2000; x_wconf 76' lang='grc' dir='ltr'><strong>ὅτε</strong></span> <span class='ocrx_word' id='word_1_104' title='bbox 766 1947 818 2015; x_wconf 85' lang='grc' dir='ltr'><strong>νῆ·</strong></span> <span class='ocrx_word' id='word_1_105' title='bbox 852 1955 887 2000; x_wconf 82' lang='lat' dir='ltr'><strong>tes</strong></span> <span class='ocrx_word' id='word_1_106' title='bbox 903 1951 1038 2002; x_wconf 79' lang='lat' dir='ltr'><strong>caedentes.</strong></span> <span class='ocrx_word' id='word_1_107' title='bbox 1073 1951 1181 2001; x_wconf 90' lang='lat' dir='ltr'><strong>Lucian.</strong></span> <span class='ocrx_word' id='word_1_108' title='bbox 1207 1951 1302 2002; x_wconf 83' lang='lat' dir='ltr'><strong>Torar.</strong></span> <span class='ocrx_word' id='word_1_109' title='bbox 1332 1953 1378 2002; x_wconf 85' lang='lat' dir='ltr'><strong>eo:</strong></span> 
     </span>
     <span class='ocr_line' id='line_1_16' title="bbox 292 2021 1381 2097; baseline 0 -21"><span class='ocrx_word' id='word_1_110' title='bbox 292 2041 328 2088; x_wconf 86' lang='grc' dir='ltr'><strong>ας</strong></span> <span class='ocrx_word' id='word_1_111' title='bbox 344 2023 500 2096; x_wconf 79' lang='grc' dir='ltr'><strong><em>ἐνέπρησεν</em></strong></span> <span class='ocrx_word' id='word_1_112' title='bbox 517 2025 586 2097; x_wconf 78' lang='lat' dir='ltr'><strong>trapi</strong></span> <span class='ocrx_word' id='word_1_113' title='bbox 602 2023 704 2091; x_wconf 79' lang='grc' dir='ltr'><strong><em>κηλέῳ.</em></strong></span> <span class='ocrx_word' id='word_1_114' title='bbox 854 2023 954 2092; x_wconf 75' lang='grc' dir='ltr'><strong><em>ἰγνύην</em></strong></span> <span class='ocrx_word' id='word_1_115' title='bbox 970 2023 1165 2090; x_wconf 71' lang='grc' dir='ltr'><strong><em>κατατμηθεὶς</em></strong></span> <span class='ocrx_word' id='word_1_116' title='bbox 1182 2021 1327 2092; x_wconf 73' lang='grc' dir='ltr'><strong><em>καμπύλῳ</em></strong></span> <span class='ocrx_word' id='word_1_117' title='bbox 1344 2023 1381 2092; x_wconf 74' lang='grc' dir='ltr'><strong>τῷ</strong></span> 
     </span>
    </p>

    <p class='ocr_par' dir='ltr' id='par_1_6' title="bbox 285 2095 1382 2544">
     <span class='ocr_line' id='line_1_17' title="bbox 325 2095 1381 2167; baseline 0.001 -18"><span class='ocrx_word' id='word_1_118' title='bbox 325 2099 366 2149; x_wconf 80' lang='lat' dir='ltr'><strong>ta.</strong></span> <span class='ocrx_word' id='word_1_119' title='bbox 395 2099 485 2165; x_wconf 79' lang='lat' dir='ltr'><strong>llutos]</strong></span> <span class='ocrx_word' id='word_1_120' title='bbox 510 2100 582 2151; x_wconf 83' lang='lat' dir='ltr'><strong>«ilco</strong></span> <span class='ocrx_word' id='word_1_121' title='bbox 603 2101 701 2164; x_wconf 81' lang='lat' dir='ltr'><strong>cogitet</strong></span> <span class='ocrx_word' id='word_1_122' title='bbox 717 2099 818 2150; x_wconf 84' lang='lat' dir='ltr'><strong>iuventa</strong></span> <span class='ocrx_word' id='word_1_123' title='bbox 853 2095 938 2167; x_wconf 79' lang='grc' dir='ltr'><strong><em>τόξῳ.</em></strong></span> <span class='ocrx_word' id='word_1_124' title='bbox 959 2127 987 2136; x_wconf 95' lang='grc'>-</span> <span class='ocrx_word' id='word_1_125' title='bbox 1012 2099 1158 2163; x_wconf 81' lang='lat' dir='ltr'><strong>timidoque]</strong></span> <span class='ocrx_word' id='word_1_126' title='bbox 1175 2099 1296 2150; x_wconf 77' lang='lat' dir='ltr'><strong>Praefert</strong></span> <span class='ocrx_word' id='word_1_127' title='bbox 1314 2101 1381 2151; x_wconf 78' lang='lat' dir='ltr'><strong>itanc</strong></span> 
     </span>
     <span class='ocr_line' id='line_1_18' title="bbox 294 2172 1380 2238; baseline -0.001 -12"><span class='ocrx_word' id='word_1_128' title='bbox 294 2175 817 2238; x_wconf 75' lang='lat' dir='ltr'><strong>Romanustliulcecet.»Tyrtaeus&#39;l,t.</strong></span> <span class='ocrx_word' id='word_1_129' title='bbox 853 2173 915 2226; x_wconf 89' lang='lat' dir='ltr'><strong>lect.</strong></span> <span class='ocrx_word' id='word_1_130' title='bbox 946 2175 1028 2225; x_wconf 86' lang='lat' dir='ltr'><strong>etiem</strong></span> <span class='ocrx_word' id='word_1_131' title='bbox 1055 2172 1241 2238; x_wconf 79' lang='lat' dir='ltr'><strong>nilleuburger</strong></span> <span class='ocrx_word' id='word_1_132' title='bbox 1268 2187 1296 2238; x_wconf 89' lang='lat' dir='ltr'><strong>p.</strong></span> <span class='ocrx_word' id='word_1_133' title='bbox 1327 2175 1380 2225; x_wconf 72' lang='lat' dir='ltr'><strong>itti.</strong></span> 
     </span>
     <span class='ocr_line' id='line_1_19' title="bbox 293 2244 1382 2320; baseline 0.001 -21"><span class='ocrx_word' id='word_1_134' title='bbox 293 2249 379 2312; x_wconf 82' lang='lat' dir='ltr'><strong>Bergk</strong></span> <span class='ocrx_word' id='word_1_135' title='bbox 403 2263 430 2314; x_wconf 90' lang='lat' dir='ltr'><strong>p.</strong></span> <span class='ocrx_word' id='word_1_136' title='bbox 458 2249 521 2300; x_wconf 80' lang='lat'>³08:</span> <span class='ocrx_word' id='word_1_137' title='bbox 559 2246 738 2314; x_wconf 70' lang='lat' dir='ltr'><strong>rsevdpcvat</strong></span> <span class='ocrx_word' id='word_1_138' title='bbox 764 2244 819 2320; x_wconf 79' lang='grc' dir='ltr'><strong>γὰρ</strong></span> <span class='ocrx_word' id='word_1_139' title='bbox 856 2248 1016 2314; x_wconf 72' lang='lat' dir='ltr'><strong>«poplites»,</strong></span> <span class='ocrx_word' id='word_1_140' title='bbox 1035 2249 1131 2312; x_wconf 89' lang='lat' dir='ltr'><strong>inquit,</strong></span> <span class='ocrx_word' id='word_1_141' title='bbox 1159 2251 1201 2298; x_wconf 73' lang='lat' dir='ltr'><strong>aet</strong></span> <span class='ocrx_word' id='word_1_142' title='bbox 1218 2249 1326 2313; x_wconf 88' lang='lat' dir='ltr'><strong>tergum</strong></span> <span class='ocrx_word' id='word_1_143' title='bbox 1343 2248 1382 2299; x_wconf 88' lang='lat' dir='ltr'><strong>tu-</strong></span> 
     </span>
     <span class='ocr_line' id='line_1_20' title="bbox 294 2319 1380 2396; baseline -0.001 -23"><span class='ocrx_word' id='word_1_144' title='bbox 294 2319 386 2373; x_wconf 83' lang='grc' dir='ltr'><strong><em>καλόν</em></strong></span> <span class='ocrx_word' id='word_1_145' title='bbox 418 2323 461 2375; x_wconf 74' lang='grc' dir='ltr'><strong>ἐνὶ</strong></span> <span class='ocrx_word' id='word_1_146' title='bbox 485 2321 665 2396; x_wconf 78' lang='grc' dir='ltr'><strong><em>προμάχοισι</em></strong></span> <span class='ocrx_word' id='word_1_147' title='bbox 693 2321 820 2374; x_wconf 74' lang='grc' dir='ltr'><strong><em>πεσόντα</em></strong></span> <span class='ocrx_word' id='word_1_148' title='bbox 856 2325 972 2388; x_wconf 88' lang='lat' dir='ltr'><strong>gientem</strong></span> <span class='ocrx_word' id='word_1_149' title='bbox 989 2321 1100 2373; x_wconf 90' lang='lat' dir='ltr'><strong>militem</strong></span> <span class='ocrx_word' id='word_1_150' title='bbox 1116 2324 1203 2373; x_wconf 87' lang='lat' dir='ltr'><strong>totum</strong></span> <span class='ocrx_word' id='word_1_151' title='bbox 1223 2323 1380 2386; x_wconf 81' lang='lat' dir='ltr'><strong>significent,</strong></span> 
     </span>
     <span class='ocr_line' id='line_1_21' title="bbox 285 2388 1381 2471; baseline -0.001 -22"><span class='ocrx_word' id='word_1_152' title='bbox 285 2389 376 2468; x_wconf 71' lang='lat' dir='ltr'><strong>“Avdp&#39;</strong></span> <span class='ocrx_word' id='word_1_153' title='bbox 405 2391 535 2464; x_wconf 75' lang='grc' dir='ltr'><strong><em>ἀγαθόν,</em></strong></span> <span class='ocrx_word' id='word_1_154' title='bbox 569 2400 633 2471; x_wconf 77' lang='grc' dir='ltr'><strong>περὶ</strong></span> <span class='ocrx_word' id='word_1_155' title='bbox 659 2388 679 2469; x_wconf 82' lang='grc' dir='ltr'><em>ᾖ</em></span> <span class='ocrx_word' id='word_1_156' title='bbox 708 2397 821 2469; x_wconf 75' lang='grc' dir='ltr'><strong><em>πατριδι</em></strong></span> <span class='ocrx_word' id='word_1_157' title='bbox 856 2402 883 2450; x_wconf 91' lang='lat' dir='ltr'><strong>et</strong></span> <span class='ocrx_word' id='word_1_158' title='bbox 900 2399 1001 2448; x_wconf 78' lang='lat' dir='ltr'><strong>timidus</strong></span> <span class='ocrx_word' id='word_1_159' title='bbox 1017 2397 1180 2450; x_wconf 87' lang='lat' dir='ltr'><strong>adieetivum</strong></span> <span class='ocrx_word' id='word_1_160' title='bbox 1199 2410 1255 2448; x_wconf 87' lang='lat' dir='ltr'><strong>non</strong></span> <span class='ocrx_word' id='word_1_161' title='bbox 1278 2401 1381 2462; x_wconf 85' lang='lat' dir='ltr'><strong>tergum</strong></span> 
     </span>
     <span class='ocr_line' id='line_1_22' title="bbox 293 2469 1380 2544; baseline 0.001 -23"><span class='ocrx_word' id='word_1_162' title='bbox 293 2469 488 2544; x_wconf 76' lang='grc' dir='ltr'><strong><em>μαρνάμενον.</em></strong></span> <span class='ocrx_word' id='word_1_163' title='bbox 515 2475 606 2538; x_wconf 86' lang='lat' dir='ltr'><strong>Eun&#39;p.</strong></span> <span class='ocrx_word' id='word_1_164' title='bbox 633 2472 727 2524; x_wconf 89' lang='lat' dir='ltr'><strong>Troad.</strong></span> <span class='ocrx_word' id='word_1_165' title='bbox 755 2474 819 2524; x_wconf 82' lang='lat'><strong>386:</strong></span> <span class='ocrx_word' id='word_1_166' title='bbox 856 2471 943 2524; x_wconf 87' lang='lat' dir='ltr'><strong>solum</strong></span> <span class='ocrx_word' id='word_1_167' title='bbox 960 2472 1009 2524; x_wconf 87' lang='lat' dir='ltr'><strong>sed</strong></span> <span class='ocrx_word' id='word_1_168' title='bbox 1026 2471 1140 2538; x_wconf 89' lang='lat' dir='ltr'><strong>poplites</strong></span> <span class='ocrx_word' id='word_1_169' title='bbox 1157 2485 1266 2536; x_wconf 90' lang='lat' dir='ltr'><strong>quoque</strong></span> <span class='ocrx_word' id='word_1_170' title='bbox 1278 2475 1380 2523; x_wconf 78' lang='lat' dir='ltr'><strong>ornat·</strong></span> 
     </span>
    </p>
   </div>
   <div class='ocr_carea' id='block_1_6' title="bbox 296 2544 1487 2618">
    <p class='ocr_par' dir='ltr' id='par_1_7' title="bbox 296 2544 1487 2618">
     <span class='ocr_line' id='line_1_23' title="bbox 296 2544 1487 2618; baseline -0.003 -20"><span class='ocrx_word' id='word_1_171' title='bbox 296 2545 389 2618; x_wconf 77' lang='grc' dir='ltr'><em>Τρῶες</em></span> <span class='ocrx_word' id='word_1_172' title='bbox 405 2545 437 2598; x_wconf 77' lang='grc' dir='ltr'><strong>δὲ</strong></span> <span class='ocrx_word' id='word_1_173' title='bbox 454 2546 567 2618; x_wconf 82' lang='grc' dir='ltr'><strong><em>πρῶτον</em></strong></span> <span class='ocrx_word' id='word_1_174' title='bbox 583 2549 654 2614; x_wconf 70' lang='grc' dir='ltr'><strong><em>μέν,</em></strong></span> <span class='ocrx_word' id='word_1_175' title='bbox 671 2545 706 2598; x_wconf 83' lang='grc' dir='ltr'><strong>τὸ</strong></span> <span class='ocrx_word' id='word_1_176' title='bbox 723 2544 821 2598; x_wconf 80' lang='grc' dir='ltr'><strong><em>κάλλι-</em></strong></span> <span class='ocrx_word' id='word_1_177' title='bbox 889 2547 929 2596; x_wconf 81' lang='lat' dir='ltr'><strong>tr.</strong></span> <span class='ocrx_word' id='word_1_178' title='bbox 960 2547 1046 2597; x_wconf 93' lang='lat' dir='ltr'><strong>Stoice</strong></span> <span class='ocrx_word' id='word_1_179' title='bbox 1068 2547 1122 2597; x_wconf 86' lang='lat' dir='ltr'><strong>iam</strong></span> <span class='ocrx_word' id='word_1_180' title='bbox 1145 2545 1280 2610; x_wconf 85' lang='lat' dir='ltr'><strong>loquitur:</strong></span> <span class='ocrx_word' id='word_1_181' title='bbox 1310 2548 1382 2598; x_wconf 75' lang='lat' dir='ltr'><strong>«Vir-</strong></span> <span class='ocrx_word' id='word_1_182' title='bbox 1486 2569 1487 2594; x_wconf 82' lang='lat' dir='ltr'><strong>t</strong></span> 
     </span>
    </p>
   </div>
   <div class='ocr_carea' id='block_1_7' title="bbox 292 2615 1385 4326">
    <p class='ocr_par' dir='ltr' id='par_1_8' title="bbox 292 2615 1384 2910">
     <span class='ocr_line' id='line_1_24' title="bbox 296 2615 1383 2694; baseline -0.001 -21"><span class='ocrx_word' id='word_1_183' title='bbox 296 2635 367 2673; x_wconf 79' lang='grc' dir='ltr'><strong><em>στον</em></strong></span> <span class='ocrx_word' id='word_1_184' title='bbox 383 2620 482 2685; x_wconf 80' lang='grc' dir='ltr'><strong><em>κλέος,</em></strong></span> <span class='ocrx_word' id='word_1_185' title='bbox 503 2616 584 2694; x_wconf 72' lang='grc' dir='ltr'><strong>Ὑπὲρ</strong></span> <span class='ocrx_word' id='word_1_186' title='bbox 600 2618 711 2693; x_wconf 77' lang='grc' dir='ltr'><strong><em>πάτρας</em></strong></span> <span class='ocrx_word' id='word_1_187' title='bbox 733 2615 821 2689; x_wconf 78' lang='grc' dir='ltr'><strong><em>ἔθνη-</em></strong></span> <span class='ocrx_word' id='word_1_188' title='bbox 857 2625 913 2682; x_wconf 88' lang='lat' dir='ltr'><strong>tus,</strong></span> <span class='ocrx_word' id='word_1_189' title='bbox 932 2622 1018 2672; x_wconf 80' lang='lat' dir='ltr'><strong>maior</strong></span> <span class='ocrx_word' id='word_1_190' title='bbox 1034 2635 1108 2682; x_wconf 84' lang='lat' dir='ltr'><strong>casu,</strong></span> <span class='ocrx_word' id='word_1_191' title='bbox 1129 2633 1269 2685; x_wconf 81' lang='lat' dir='ltr'><strong>nunquam</strong></span> <span class='ocrx_word' id='word_1_192' title='bbox 1286 2623 1383 2688; x_wconf 86' lang='lat' dir='ltr'><strong>patitur</strong></span> 
     </span>
     <span class='ocr_line' id='line_1_25' title="bbox 294 2693 1382 2761; baseline -0.001 -13"><span class='ocrx_word' id='word_1_193' title='bbox 294 2709 376 2748; x_wconf 84' lang='grc' dir='ltr'><strong><em>σκον.</em></strong></span> <span class='ocrx_word' id='word_1_194' title='bbox 396 2697 450 2746; x_wconf 88' lang='lat' dir='ltr'><strong>Cic.</strong></span> <span class='ocrx_word' id='word_1_195' title='bbox 464 2696 629 2761; x_wconf 84' lang='lat' dir='ltr'><strong>Philippii,</strong></span> <span class='ocrx_word' id='word_1_196' title='bbox 644 2699 687 2748; x_wconf 78' lang='lat' dir='ltr'><strong>ta:</strong></span> <span class='ocrx_word' id='word_1_197' title='bbox 708 2697 820 2761; x_wconf 76' lang='lat' dir='ltr'><strong>osorto-</strong></span> <span class='ocrx_word' id='word_1_198' title='bbox 857 2695 980 2761; x_wconf 86' lang='lat' dir='ltr'><strong>repulsae</strong></span> <span class='ocrx_word' id='word_1_199' title='bbox 1005 2693 1212 2755; x_wconf 69' lang='lat' dir='ltr'><strong>contumeliam</strong></span> <span class='ocrx_word' id='word_1_200' title='bbox 1242 2709 1308 2747; x_wconf 84' lang='lat' dir='ltr'><strong>nam</strong></span> <span class='ocrx_word' id='word_1_201' title='bbox 1336 2697 1382 2747; x_wconf 82' lang='lat' dir='ltr'><strong>etsi</strong></span> 
     </span>
     <span class='ocr_line' id='line_1_26' title="bbox 293 2769 1384 2835; baseline -0.001 -14"><span class='ocrx_word' id='word_1_202' title='bbox 293 2777 358 2821; x_wconf 84' lang='lat' dir='ltr'><strong>noto</strong></span> <span class='ocrx_word' id='word_1_203' title='bbox 373 2784 455 2833; x_wconf 69' lang='lat' dir='ltr'><strong>mma,</strong></span> <span class='ocrx_word' id='word_1_204' title='bbox 474 2785 539 2833; x_wconf 79' lang='lat' dir='ltr'><strong>qaae</strong></span> <span class='ocrx_word' id='word_1_205' title='bbox 553 2777 663 2822; x_wconf 68' lang='lat' dir='ltr'><strong>marae</strong></span> <span class='ocrx_word' id='word_1_206' title='bbox 680 2772 763 2822; x_wconf 80' lang='lat' dir='ltr'><strong>debito</strong></span> <span class='ocrx_word' id='word_1_207' title='bbox 771 2785 821 2835; x_wconf 80' lang='lat' dir='ltr'><strong>pro</strong></span> <span class='ocrx_word' id='word_1_208' title='bbox 857 2771 958 2821; x_wconf 91' lang='lat' dir='ltr'><strong>homini</strong></span> <span class='ocrx_word' id='word_1_209' title='bbox 973 2771 1072 2820; x_wconf 68' lang='lat' dir='ltr'><strong>vinulo</strong></span> <span class='ocrx_word' id='word_1_210' title='bbox 1087 2769 1210 2835; x_wconf 84' lang='lat' dir='ltr'><strong>praedito</strong></span> <span class='ocrx_word' id='word_1_211' title='bbox 1226 2769 1323 2834; x_wconf 86' lang='lat' dir='ltr'><strong>volgus</strong></span> <span class='ocrx_word' id='word_1_212' title='bbox 1339 2771 1384 2821; x_wconf 86' lang='lat' dir='ltr'><strong>ho·</strong></span> 
     </span>
     <span class='ocr_line' id='line_1_27' title="bbox 292 2842 1382 2910; baseline -0.003 -13"><span class='ocrx_word' id='word_1_213' title='bbox 292 2851 382 2910; x_wconf 73' lang='lat' dir='ltr'><strong>patna</strong></span> <span class='ocrx_word' id='word_1_214' title='bbox 398 2851 433 2896; x_wconf 80' lang='lat' dir='ltr'><strong>est</strong></span> <span class='ocrx_word' id='word_1_215' title='bbox 445 2847 602 2908; x_wconf 70' lang='lat' dir='ltr'><strong>potiremnn</strong></span> <span class='ocrx_word' id='word_1_216' title='bbox 618 2847 734 2897; x_wconf 82' lang='lat' dir='ltr'><strong>reddito!</strong></span> <span class='ocrx_word' id='word_1_217' title='bbox 857 2858 938 2896; x_wconf 86' lang='lat' dir='ltr'><strong>nores</strong></span> <span class='ocrx_word' id='word_1_218' title='bbox 949 2846 1038 2908; x_wconf 86' lang='lat' dir='ltr'><strong>negat,</strong></span> <span class='ocrx_word' id='word_1_219' title='bbox 1054 2842 1198 2908; x_wconf 84' lang='lat' dir='ltr'><strong>illoneque</strong></span> <span class='ocrx_word' id='word_1_220' title='bbox 1210 2845 1382 2908; x_wconf 87' lang='lat' dir='ltr'><strong>ignominiam</strong></span> 
     </span>
    </p>

    <p class='ocr_par' dir='ltr' id='par_1_9' title="bbox 294 2917 1385 4026">
     <span class='ocr_line' id='line_1_28' title="bbox 330 2917 1382 2985; baseline -0.003 -14"><span class='ocrx_word' id='word_1_221' title='bbox 330 2920 369 2972; x_wconf 83' lang='lat' dir='ltr'><strong>tt.</strong></span> <span class='ocrx_word' id='word_1_222' title='bbox 385 2920 529 2985; x_wconf 71' lang='lat' dir='ltr'><strong>nonest]</strong></span> <span class='ocrx_word' id='word_1_223' title='bbox 550 2921 701 2972; x_wconf 86' lang='lat' dir='ltr'><strong>Simonides</strong></span> <span class='ocrx_word' id='word_1_224' title='bbox 716 2922 819 2985; x_wconf 80' lang='lat' dir='ltr'><strong>Fragm.</strong></span> <span class='ocrx_word' id='word_1_225' title='bbox 856 2920 938 2972; x_wconf 87' lang='lat' dir='ltr'><strong>sentit</strong></span> <span class='ocrx_word' id='word_1_226' title='bbox 954 2932 1006 2969; x_wconf 88' lang='lat' dir='ltr'><strong>nec</strong></span> <span class='ocrx_word' id='word_1_227' title='bbox 1024 2917 1157 2980; x_wconf 86' lang='lat' dir='ltr'><strong>dolorem,</strong></span> <span class='ocrx_word' id='word_1_228' title='bbox 1182 2921 1212 2970; x_wconf 91' lang='lat' dir='ltr'><strong>ut</strong></span> <span class='ocrx_word' id='word_1_229' title='bbox 1229 2919 1255 2969; x_wconf 89' lang='lat' dir='ltr'><strong>in</strong></span> <span class='ocrx_word' id='word_1_230' title='bbox 1276 2919 1382 2970; x_wconf 82' lang='lat' dir='ltr'><strong>comitio</strong></span> 
     </span>
     <span class='ocr_line' id='line_1_29' title="bbox 295 2987 1382 3059; baseline -0.002 -12"><span class='ocrx_word' id='word_1_231' title='bbox 295 2997 336 3047; x_wconf 82' lang='lat' dir='ltr'><strong>at.</strong></span> <span class='ocrx_word' id='word_1_232' title='bbox 352 2995 515 3046; x_wconf 67' lang='lat' dir='ltr'><strong>Schneider.</strong></span> <span class='ocrx_word' id='word_1_233' title='bbox 527 2995 584 3046; x_wconf 85' lang='lat' dir='ltr'><strong>Del.</strong></span> <span class='ocrx_word' id='word_1_234' title='bbox 596 2989 625 3045; x_wconf 82' lang='lat' dir='ltr'><strong>‘O</strong></span> <span class='ocrx_word' id='word_1_235' title='bbox 641 2994 664 3045; x_wconf 74' lang='grc' dir='ltr'><strong>δ’</strong></span> <span class='ocrx_word' id='word_1_236' title='bbox 680 2987 718 3047; x_wconf 72' lang='grc' dir='ltr'><strong>αὖ</strong></span> <span class='ocrx_word' id='word_1_237' title='bbox 733 2993 822 3046; x_wconf 72' lang='lat' dir='ltr'><strong>deiva-</strong></span> <span class='ocrx_word' id='word_1_238' title='bbox 857 2993 909 3059; x_wconf 86' lang='lat' dir='ltr'><strong>pila</strong></span> <span class='ocrx_word' id='word_1_239' title='bbox 926 2993 988 3044; x_wconf 90' lang='lat' dir='ltr'><strong>lusit</strong></span> <span class='ocrx_word' id='word_1_240' title='bbox 1007 2993 1086 3056; x_wconf 89' lang='lat' dir='ltr'><strong>Cato,</strong></span> <span class='ocrx_word' id='word_1_241' title='bbox 1115 3007 1169 3058; x_wconf 92' lang='lat' dir='ltr'><strong>quo</strong></span> <span class='ocrx_word' id='word_1_242' title='bbox 1186 2994 1230 3043; x_wconf 88' lang='lat' dir='ltr'><strong>dic</strong></span> <span class='ocrx_word' id='word_1_243' title='bbox 1248 2993 1382 3059; x_wconf 86' lang='lat' dir='ltr'><strong>repulsam</strong></span> 
     </span>
     <span class='ocr_line' id='line_1_30' title="bbox 294 3066 1381 3138; baseline -0.006 -16"><span class='ocrx_word' id='word_1_244' title='bbox 294 3085 345 3134; x_wconf 77' lang='grc' dir='ltr'><strong>τος</strong></span> <span class='ocrx_word' id='word_1_245' title='bbox 354 3072 418 3129; x_wconf 75' lang='grc' dir='ltr'><strong>κίχε</strong></span> <span class='ocrx_word' id='word_1_246' title='bbox 428 3071 478 3120; x_wconf 62' lang='grc' dir='ltr'><strong>καὶ</strong></span> <span class='ocrx_word' id='word_1_247' title='bbox 488 3066 541 3120; x_wconf 84' lang='grc' dir='ltr'><strong>τὸν</strong></span> <span class='ocrx_word' id='word_1_248' title='bbox 552 3067 738 3138; x_wconf 84' lang='grc' dir='ltr'><strong><em>φυγόμαχον.</em></strong></span> <span class='ocrx_word' id='word_1_249' title='bbox 752 3073 821 3122; x_wconf 89' lang='lat' dir='ltr'><strong>Cur·</strong></span> <span class='ocrx_word' id='word_1_250' title='bbox 857 3067 915 3118; x_wconf 87' lang='lat' dir='ltr'><strong>tulit</strong></span> <span class='ocrx_word' id='word_1_251' title='bbox 938 3069 1008 3131; x_wconf 83' lang='lat' dir='ltr'><strong>(Seu.</strong></span> <span class='ocrx_word' id='word_1_252' title='bbox 1027 3069 1075 3131; x_wconf 85' lang='lat' dir='ltr'><strong>Ep.</strong></span> <span class='ocrx_word' id='word_1_253' title='bbox 1095 3067 1175 3130; x_wconf 68' lang='lat' dir='ltr'><strong>toll,</strong></span> <span class='ocrx_word' id='word_1_254' title='bbox 1202 3069 1283 3132; x_wconf 88' lang='lat' dir='ltr'><strong>atque</strong></span> <span class='ocrx_word' id='word_1_255' title='bbox 1310 3067 1381 3132; x_wconf 83' lang='lat' dir='ltr'><strong>(Ptin.</strong></span> 
     </span>
     <span class='ocr_line' id='line_1_31' title="bbox 295 3140 1382 3210; baseline -0.004 -14"><span class='ocrx_word' id='word_1_256' title='bbox 295 3149 348 3196; x_wconf 87' lang='lat' dir='ltr'><strong>tius</strong></span> <span class='ocrx_word' id='word_1_257' title='bbox 360 3145 386 3206; x_wconf 82' lang='lat' dir='ltr'><strong>i,</strong></span> <span class='ocrx_word' id='word_1_258' title='bbox 406 3145 454 3196; x_wconf 84' lang='lat' dir='ltr'><strong>tt:</strong></span> <span class='ocrx_word' id='word_1_259' title='bbox 477 3146 573 3210; x_wconf 70' lang='lat' dir='ltr'><strong>Effitgit</strong></span> <span class='ocrx_word' id='word_1_260' title='bbox 588 3151 695 3196; x_wconf 81' lang='lat' dir='ltr'><strong>mortem</strong></span> <span class='ocrx_word' id='word_1_261' title='bbox 712 3147 823 3209; x_wconf 74' lang='lat' dir='ltr'><strong>quisquis</strong></span> <span class='ocrx_word' id='word_1_262' title='bbox 858 3142 941 3193; x_wconf 79' lang='lat' dir='ltr'><strong>Praei.</strong></span> <span class='ocrx_word' id='word_1_263' title='bbox 960 3142 995 3204; x_wconf 87' lang='grc'><strong>9.)</strong></span> <span class='ocrx_word' id='word_1_264' title='bbox 1018 3140 1132 3205; x_wconf 85' lang='lat' dir='ltr'><strong>repulsis</strong></span> <span class='ocrx_word' id='word_1_265' title='bbox 1148 3141 1222 3192; x_wconf 88' lang='lat' dir='ltr'><strong>velut</strong></span> <span class='ocrx_word' id='word_1_266' title='bbox 1238 3142 1382 3193; x_wconf 83' lang='lat' dir='ltr'><strong>honoribus</strong></span> 
     </span>
     <span class='ocr_line' id='line_1_32' title="bbox 295 3214 1382 3284; baseline -0.006 -12"><span class='ocrx_word' id='word_1_267' title='bbox 295 3221 484 3282; x_wconf 46' lang='lat' dir='ltr'><strong>coemptor&amp;</strong></span> <span class='ocrx_word' id='word_1_268' title='bbox 508 3222 691 3271; x_wconf 70' lang='lat' dir='ltr'><strong>timidissimum</strong></span> <span class='ocrx_word' id='word_1_269' title='bbox 702 3235 823 3284; x_wconf 68' lang='lat' dir='ltr'><strong>querique</strong></span> <span class='ocrx_word' id='word_1_270' title='bbox 857 3216 973 3280; x_wconf 89' lang='lat' dir='ltr'><strong>indeptis</strong></span> <span class='ocrx_word' id='word_1_271' title='bbox 984 3214 1125 3280; x_wconf 85' lang='lat' dir='ltr'><strong>gaudebat.</strong></span> <span class='ocrx_word' id='word_1_272' title='bbox 1153 3217 1222 3267; x_wconf 87' lang='lat' dir='ltr'><strong>Cum</strong></span> <span class='ocrx_word' id='word_1_273' title='bbox 1233 3216 1382 3267; x_wconf 76' lang='lat' dir='ltr'><strong>tortitudine</strong></span> 
     </span>
     <span class='ocr_line' id='line_1_33' title="bbox 295 3291 1381 3359; baseline -0.007 -12"><span class='ocrx_word' id='word_1_274' title='bbox 295 3296 463 3358; x_wconf 75' lang='lat' dir='ltr'><strong>consequitor.</strong></span> <span class='ocrx_word' id='word_1_275' title='bbox 484 3321 512 3330; x_wconf 89' lang='lat'><em>-</em></span> <span class='ocrx_word' id='word_1_276' title='bbox 526 3296 697 3359; x_wconf 74' lang='lat' dir='ltr'><strong>persequitur]</strong></span> <span class='ocrx_word' id='word_1_277' title='bbox 721 3297 777 3346; x_wconf 88' lang='lat' dir='ltr'><strong>Hoc</strong></span> <span class='ocrx_word' id='word_1_278' title='bbox 794 3309 820 3346; x_wconf 88' lang='lat' dir='ltr'><strong>v.</strong></span> <span class='ocrx_word' id='word_1_279' title='bbox 858 3293 950 3342; x_wconf 87' lang='lat' dir='ltr'><strong>autem</strong></span> <span class='ocrx_word' id='word_1_280' title='bbox 961 3327 967 3352; x_wconf 91' lang='lat'><strong>,</strong></span> <span class='ocrx_word' id='word_1_281' title='bbox 980 3292 1160 3356; x_wconf 81' lang='lat' dir='ltr'><strong>quamprimo</strong></span> <span class='ocrx_word' id='word_1_282' title='bbox 1172 3291 1381 3350; x_wconf 74' lang='lat' dir='ltr'><strong>commendaret,</strong></span> 
     </span>
     <span class='ocr_line' id='line_1_34' title="bbox 296 3365 1385 3435; baseline -0.006 -15"><span class='ocrx_word' id='word_1_283' title='bbox 296 3368 431 3435; x_wconf 86' lang='lat' dir='ltr'><strong>duplicem</strong></span> <span class='ocrx_word' id='word_1_284' title='bbox 448 3368 525 3419; x_wconf 88' lang='lat' dir='ltr'><strong>uobis</strong></span> <span class='ocrx_word' id='word_1_285' title='bbox 543 3369 651 3420; x_wconf 82' lang='lat' dir='ltr'><strong>exhibet</strong></span> <span class='ocrx_word' id='word_1_286' title='bbox 667 3371 820 3432; x_wconf 77' lang='lat' dir='ltr'><strong>imaginem,</strong></span> <span class='ocrx_word' id='word_1_287' title='bbox 859 3367 1012 3417; x_wconf 88' lang='lat' dir='ltr'><strong>necessario</strong></span> <span class='ocrx_word' id='word_1_288' title='bbox 1023 3367 1164 3416; x_wconf 83' lang='lat' dir='ltr'><strong>coniuncte</strong></span> <span class='ocrx_word' id='word_1_289' title='bbox 1176 3368 1219 3416; x_wconf 86' lang='lat' dir='ltr'><strong>est</strong></span> <span class='ocrx_word' id='word_1_290' title='bbox 1229 3365 1385 3418; x_wconf 84' lang='lat' dir='ltr'><strong>virtusoivi-</strong></span> 
     </span>
     <span class='ocr_line' id='line_1_35' title="bbox 297 3437 1383 3508; baseline -0.006 -14"><span class='ocrx_word' id='word_1_291' title='bbox 297 3446 325 3494; x_wconf 92' lang='lat' dir='ltr'><strong>et</strong></span> <span class='ocrx_word' id='word_1_292' title='bbox 342 3442 465 3494; x_wconf 83' lang='lat' dir='ltr'><strong>celeriter</strong></span> <span class='ocrx_word' id='word_1_293' title='bbox 486 3443 645 3507; x_wconf 88' lang='lat' dir='ltr'><strong>insequendi</strong></span> <span class='ocrx_word' id='word_1_294' title='bbox 666 3445 694 3494; x_wconf 88' lang='lat' dir='ltr'><strong>et</strong></span> <span class='ocrx_word' id='word_1_295' title='bbox 712 3447 823 3508; x_wconf 90' lang='lat' dir='ltr'><strong>propter</strong></span> <span class='ocrx_word' id='word_1_296' title='bbox 858 3438 905 3501; x_wconf 77' lang='lat' dir='ltr'><strong>lis,</strong></span> <span class='ocrx_word' id='word_1_297' title='bbox 923 3437 1044 3506; x_wconf 74' lang='grc' dir='ltr'><strong><em>γενικῶς</em></strong></span> <span class='ocrx_word' id='word_1_298' title='bbox 1060 3443 1190 3505; x_wconf 84' lang='lat' dir='ltr'><strong>spectata.</strong></span> <span class='ocrx_word' id='word_1_299' title='bbox 1217 3441 1293 3490; x_wconf 85' lang='lat' dir='ltr'><strong>lianc</strong></span> <span class='ocrx_word' id='word_1_300' title='bbox 1305 3439 1383 3491; x_wconf 87' lang='lat' dir='ltr'><strong>comi-</strong></span> 
     </span>
     <span class='ocr_line' id='line_1_36' title="bbox 297 3514 1382 3582; baseline -0.002 -16"><span class='ocrx_word' id='word_1_301' title='bbox 297 3517 324 3568; x_wconf 92' lang='lat' dir='ltr'><strong>id</strong></span> <span class='ocrx_word' id='word_1_302' title='bbox 351 3519 450 3582; x_wconf 88' lang='lat' dir='ltr'><strong>ipsum,</strong></span> <span class='ocrx_word' id='word_1_303' title='bbox 480 3517 553 3580; x_wconf 93' lang='lat' dir='ltr'><strong>quod</strong></span> <span class='ocrx_word' id='word_1_304' title='bbox 569 3518 641 3568; x_wconf 80' lang='lat' dir='ltr'><strong>Mors</strong></span> <span class='ocrx_word' id='word_1_305' title='bbox 665 3517 823 3569; x_wconf 84' lang='lat' dir='ltr'><strong>inevitabilis</strong></span> <span class='ocrx_word' id='word_1_306' title='bbox 858 3517 929 3565; x_wconf 86' lang='lat' dir='ltr'><strong>tatur</strong></span> <span class='ocrx_word' id='word_1_307' title='bbox 951 3527 1033 3566; x_wconf 81' lang='lat' dir='ltr'><strong>verus</strong></span> <span class='ocrx_word' id='word_1_308' title='bbox 1058 3515 1145 3566; x_wconf 89' lang='lat' dir='ltr'><strong>honos</strong></span> <span class='ocrx_word' id='word_1_309' title='bbox 1164 3517 1246 3577; x_wconf 85' lang='lat' dir='ltr'><strong>atque</strong></span> <span class='ocrx_word' id='word_1_310' title='bbox 1271 3514 1382 3566; x_wconf 79' lang='lat' dir='ltr'><strong>nominis</strong></span> 
     </span>
     <span class='ocr_line' id='line_1_37' title="bbox 297 3588 1381 3656; baseline -0.005 -15"><span class='ocrx_word' id='word_1_311' title='bbox 297 3591 463 3654; x_wconf 85' lang='lat' dir='ltr'><strong>insequitur,</strong></span> <span class='ocrx_word' id='word_1_312' title='bbox 486 3593 677 3656; x_wconf 87' lang='lat' dir='ltr'><strong>consequendi.</strong></span> <span class='ocrx_word' id='word_1_313' title='bbox 713 3595 824 3645; x_wconf 74' lang='lat' dir='ltr'><strong>«Perse-</strong></span> <span class='ocrx_word' id='word_1_314' title='bbox 859 3588 1068 3641; x_wconf 75' lang='lat' dir='ltr'><strong>immortalitas.»</strong></span> <span class='ocrx_word' id='word_1_315' title='bbox 1096 3615 1125 3626; x_wconf 90' lang='lat'><em>-</em></span> <span class='ocrx_word' id='word_1_316' title='bbox 1161 3589 1258 3654; x_wconf 74' lang='lat' dir='ltr'><strong>mocio]</strong></span> <span class='ocrx_word' id='word_1_317' title='bbox 1288 3599 1381 3653; x_wconf 78' lang='lat' dir='ltr'><strong>«quam</strong></span> 
     </span>
     <span class='ocr_line' id='line_1_38' title="bbox 298 3663 1383 3731; baseline -0.004 -17"><span class='ocrx_word' id='word_1_318' title='bbox 298 3665 399 3728; x_wconf 92' lang='lat' dir='ltr'><strong>quitur,</strong></span> <span class='ocrx_word' id='word_1_319' title='bbox 436 3665 482 3727; x_wconf 90' lang='lat' dir='ltr'><strong>qui</strong></span> <span class='ocrx_word' id='word_1_320' title='bbox 513 3678 566 3716; x_wconf 94' lang='lat' dir='ltr'><strong>non</strong></span> <span class='ocrx_word' id='word_1_321' title='bbox 592 3665 689 3718; x_wconf 89' lang='lat' dir='ltr'><strong>desinit</strong></span> <span class='ocrx_word' id='word_1_322' title='bbox 719 3669 822 3731; x_wconf 73' lang='lat' dir='ltr'><strong>aequi·</strong></span> <span class='ocrx_word' id='word_1_323' title='bbox 859 3676 997 3727; x_wconf 88' lang='lat' dir='ltr'><strong>nunquam</strong></span> <span class='ocrx_word' id='word_1_324' title='bbox 1013 3664 1116 3728; x_wconf 84' lang='lat' dir='ltr'><strong>attingit</strong></span> <span class='ocrx_word' id='word_1_325' title='bbox 1132 3676 1220 3727; x_wconf 89' lang='lat' dir='ltr'><strong>neque</strong></span> <span class='ocrx_word' id='word_1_326' title='bbox 1233 3663 1383 3715; x_wconf 85' lang='lat' dir='ltr'><strong>commovet</strong></span> 
     </span>
     <span class='ocr_line' id='line_1_39' title="bbox 298 3734 1382 3803; baseline -0.003 -14"><span class='ocrx_word' id='word_1_327' title='bbox 298 3739 395 3789; x_wconf 78' lang='lat' dir='ltr'><strong>Donnr.</strong></span> <span class='ocrx_word' id='word_1_328' title='bbox 415 3737 448 3788; x_wconf 91' lang='lat' dir='ltr'><strong>ad</strong></span> <span class='ocrx_word' id='word_1_329' title='bbox 466 3739 525 3788; x_wconf 71' lang='lat' dir='ltr'><strong>ier.</strong></span> <span class='ocrx_word' id='word_1_330' title='bbox 545 3739 626 3790; x_wconf 80' lang='lat' dir='ltr'><strong>Andr.</strong></span> <span class='ocrx_word' id='word_1_331' title='bbox 645 3741 672 3802; x_wconf 78' lang='lat' dir='ltr'><strong>a,</strong></span> <span class='ocrx_word' id='word_1_332' title='bbox 691 3739 719 3800; x_wconf 81' lang='lat' dir='ltr'><strong>i,</strong></span> <span class='ocrx_word' id='word_1_333' title='bbox 739 3741 779 3791; x_wconf 71' lang='lat'><strong>32.</strong></span> <span class='ocrx_word' id='word_1_334' title='bbox 794 3770 821 3780; x_wconf 99' lang='lat'>-</span> <span class='ocrx_word' id='word_1_335' title='bbox 860 3741 906 3788; x_wconf 84' lang='lat' dir='ltr'><strong>aut</strong></span> <span class='ocrx_word' id='word_1_336' title='bbox 922 3738 1048 3802; x_wconf 88' lang='lat' dir='ltr'><strong>deprimit</strong></span> <span class='ocrx_word' id='word_1_337' title='bbox 1063 3735 1240 3803; x_wconf 74' lang='lat' dir='ltr'><strong>repulsar-</strong></span> <span class='ocrx_word' id='word_1_338' title='bbox 1261 3734 1382 3799; x_wconf 72' lang='lat' dir='ltr'><strong>sordidet]</strong></span> 
     </span>
     <span class='ocr_line' id='line_1_40' title="bbox 297 3806 1382 3882; baseline -0.002 -19"><span class='ocrx_word' id='word_1_339' title='bbox 297 3814 335 3863; x_wconf 82' lang='lat' dir='ltr'><strong>ita</strong></span> <span class='ocrx_word' id='word_1_340' title='bbox 361 3806 424 3882; x_wconf 80' lang='grc' dir='ltr'><strong>Κὴρ</strong></span> <span class='ocrx_word' id='word_1_341' title='bbox 451 3810 493 3862; x_wconf 85' lang='lat' dir='ltr'><strong>vel</strong></span> <span class='ocrx_word' id='word_1_342' title='bbox 526 3811 623 3882; x_wconf 76' lang='grc' dir='ltr'><strong><em>Μοῖρα</em></strong></span> <span class='ocrx_word' id='word_1_343' title='bbox 655 3817 826 3880; x_wconf 84' lang='lat' dir='ltr'><strong>persequitur</strong></span> <span class='ocrx_word' id='word_1_344' title='bbox 860 3812 994 3865; x_wconf 84' lang='lat' dir='ltr'><strong>credebat</strong></span> <span class='ocrx_word' id='word_1_345' title='bbox 1015 3811 1109 3876; x_wconf 86' lang='lat' dir='ltr'><strong>volgus</strong></span> <span class='ocrx_word' id='word_1_346' title='bbox 1126 3814 1276 3865; x_wconf 76' lang='lat' dir='ltr'><strong>Romanum</strong></span> <span class='ocrx_word' id='word_1_347' title='bbox 1298 3811 1382 3862; x_wconf 67' lang='lat' dir='ltr'><strong>m·</strong></span> 
     </span>
     <span class='ocr_line' id='line_1_41' title="bbox 298 3885 1382 3955; baseline 0 -19"><span class='ocrx_word' id='word_1_348' title='bbox 298 3885 456 3936; x_wconf 78' lang='lat' dir='ltr'><strong>bellatorem</strong></span> <span class='ocrx_word' id='word_1_349' title='bbox 474 3885 618 3950; x_wconf 80' lang='lat' dir='ltr'><strong>lugientem</strong></span> <span class='ocrx_word' id='word_1_350' title='bbox 636 3889 663 3938; x_wconf 90' lang='lat' dir='ltr'><strong>in</strong></span> <span class='ocrx_word' id='word_1_351' title='bbox 677 3902 740 3940; x_wconf 88' lang='lat' dir='ltr'><strong>vase</strong></span> <span class='ocrx_word' id='word_1_352' title='bbox 752 3891 823 3955; x_wconf 91' lang='lat' dir='ltr'><strong>picto</strong></span> <span class='ocrx_word' id='word_1_353' title='bbox 859 3901 904 3938; x_wconf 84' lang='lat' dir='ltr'><strong>mo</strong></span> <span class='ocrx_word' id='word_1_354' title='bbox 919 3889 979 3938; x_wconf 75' lang='lat' dir='ltr'><strong>Esse</strong></span> <span class='ocrx_word' id='word_1_355' title='bbox 993 3887 1065 3937; x_wconf 83' lang='lat' dir='ltr'><strong>moto</strong></span> <span class='ocrx_word' id='word_1_356' title='bbox 1081 3888 1202 3951; x_wconf 65' lang='lat' dir='ltr'><strong>marm</strong></span> <span class='ocrx_word' id='word_1_357' title='bbox 1217 3901 1316 3937; x_wconf 76' lang='lat' dir='ltr'><strong>ceam</strong></span> <span class='ocrx_word' id='word_1_358' title='bbox 1330 3891 1382 3936; x_wconf 76' lang='lat' dir='ltr'><strong>ttr-</strong></span> 
     </span>
     <span class='ocr_line' id='line_1_42' title="bbox 299 3957 1378 4026; baseline -0.001 -15"><span class='ocrx_word' id='word_1_359' title='bbox 299 3959 371 4026; x_wconf 84' lang='lat' dir='ltr'><strong>apud</strong></span> <span class='ocrx_word' id='word_1_360' title='bbox 389 3957 579 4011; x_wconf 82' lang='lat' dir='ltr'><strong>d&#39;iiencarville</strong></span> <span class='ocrx_word' id='word_1_361' title='bbox 596 3962 615 4011; x_wconf 93' lang='lat'><strong>1.</strong></span> <span class='ocrx_word' id='word_1_362' title='bbox 635 3963 662 4012; x_wconf 86' lang='lat' dir='ltr'><strong>T.</strong></span> <span class='ocrx_word' id='word_1_363' title='bbox 682 3962 722 4014; x_wconf 80' lang='lat'><strong>35.</strong></span> <span class='ocrx_word' id='word_1_364' title='bbox 856 3975 964 4026; x_wconf 74' lang='lat' dir='ltr'><strong>porrique</strong></span> <span class='ocrx_word' id='word_1_365' title='bbox 974 3961 1110 4023; x_wconf 68' lang='lat' dir='ltr'><strong>repetam</strong></span> <span class='ocrx_word' id='word_1_366' title='bbox 1129 3961 1196 4026; x_wconf 83' lang='lat' dir='ltr'><strong>Epp.</strong></span> <span class='ocrx_word' id='word_1_367' title='bbox 1210 3963 1239 4024; x_wconf 87' lang='lat' dir='ltr'><strong>t,</strong></span> <span class='ocrx_word' id='word_1_368' title='bbox 1254 3960 1327 4022; x_wconf 69' lang='lat' dir='ltr'><strong>ma</strong></span> <span class='ocrx_word' id='word_1_369' title='bbox 1340 3971 1378 4022; x_wconf 85' lang='lat' dir='ltr'><strong>sq.</strong></span> 
     </span>
    </p>

    <p class='ocr_par' dir='ltr' id='par_1_10' title="bbox 297 4033 1381 4326">
     <span class='ocr_line' id='line_1_43' title="bbox 332 4033 1380 4102; baseline 0 -19"><span class='ocrx_word' id='word_1_370' title='bbox 332 4034 372 4085; x_wconf 77' lang='grc'><strong>46.</strong></span> <span class='ocrx_word' id='word_1_371' title='bbox 390 4034 536 4099; x_wconf 78' lang='lat' dir='ltr'><strong>Poptitidus]</strong></span> <span class='ocrx_word' id='word_1_372' title='bbox 560 4037 658 4099; x_wconf 84' lang='lat' dir='ltr'><strong>Fugam</strong></span> <span class='ocrx_word' id='word_1_373' title='bbox 675 4038 823 4102; x_wconf 69' lang='lat' dir='ltr'><strong>significat,</strong></span> <span class='ocrx_word' id='word_1_374' title='bbox 895 4036 934 4086; x_wconf 77' lang='grc'><strong>48.</strong></span> <span class='ocrx_word' id='word_1_375' title='bbox 962 4037 1136 4102; x_wconf 63' lang='lat' dir='ltr'><strong>impanatio]</strong></span> <span class='ocrx_word' id='word_1_376' title='bbox 1165 4049 1180 4087; x_wconf 88' lang='lat' dir='ltr'><strong>a</strong></span> <span class='ocrx_word' id='word_1_377' title='bbox 1208 4050 1234 4086; x_wconf 81' lang='lat' dir='ltr'><strong>v.</strong></span> <span class='ocrx_word' id='word_1_378' title='bbox 1264 4033 1380 4087; x_wconf 85' lang='lat' dir='ltr'><strong>obsoleto</strong></span> 
     </span>
     <span class='ocr_line' id='line_1_44' title="bbox 298 4107 1381 4176; baseline 0.001 -17"><span class='ocrx_word' id='word_1_379' title='bbox 298 4107 412 4174; x_wconf 85' lang='lat' dir='ltr'><strong>poplites</strong></span> <span class='ocrx_word' id='word_1_380' title='bbox 429 4110 501 4160; x_wconf 89' lang='lat' dir='ltr'><strong>enim</strong></span> <span class='ocrx_word' id='word_1_381' title='bbox 512 4109 668 4174; x_wconf 80' lang='lat' dir='ltr'><strong>fugientium</strong></span> <span class='ocrx_word' id='word_1_382' title='bbox 679 4117 825 4166; x_wconf 90' lang='lat' dir='ltr'><strong>cernuntur</strong></span> <span class='ocrx_word' id='word_1_383' title='bbox 860 4113 1003 4175; x_wconf 81' lang='lat' dir='ltr'><strong>tarninore,</strong></span> <span class='ocrx_word' id='word_1_384' title='bbox 1022 4115 1148 4176; x_wconf 72' lang='lat' dir='ltr'><strong>tangeret</strong></span> <span class='ocrx_word' id='word_1_385' title='bbox 1167 4113 1280 4163; x_wconf 79' lang='lat' dir='ltr'><strong>tortasse</strong></span> <span class='ocrx_word' id='word_1_386' title='bbox 1296 4115 1381 4162; x_wconf 82' lang='lat' dir='ltr'><strong>tameo</strong></span> 
     </span>
     <span class='ocr_line' id='line_1_45' title="bbox 297 4182 1380 4254; baseline -0.002 -20"><span class='ocrx_word' id='word_1_387' title='bbox 297 4182 529 4246; x_wconf 81' lang='lat' dir='ltr'><strong>quemadmodum</strong></span> <span class='ocrx_word' id='word_1_388' title='bbox 541 4186 621 4249; x_wconf 87' lang='lat' dir='ltr'><strong>terga.</strong></span> <span class='ocrx_word' id='word_1_389' title='bbox 641 4187 825 4254; x_wconf 79' lang='lat' dir='ltr'><strong>Atqnepopii-</strong></span> <span class='ocrx_word' id='word_1_390' title='bbox 860 4201 893 4238; x_wconf 86' lang='lat' dir='ltr'><strong>ex</strong></span> <span class='ocrx_word' id='word_1_391' title='bbox 924 4185 1012 4251; x_wconf 87' lang='lat' dir='ltr'><strong>aliqua</strong></span> <span class='ocrx_word' id='word_1_392' title='bbox 1046 4188 1202 4238; x_wconf 72' lang='lat' dir='ltr'><strong>auctoritate</strong></span> <span class='ocrx_word' id='word_1_393' title='bbox 1238 4185 1380 4250; x_wconf 80' lang='lat' dir='ltr'><strong>antiquiore</strong></span> 
     </span>
     <span class='ocr_line' id='line_1_46' title="bbox 299 4257 1381 4326; baseline 0.003 -17"><span class='ocrx_word' id='word_1_394' title='bbox 299 4260 340 4309; x_wconf 88' lang='lat' dir='ltr'><strong>tes</strong></span> <span class='ocrx_word' id='word_1_395' title='bbox 365 4259 496 4326; x_wconf 87' lang='lat' dir='ltr'><strong>imprimis</strong></span> <span class='ocrx_word' id='word_1_396' title='bbox 520 4258 676 4324; x_wconf 83' lang='lat' dir='ltr'><strong>fugientium</strong></span> <span class='ocrx_word' id='word_1_397' title='bbox 709 4263 824 4314; x_wconf 86' lang='lat' dir='ltr'><strong>victores</strong></span> <span class='ocrx_word' id='word_1_398' title='bbox 860 4263 912 4316; x_wconf 83' lang='lat' dir='ltr'><strong>imo</strong></span> <span class='ocrx_word' id='word_1_399' title='bbox 928 4261 1013 4315; x_wconf 84' lang='lat' dir='ltr'><strong>torma</strong></span> <span class='ocrx_word' id='word_1_400' title='bbox 1030 4275 1096 4314; x_wconf 86' lang='lat' dir='ltr'><strong>usus</strong></span> <span class='ocrx_word' id='word_1_401' title='bbox 1113 4265 1155 4314; x_wconf 82' lang='lat' dir='ltr'><strong>eet</strong></span> <span class='ocrx_word' id='word_1_402' title='bbox 1170 4275 1220 4326; x_wconf 89' lang='lat' dir='ltr'><strong>pro</strong></span> <span class='ocrx_word' id='word_1_403' title='bbox 1237 4257 1381 4313; x_wconf 69' lang='lat' dir='ltr'><strong>immtati-</strong></span> 
     </span>
    </p>
   </div>
   <div class='ocr_carea' id='block_1_8' title="bbox 0 0 1516 4974">
    <p class='ocr_par' dir='ltr' id='par_1_11' title="bbox 0 0 1516 4974">
     <span class='ocr_line' id='line_1_47' title="bbox 0 0 1516 4974; baseline 0 0"><span class='ocrx_word' id='word_1_404' title='bbox 0 0 1516 4974; x_wconf 95' lang='lat' dir='ltr'><strong> </strong></span> 
     </span>
    </p>
   </div>
  </div>
 </body>
</html>
