<?xml version="1.0" encoding="UTF-8"?>
<!DOCTYPE html PUBLIC "-//W3C//DTD XHTML 1.0 Transitional//EN"
    "http://www.w3.org/TR/xhtml1/DTD/xhtml1-transitional.dtd">
<html xmlns="http://www.w3.org/1999/xhtml" xml:lang="en" lang="en">
 <head>
  <title>
</title>
<meta http-equiv="Content-Type" content="text/html;charset=utf-8" />
  <meta name='ocr-system' content='tesseract 3.04.00' />
  <meta name='ocr-capabilities' content='ocr_page ocr_carea ocr_par ocr_line ocrx_word'/>
</head>
<body>
  <div class='ocr_page' id='page_1' title='image "./qhoratiusflaccu02baitgoog/qhoratiusflaccu02baitgoog_0724.png"; bbox 0 0 3078 4978; ppageno 0'>
   <div class='ocr_carea' id='block_1_1' title="bbox 533 469 840 520">
    <p class='ocr_par' dir='ltr' id='par_1_1' title="bbox 533 469 840 520">
     <span class='ocr_line' id='line_1_1' title="bbox 533 469 840 520; baseline 0.003 -2"><span class='ocrx_word' id='word_1_1' title='bbox 533 469 633 518; x_wconf 73' lang='lat' dir='ltr'><strong>trena.</strong></span> <span class='ocrx_word' id='word_1_2' title='bbox 670 469 767 519; x_wconf 75' lang='lat' dir='ltr'><strong>CARM.</strong></span> <span class='ocrx_word' id='word_1_3' title='bbox 787 471 840 520; x_wconf 84' lang='lat' dir='ltr'><strong>vlt.</strong></span> 
     </span>
    </p>
   </div>
   <div class='ocr_carea' id='block_1_2' title="bbox 305 623 989 1438">
    <p class='ocr_par' dir='ltr' id='par_1_2' title="bbox 348 623 936 710">
     <span class='ocr_line' id='line_1_2' title="bbox 348 623 936 710; baseline 0.003 -22"><span class='ocrx_word' id='word_1_4' title='bbox 348 625 395 688; x_wconf 73' lang='lat' dir='ltr'><strong>,in</strong></span> <span class='ocrx_word' id='word_1_5' title='bbox 418 623 535 710; x_wconf 85' lang='lat' dir='ltr'><strong>cuipa?</strong></span> <span class='ocrx_word' id='word_1_6' title='bbox 557 626 758 710; x_wconf 79' lang='lat' dir='ltr'>Responsum</span> <span class='ocrx_word' id='word_1_7' title='bbox 781 624 869 691; x_wconf 83' lang='lat' dir='ltr'><strong>date!</strong></span> <span class='ocrx_word' id='word_1_8' title='bbox 893 665 936 674; x_wconf 90' lang='lat'>-</span> 
     </span>
    </p>

    <p class='ocr_par' dir='ltr' id='par_1_3' title="bbox 305 743 916 954">
     <span class='ocr_line' id='line_1_3' title="bbox 305 743 916 832; baseline 0.003 -22"><span class='ocrx_word' id='word_1_9' title='bbox 305 747 421 811; x_wconf 79' lang='lat' dir='ltr'>Tacent</span> <span class='ocrx_word' id='word_1_10' title='bbox 444 755 475 810; x_wconf 90' lang='lat' dir='ltr'><strong>et</strong></span> <span class='ocrx_word' id='word_1_11' title='bbox 497 743 589 811; x_wconf 87' lang='lat' dir='ltr'><strong>albus</strong></span> <span class='ocrx_word' id='word_1_12' title='bbox 612 765 669 810; x_wconf 87' lang='lat' dir='ltr'><strong>ora</strong></span> <span class='ocrx_word' id='word_1_13' title='bbox 692 745 796 832; x_wconf 88' lang='lat' dir='ltr'><strong>paiior</strong></span> <span class='ocrx_word' id='word_1_14' title='bbox 817 747 916 813; x_wconf 83' lang='lat' dir='ltr'><strong>inficit</strong></span> 
     </span>
     <span class='ocr_line' id='line_1_4' title="bbox 349 865 890 954; baseline 0.004 -24"><span class='ocrx_word' id='word_1_15' title='bbox 349 867 537 954; x_wconf 74' lang='lat' dir='ltr'><strong>Montesque</strong></span> <span class='ocrx_word' id='word_1_16' title='bbox 560 865 729 953; x_wconf 88' lang='lat' dir='ltr'><strong>perculsae</strong></span> <span class='ocrx_word' id='word_1_17' title='bbox 753 879 890 954; x_wconf 80' lang='lat' dir='ltr'><strong>stupent.</strong></span> 
     </span>
    </p>

    <p class='ocr_par' dir='ltr' id='par_1_4' title="bbox 306 987 982 1194">
     <span class='ocr_line' id='line_1_5' title="bbox 306 987 982 1077; baseline 0.007 -27"><span class='ocrx_word' id='word_1_18' title='bbox 306 988 359 1052; x_wconf 91' lang='lat' dir='ltr'><strong>Sic</strong></span> <span class='ocrx_word' id='word_1_19' title='bbox 382 997 449 1053; x_wconf 85' lang='lat' dir='ltr'><strong>est:</strong></span> <span class='ocrx_word' id='word_1_20' title='bbox 474 987 593 1054; x_wconf 88' lang='lat' dir='ltr'><strong>acerba</strong></span> <span class='ocrx_word' id='word_1_21' title='bbox 614 988 675 1054; x_wconf 88' lang='lat' dir='ltr'><strong>iata</strong></span> <span class='ocrx_word' id='word_1_22' title='bbox 700 990 860 1055; x_wconf 81' lang='lat' dir='ltr'><strong>Romanos</strong></span> <span class='ocrx_word' id='word_1_23' title='bbox 884 1002 982 1077; x_wconf 83' lang='lat' dir='ltr'><strong>agunt</strong></span> 
     </span>
     <span class='ocr_line' id='line_1_6' title="bbox 351 1107 841 1194; baseline 0.008 -21"><span class='ocrx_word' id='word_1_24' title='bbox 351 1107 531 1194; x_wconf 85' lang='lat' dir='ltr'><strong>Scelusque</strong></span> <span class='ocrx_word' id='word_1_25' title='bbox 554 1108 714 1176; x_wconf 78' lang='lat' dir='ltr'><strong>fraternae</strong></span> <span class='ocrx_word' id='word_1_26' title='bbox 738 1111 841 1186; x_wconf 90' lang='lat' dir='ltr'><strong>necis,</strong></span> 
     </span>
    </p>

    <p class='ocr_par' dir='ltr' id='par_1_5' title="bbox 306 1229 989 1438">
     <span class='ocr_line' id='line_1_7' title="bbox 306 1229 989 1298; baseline 0 -2"><span class='ocrx_word' id='word_1_27' title='bbox 306 1229 344 1296; x_wconf 92' lang='lat' dir='ltr'><strong>Ut</strong></span> <span class='ocrx_word' id='word_1_28' title='bbox 368 1229 566 1296; x_wconf 82' lang='lat' dir='ltr'><strong>immerentis</strong></span> <span class='ocrx_word' id='word_1_29' title='bbox 589 1229 679 1294; x_wconf 82' lang='lat' dir='ltr'><strong>{luxit</strong></span> <span class='ocrx_word' id='word_1_30' title='bbox 701 1231 732 1295; x_wconf 94' lang='lat' dir='ltr'><strong>in</strong></span> <span class='ocrx_word' id='word_1_31' title='bbox 756 1239 873 1298; x_wconf 88' lang='lat' dir='ltr'><strong>terram</strong></span> <span class='ocrx_word' id='word_1_32' title='bbox 901 1233 989 1298; x_wconf 90' lang='lat' dir='ltr'><strong>iierni</strong></span> 
     </span>
     <span class='ocr_line' id='line_1_8' title="bbox 348 1349 767 1438; baseline 0 -22"><span class='ocrx_word' id='word_1_33' title='bbox 348 1351 447 1417; x_wconf 88' lang='lat' dir='ltr'><strong>Sacer</strong></span> <span class='ocrx_word' id='word_1_34' title='bbox 469 1349 640 1438; x_wconf 88' lang='lat' dir='ltr'><strong>nepotibus</strong></span> <span class='ocrx_word' id='word_1_35' title='bbox 662 1371 767 1418; x_wconf 89' lang='lat' dir='ltr'><strong>cruor.</strong></span> 
     </span>
    </p>
   </div>
   <div class='ocr_carea' id='block_1_3' title="bbox 200 1539 892 1622">
    <p class='ocr_par' dir='ltr' id='par_1_6' title="bbox 200 1539 892 1622">
     <span class='ocr_line' id='line_1_9' title="bbox 200 1539 892 1622; baseline -0.004 -30"><span class='ocrx_word' id='word_1_36' title='bbox 200 1543 239 1592; x_wconf 82' lang='lat' dir='ltr'><strong>te.</strong></span> <span class='ocrx_word' id='word_1_37' title='bbox 261 1546 284 1590; x_wconf 86' lang='lat' dir='ltr'><strong>et</strong></span> <span class='ocrx_word' id='word_1_38' title='bbox 300 1553 348 1589; x_wconf 85' lang='lat' dir='ltr'><strong>oro</strong></span> <span class='ocrx_word' id='word_1_39' title='bbox 361 1539 447 1622; x_wconf 74' lang='lat' dir='ltr'><strong>potior</strong></span> <span class='ocrx_word' id='word_1_40' title='bbox 463 1539 533 1590; x_wconf 73' lang='lat' dir='ltr'><strong>uitur</strong></span> <span class='ocrx_word' id='word_1_41' title='bbox 550 1540 613 1600; x_wconf 86' lang='lat' dir='ltr'><strong>bSc,</strong></span> <span class='ocrx_word' id='word_1_42' title='bbox 632 1541 685 1591; x_wconf 80' lang='lat' dir='ltr'><strong>nct</strong></span> <span class='ocrx_word' id='word_1_43' title='bbox 703 1540 765 1603; x_wconf 81' lang='lat' dir='ltr'><strong>(non</strong></span> <span class='ocrx_word' id='word_1_44' title='bbox 784 1542 817 1602; x_wconf 86' lang='grc' dir='ltr'><strong>Β,</strong></span> <span class='ocrx_word' id='word_1_45' title='bbox 836 1539 892 1606; x_wconf 78' lang='lat' dir='ltr'><strong>ni).</strong></span> 
     </span>
    </p>
   </div>
   <div class='ocr_carea' id='block_1_4' title="bbox 132 1701 1226 4303">
    <p class='ocr_par' dir='ltr' id='par_1_7' title="bbox 132 1701 1226 4303">
     <span class='ocr_line' id='line_1_10' title="bbox 135 1701 1225 1779; baseline 0.006 -22"><span class='ocrx_word' id='word_1_46' title='bbox 135 1709 250 1758; x_wconf 88' lang='lat' dir='ltr'><strong>tionem:</strong></span> <span class='ocrx_word' id='word_1_47' title='bbox 275 1701 455 1773; x_wconf 74' lang='grc' dir='ltr'><strong><em>Ἐχθομέναν</em></strong></span> <span class='ocrx_word' id='word_1_48' title='bbox 474 1705 605 1779; x_wconf 73' lang='grc' dir='ltr'><strong>βρώμαν,</strong></span> <span class='ocrx_word' id='word_1_49' title='bbox 624 1702 661 1757; x_wconf 82' lang='grc' dir='ltr'><strong>ἃν</strong></span> <span class='ocrx_word' id='word_1_50' title='bbox 700 1721 776 1759; x_wconf 87' lang='lat' dir='ltr'><strong>suam</strong></span> <span class='ocrx_word' id='word_1_51' title='bbox 794 1710 906 1772; x_wconf 81' lang='lat' dir='ltr'><strong>exserit,</strong></span> <span class='ocrx_word' id='word_1_52' title='bbox 929 1723 1011 1773; x_wconf 90' lang='lat' dir='ltr'><strong>quam</strong></span> <span class='ocrx_word' id='word_1_53' title='bbox 1031 1712 1146 1774; x_wconf 90' lang='lat' dir='ltr'><strong>positum</strong></span> <span class='ocrx_word' id='word_1_54' title='bbox 1164 1715 1225 1776; x_wconf 89' lang='lat' dir='ltr'><strong>post</strong></span> 
     </span>
     <span class='ocr_line' id='line_1_11' title="bbox 134 1773 1222 1852; baseline 0.008 -24"><span class='ocrx_word' id='word_1_55' title='bbox 134 1777 267 1843; x_wconf 76' lang='grc' dir='ltr'><em>φωλάδες</em></span> <span class='ocrx_word' id='word_1_56' title='bbox 297 1773 418 1847; x_wconf 74' lang='grc' dir='ltr'>ἔστυγον</span> <span class='ocrx_word' id='word_1_57' title='bbox 446 1773 567 1852; x_wconf 78' lang='grc' dir='ltr'>ἄρκτοι,</span> <span class='ocrx_word' id='word_1_58' title='bbox 602 1777 661 1832; x_wconf 73' lang='lat' dir='ltr'><strong>Tota</strong></span> <span class='ocrx_word' id='word_1_59' title='bbox 698 1783 826 1845; x_wconf 62' lang='lat' dir='ltr'><strong>vpauor.</strong></span> <span class='ocrx_word' id='word_1_60' title='bbox 840 1783 1057 1847; x_wconf 81' lang='lat' dir='ltr'><strong>Significatenim</strong></span> <span class='ocrx_word' id='word_1_61' title='bbox 1071 1799 1222 1836; x_wconf 76' lang='lat' dir='ltr'><strong>«summurn</strong></span> 
     </span>
     <span class='ocr_line' id='line_1_12' title="bbox 134 1849 1225 1943; baseline 0.005 -38"><span class='ocrx_word' id='word_1_62' title='bbox 134 1852 222 1919; x_wconf 81' lang='grc' dir='ltr'><strong><em>λύκος</em></strong></span> <span class='ocrx_word' id='word_1_63' title='bbox 246 1849 391 1943; x_wconf 58' lang='grc' dir='ltr'><strong>ὀρυκτὰς,</strong></span> <span class='ocrx_word' id='word_1_64' title='bbox 418 1853 491 1923; x_wconf 78' lang='grc' dir='ltr'>λιμῷ</span> <span class='ocrx_word' id='word_1_65' title='bbox 515 1855 661 1921; x_wconf 65' lang='lat' dir='ltr'><strong>redempt-</strong></span> <span class='ocrx_word' id='word_1_66' title='bbox 698 1855 856 1922; x_wconf 76' lang='lat' dir='ltr'><strong>pallorem»,</strong></span> <span class='ocrx_word' id='word_1_67' title='bbox 882 1872 963 1922; x_wconf 72' lang='grc' dir='ltr'>ᾳιιοιιι</span> <span class='ocrx_word' id='word_1_68' title='bbox 977 1873 1025 1910; x_wconf 91' lang='lat' dir='ltr'><strong>nos</strong></span> <span class='ocrx_word' id='word_1_69' title='bbox 1038 1859 1151 1910; x_wconf 85' lang='lat' dir='ltr'><strong>dicimus</strong></span> <span class='ocrx_word' id='word_1_70' title='bbox 1171 1862 1225 1911; x_wconf 81' lang='lat' dir='ltr'><strong>To-</strong></span> 
     </span>
     <span class='ocr_line' id='line_1_13' title="bbox 133 1923 1224 1993; baseline 0.005 -13"><span class='ocrx_word' id='word_1_71' title='bbox 133 1945 182 1993; x_wconf 79' lang='grc' dir='ltr'><strong>νος</strong></span> <span class='ocrx_word' id='word_1_72' title='bbox 199 1923 302 1980; x_wconf 69' lang='lat' dir='ltr'><strong>dinan.</strong></span> <span class='ocrx_word' id='word_1_73' title='bbox 325 1958 352 1966; x_wconf 97' lang='lat'><em>-</em></span> <span class='ocrx_word' id='word_1_74' title='bbox 371 1931 506 1980; x_wconf 83' lang='lat' dir='ltr'><strong>Sententia</strong></span> <span class='ocrx_word' id='word_1_75' title='bbox 523 1935 613 1983; x_wconf 88' lang='lat' dir='ltr'><strong>autem</strong></span> <span class='ocrx_word' id='word_1_76' title='bbox 626 1932 660 1981; x_wconf 94' lang='lat' dir='ltr'><strong>ita</strong></span> <span class='ocrx_word' id='word_1_77' title='bbox 699 1931 856 1982; x_wconf 67' lang='lat' dir='ltr'><strong>destituisse.</strong></span> <span class='ocrx_word' id='word_1_78' title='bbox 885 1935 973 1985; x_wconf 80' lang='lat' dir='ltr'><strong>Ausus</strong></span> <span class='ocrx_word' id='word_1_79' title='bbox 986 1937 1027 1986; x_wconf 88' lang='lat' dir='ltr'><strong>est</strong></span> <span class='ocrx_word' id='word_1_80' title='bbox 1039 1936 1133 1986; x_wconf 91' lang='lat' dir='ltr'><strong>imitari</strong></span> <span class='ocrx_word' id='word_1_81' title='bbox 1143 1938 1224 1987; x_wconf 87' lang='lat' dir='ltr'><strong>Tasso</strong></span> 
     </span>
     <span class='ocr_line' id='line_1_14' title="bbox 134 2004 1222 2074; baseline 0.004 -18"><span class='ocrx_word' id='word_1_82' title='bbox 134 2004 329 2056; x_wconf 87' lang='lat' dir='ltr'><strong>continuanda:</strong></span> <span class='ocrx_word' id='word_1_83' title='bbox 358 2006 477 2065; x_wconf 73' lang='lat' dir='ltr'><strong>«Quanto</strong></span> <span class='ocrx_word' id='word_1_84' title='bbox 495 2007 579 2068; x_wconf 79' lang='lat' dir='ltr'><strong>magis</strong></span> <span class='ocrx_word' id='word_1_85' title='bbox 596 2019 661 2056; x_wconf 89' lang='lat' dir='ltr'><strong>vero</strong></span> <span class='ocrx_word' id='word_1_86' title='bbox 699 2007 832 2067; x_wconf 77' lang='lat' dir='ltr'><strong>Gerusti,</strong></span> <span class='ocrx_word' id='word_1_87' title='bbox 852 2005 897 2057; x_wconf 81' lang='lat' dir='ltr'><strong>tt:</strong></span> <span class='ocrx_word' id='word_1_88' title='bbox 917 2008 944 2056; x_wconf 80' lang='lat' dir='ltr'><strong>ot</strong></span> <span class='ocrx_word' id='word_1_89' title='bbox 958 2008 1013 2071; x_wconf 75' lang='lat' dir='ltr'><strong>sero</strong></span> <span class='ocrx_word' id='word_1_90' title='bbox 1030 2011 1116 2059; x_wconf 84' lang='lat' dir='ltr'><strong>uovtso</strong></span> <span class='ocrx_word' id='word_1_91' title='bbox 1130 2011 1222 2074; x_wconf 78' lang='lat' dir='ltr'><strong>Ttnqon</strong></span> 
     </span>
     <span class='ocr_line' id='line_1_15' title="bbox 134 2078 1223 2147; baseline 0.005 -18"><span class='ocrx_word' id='word_1_92' title='bbox 134 2081 207 2132; x_wconf 88' lang='lat' dir='ltr'><strong>cives</strong></span> <span class='ocrx_word' id='word_1_93' title='bbox 216 2093 232 2130; x_wconf 90' lang='lat' dir='ltr'><strong>a</strong></span> <span class='ocrx_word' id='word_1_94' title='bbox 242 2078 358 2140; x_wconf 80' lang='lat' dir='ltr'><strong>civibus,</strong></span> <span class='ocrx_word' id='word_1_95' title='bbox 372 2078 470 2142; x_wconf 87' lang='lat' dir='ltr'><strong>quibus</strong></span> <span class='ocrx_word' id='word_1_96' title='bbox 482 2092 565 2129; x_wconf 92' lang='lat' dir='ltr'><strong>unum</strong></span> <span class='ocrx_word' id='word_1_97' title='bbox 577 2079 662 2129; x_wconf 90' lang='lat' dir='ltr'><strong>idem·</strong></span> <span class='ocrx_word' id='word_1_98' title='bbox 699 2081 725 2129; x_wconf 83' lang='lat' dir='ltr'><strong>di</strong></span> <span class='ocrx_word' id='word_1_99' title='bbox 741 2080 831 2130; x_wconf 83' lang='lat' dir='ltr'><strong>bionoo</strong></span> <span class='ocrx_word' id='word_1_100' title='bbox 846 2082 988 2143; x_wconf 78' lang='lat' dir='ltr'><strong>potitdezza</strong></span> <span class='ocrx_word' id='word_1_101' title='bbox 1005 2084 1023 2132; x_wconf 81' lang='lat' dir='ltr'><strong>u</strong></span> <span class='ocrx_word' id='word_1_102' title='bbox 1038 2085 1099 2133; x_wconf 75' lang='lat' dir='ltr'><strong>otoo.</strong></span> <span class='ocrx_word' id='word_1_103' title='bbox 1122 2113 1148 2120; x_wconf 89' lang='lat'><em>-</em></span> <span class='ocrx_word' id='word_1_104' title='bbox 1163 2099 1223 2147; x_wconf 82' lang='lat' dir='ltr'><strong>po·-</strong></span> 
     </span>
     <span class='ocr_line' id='line_1_16' title="bbox 134 2152 1224 2224; baseline 0.004 -18"><span class='ocrx_word' id='word_1_105' title='bbox 134 2169 185 2220; x_wconf 92' lang='lat' dir='ltr'><strong>que</strong></span> <span class='ocrx_word' id='word_1_106' title='bbox 199 2157 241 2206; x_wconf 89' lang='lat' dir='ltr'><strong>est</strong></span> <span class='ocrx_word' id='word_1_107' title='bbox 252 2152 355 2203; x_wconf 90' lang='lat' dir='ltr'><strong>bonurn</strong></span> <span class='ocrx_word' id='word_1_108' title='bbox 366 2153 514 2218; x_wconf 87' lang='lat' dir='ltr'><strong>pubiicum,</strong></span> <span class='ocrx_word' id='word_1_109' title='bbox 526 2153 660 2204; x_wconf 88' lang='lat' dir='ltr'><strong>abstinere</strong></span> <span class='ocrx_word' id='word_1_110' title='bbox 698 2154 790 2218; x_wconf 83' lang='lat' dir='ltr'><strong>cutsae]</strong></span> <span class='ocrx_word' id='word_1_111' title='bbox 806 2155 868 2218; x_wconf 88' lang='lat' dir='ltr'><strong>quia</strong></span> <span class='ocrx_word' id='word_1_112' title='bbox 880 2157 1002 2206; x_wconf 82' lang='lat' dir='ltr'><strong>consciae</strong></span> <span class='ocrx_word' id='word_1_113' title='bbox 1014 2160 1075 2207; x_wconf 91' lang='lat' dir='ltr'><strong>sunt</strong></span> <span class='ocrx_word' id='word_1_114' title='bbox 1093 2161 1117 2208; x_wconf 88' lang='lat' dir='ltr'><strong>et</strong></span> <span class='ocrx_word' id='word_1_115' title='bbox 1131 2158 1224 2224; x_wconf 88' lang='lat' dir='ltr'><strong>culpae</strong></span> 
     </span>
     <span class='ocr_line' id='line_1_17' title="bbox 134 2228 1225 2292; baseline 0.006 -14"><span class='ocrx_word' id='word_1_116' title='bbox 134 2229 234 2280; x_wconf 90' lang='lat' dir='ltr'><strong>dehent</strong></span> <span class='ocrx_word' id='word_1_117' title='bbox 258 2240 387 2290; x_wconf 87' lang='lat' dir='ltr'><strong>armaque</strong></span> <span class='ocrx_word' id='word_1_118' title='bbox 408 2228 497 2292; x_wconf 89' lang='lat' dir='ltr'><strong>potius</strong></span> <span class='ocrx_word' id='word_1_119' title='bbox 520 2229 546 2276; x_wconf 92' lang='lat' dir='ltr'><strong>in</strong></span> <span class='ocrx_word' id='word_1_120' title='bbox 569 2228 661 2278; x_wconf 88' lang='lat' dir='ltr'><strong>hostes</strong></span> <span class='ocrx_word' id='word_1_121' title='bbox 699 2231 726 2278; x_wconf 91' lang='lat' dir='ltr'><strong>et</strong></span> <span class='ocrx_word' id='word_1_122' title='bbox 743 2230 825 2280; x_wconf 90' lang='lat' dir='ltr'><strong>tristis</strong></span> <span class='ocrx_word' id='word_1_123' title='bbox 837 2232 1012 2282; x_wconf 88' lang='lat' dir='ltr'><strong>necessitatis.</strong></span> <span class='ocrx_word' id='word_1_124' title='bbox 1041 2235 1225 2285; x_wconf 84' lang='lat' dir='ltr'><strong>Pereutsoehic</strong></span> 
     </span>
     <span class='ocr_line' id='line_1_18' title="bbox 137 2304 1225 2369; baseline 0.005 -15"><span class='ocrx_word' id='word_1_125' title='bbox 137 2307 243 2354; x_wconf 83' lang='lat' dir='ltr'><strong>exteros</strong></span> <span class='ocrx_word' id='word_1_126' title='bbox 261 2304 419 2352; x_wconf 89' lang='lat' dir='ltr'><strong>convertere</strong></span> <span class='ocrx_word' id='word_1_127' title='bbox 431 2304 436 2350; x_wconf 87' lang='lat' dir='ltr'><strong>i</strong></span> <span class='ocrx_word' id='word_1_128' title='bbox 447 2321 458 2345; x_wconf 82' lang='lat' dir='ltr'><strong>n</strong></span> <span class='ocrx_word' id='word_1_129' title='bbox 699 2304 725 2352; x_wconf 92' lang='lat' dir='ltr'><strong>in</strong></span> <span class='ocrx_word' id='word_1_130' title='bbox 735 2316 841 2353; x_wconf 89' lang='lat' dir='ltr'><strong>summo</strong></span> <span class='ocrx_word' id='word_1_131' title='bbox 850 2307 958 2369; x_wconf 90' lang='lat' dir='ltr'><strong>stupore</strong></span> <span class='ocrx_word' id='word_1_132' title='bbox 966 2305 1225 2369; x_wconf 83' lang='lat' dir='ltr'><strong>significandosuum</strong></span> 
     </span>
     <span class='ocr_line' id='line_1_19' title="bbox 166 2375 1225 2445; baseline 0.007 -18"><span class='ocrx_word' id='word_1_133' title='bbox 166 2379 206 2430; x_wconf 88' lang='grc'><strong>43.</strong></span> <span class='ocrx_word' id='word_1_134' title='bbox 225 2379 342 2428; x_wconf 78' lang='lat' dir='ltr'><strong>Furor-nc</strong></span> <span class='ocrx_word' id='word_1_135' title='bbox 355 2375 450 2441; x_wconf 71' lang='lat' dir='ltr'><strong>coemo]</strong></span> <span class='ocrx_word' id='word_1_136' title='bbox 464 2376 560 2427; x_wconf 90' lang='lat' dir='ltr'><strong>dicitur</strong></span> <span class='ocrx_word' id='word_1_137' title='bbox 570 2379 600 2427; x_wconf 94' lang='lat' dir='ltr'><strong>ut</strong></span> <span class='ocrx_word' id='word_1_138' title='bbox 612 2377 659 2426; x_wconf 89' lang='lat' dir='ltr'><strong>0d.</strong></span> <span class='ocrx_word' id='word_1_139' title='bbox 698 2375 787 2429; x_wconf 88' lang='lat' dir='ltr'><strong>locum</strong></span> <span class='ocrx_word' id='word_1_140' title='bbox 813 2381 917 2441; x_wconf 87' lang='lat' dir='ltr'><strong>tuetur,</strong></span> <span class='ocrx_word' id='word_1_141' title='bbox 947 2383 974 2430; x_wconf 89' lang='lat' dir='ltr'><strong>et</strong></span> <span class='ocrx_word' id='word_1_142' title='bbox 999 2395 1032 2431; x_wconf 83' lang='lat' dir='ltr'><strong>ex</strong></span> <span class='ocrx_word' id='word_1_143' title='bbox 1057 2383 1225 2445; x_wconf 88' lang='lat' dir='ltr'><strong>paucissimis</strong></span> 
     </span>
     <span class='ocr_line' id='line_1_20' title="bbox 136 2451 1223 2516; baseline 0.006 -14"><span class='ocrx_word' id='word_1_144' title='bbox 136 2455 165 2512; x_wconf 87' lang='lat' dir='ltr'><strong>t,</strong></span> <span class='ocrx_word' id='word_1_145' title='bbox 185 2454 233 2514; x_wconf 86' lang='grc'><strong>48,</strong></span> <span class='ocrx_word' id='word_1_146' title='bbox 254 2451 300 2504; x_wconf 83' lang='lat' dir='ltr'><strong>tt:</strong></span> <span class='ocrx_word' id='word_1_147' title='bbox 319 2465 407 2502; x_wconf 79' lang='lat' dir='ltr'><strong>caecus</strong></span> <span class='ocrx_word' id='word_1_148' title='bbox 418 2465 492 2502; x_wconf 84' lang='lat' dir='ltr'><strong>amor</strong></span> <span class='ocrx_word' id='word_1_149' title='bbox 502 2453 550 2502; x_wconf 83' lang='lat' dir='ltr'><strong>sut.</strong></span> <span class='ocrx_word' id='word_1_150' title='bbox 574 2453 660 2516; x_wconf 74' lang='lat' dir='ltr'><strong>Atque</strong></span> <span class='ocrx_word' id='word_1_151' title='bbox 699 2451 837 2504; x_wconf 83' lang='lat' dir='ltr'><strong>dumtaxat</strong></span> <span class='ocrx_word' id='word_1_152' title='bbox 849 2454 943 2516; x_wconf 84' lang='lat' dir='ltr'><strong>Codd,</strong></span> <span class='ocrx_word' id='word_1_153' title='bbox 961 2456 1035 2507; x_wconf 86' lang='lat' dir='ltr'><strong>velut</strong></span> <span class='ocrx_word' id='word_1_154' title='bbox 1046 2458 1074 2508; x_wconf 89' lang='lat' dir='ltr'><strong>E.</strong></span> <span class='ocrx_word' id='word_1_155' title='bbox 1085 2457 1223 2509; x_wconf 84' lang='lat' dir='ltr'><strong>Pulmanui</strong></span> 
     </span>
     <span class='ocr_line' id='line_1_21' title="bbox 136 2525 1220 2594; baseline 0.006 -16"><span class='ocrx_word' id='word_1_156' title='bbox 136 2526 231 2578; x_wconf 88' lang='lat' dir='ltr'><strong>meiius</strong></span> <span class='ocrx_word' id='word_1_157' title='bbox 256 2525 375 2588; x_wconf 85' lang='lat' dir='ltr'><strong>videtur,</strong></span> <span class='ocrx_word' id='word_1_158' title='bbox 401 2529 430 2577; x_wconf 90' lang='lat' dir='ltr'><strong>ut</strong></span> <span class='ocrx_word' id='word_1_159' title='bbox 451 2527 513 2576; x_wconf 92' lang='lat' dir='ltr'><strong>huic</strong></span> <span class='ocrx_word' id='word_1_160' title='bbox 530 2539 556 2576; x_wconf 83' lang='lat' dir='ltr'><strong>v.</strong></span> <span class='ocrx_word' id='word_1_161' title='bbox 576 2525 662 2576; x_wconf 90' lang='lat' dir='ltr'><strong>adda·</strong></span> <span class='ocrx_word' id='word_1_162' title='bbox 700 2530 728 2578; x_wconf 90' lang='lat' dir='ltr'><strong>et</strong></span> <span class='ocrx_word' id='word_1_163' title='bbox 752 2528 914 2592; x_wconf 78' lang='lat' dir='ltr'><strong>Batteliano‚</strong></span> <span class='ocrx_word' id='word_1_164' title='bbox 945 2530 1056 2581; x_wconf 80' lang='lat' dir='ltr'><strong>affertur</strong></span> <span class='ocrx_word' id='word_1_165' title='bbox 1077 2546 1220 2594; x_wconf 70' lang='lat' dir='ltr'><strong>permissae.</strong></span> 
     </span>
     <span class='ocr_line' id='line_1_22' title="bbox 135 2599 1226 2672; baseline 0.005 -20"><span class='ocrx_word' id='word_1_166' title='bbox 135 2603 178 2652; x_wconf 90' lang='lat' dir='ltr'><strong>tur</strong></span> <span class='ocrx_word' id='word_1_167' title='bbox 189 2599 338 2662; x_wconf 77' lang='grc' dir='ltr'><strong>ἐπίθετον,</strong></span> <span class='ocrx_word' id='word_1_168' title='bbox 358 2613 439 2664; x_wconf 88' lang='lat' dir='ltr'><strong>quam</strong></span> <span class='ocrx_word' id='word_1_169' title='bbox 452 2603 481 2650; x_wconf 89' lang='grc' dir='ltr'><strong>ιιι</strong></span> <span class='ocrx_word' id='word_1_170' title='bbox 493 2601 594 2652; x_wconf 90' lang='lat' dir='ltr'><strong>nudum</strong></span> <span class='ocrx_word' id='word_1_171' title='bbox 607 2613 662 2652; x_wconf 89' lang='lat' dir='ltr'><strong>ma·</strong></span> <span class='ocrx_word' id='word_1_172' title='bbox 700 2602 752 2653; x_wconf 87' lang='lat' dir='ltr'><strong>Cir.</strong></span> <span class='ocrx_word' id='word_1_173' title='bbox 772 2603 855 2667; x_wconf 88' lang='lat' dir='ltr'><strong>Epod.</strong></span> <span class='ocrx_word' id='word_1_174' title='bbox 875 2605 919 2666; x_wconf 85' lang='grc' dir='ltr'><strong>ιι,</strong></span> <span class='ocrx_word' id='word_1_175' title='bbox 938 2605 962 2654; x_wconf 71' lang='lat'><strong>2.</strong></span> <span class='ocrx_word' id='word_1_176' title='bbox 985 2634 1012 2642; x_wconf 87' lang='lat'><em>-</em></span> <span class='ocrx_word' id='word_1_177' title='bbox 1031 2608 1124 2670; x_wconf 68' lang='lat' dir='ltr'><strong>ayunt]</strong></span> <span class='ocrx_word' id='word_1_178' title='bbox 1144 2623 1226 2672; x_wconf 75' lang='lat' dir='ltr'><strong>uper-</strong></span> 
     </span>
     <span class='ocr_line' id='line_1_23' title="bbox 135 2675 1225 2743; baseline 0.006 -17"><span class='ocrx_word' id='word_1_179' title='bbox 135 2679 203 2727; x_wconf 87' lang='lat' dir='ltr'><strong>neat.</strong></span> <span class='ocrx_word' id='word_1_180' title='bbox 236 2678 288 2727; x_wconf 83' lang='lat' dir='ltr'><strong>Pro</strong></span> <span class='ocrx_word' id='word_1_181' title='bbox 305 2675 388 2726; x_wconf 88' lang='lat' dir='ltr'><strong>altera</strong></span> <span class='ocrx_word' id='word_1_182' title='bbox 409 2675 523 2726; x_wconf 86' lang='lat' dir='ltr'><strong>lectione</strong></span> <span class='ocrx_word' id='word_1_183' title='bbox 541 2690 556 2726; x_wconf 89' lang='lat' dir='ltr'><strong>a</strong></span> <span class='ocrx_word' id='word_1_184' title='bbox 575 2675 659 2728; x_wconf 88' lang='lat' dir='ltr'><strong>Codd.</strong></span> <span class='ocrx_word' id='word_1_185' title='bbox 699 2681 864 2742; x_wconf 86' lang='lat' dir='ltr'><strong>sequuntur,</strong></span> <span class='ocrx_word' id='word_1_186' title='bbox 893 2681 924 2729; x_wconf 90' lang='lat' dir='ltr'><strong>ut</strong></span> <span class='ocrx_word' id='word_1_187' title='bbox 944 2681 1063 2743; x_wconf 86' lang='lat' dir='ltr'><strong>pernicie</strong></span> <span class='ocrx_word' id='word_1_188' title='bbox 1081 2695 1129 2732; x_wconf 87' lang='lat' dir='ltr'><strong>sue</strong></span> <span class='ocrx_word' id='word_1_189' title='bbox 1152 2681 1225 2733; x_wconf 88' lang='lat' dir='ltr'><strong>luant</strong></span> 
     </span>
     <span class='ocr_line' id='line_1_24' title="bbox 135 2751 1226 2818; baseline 0.005 -18"><span class='ocrx_word' id='word_1_190' title='bbox 135 2752 222 2802; x_wconf 87' lang='lat' dir='ltr'><strong>minus</strong></span> <span class='ocrx_word' id='word_1_191' title='bbox 245 2752 347 2802; x_wconf 89' lang='lat' dir='ltr'><strong>munita</strong></span> <span class='ocrx_word' id='word_1_192' title='bbox 368 2765 455 2800; x_wconf 84' lang='lat' dir='ltr'><strong>caecos</strong></span> <span class='ocrx_word' id='word_1_193' title='bbox 476 2751 571 2801; x_wconf 79' lang='lat' dir='ltr'><strong>afferre</strong></span> <span class='ocrx_word' id='word_1_194' title='bbox 595 2765 660 2815; x_wconf 93' lang='lat' dir='ltr'><strong>pos·</strong></span> <span class='ocrx_word' id='word_1_195' title='bbox 699 2751 806 2802; x_wconf 77' lang='lat' dir='ltr'><strong>scelus»</strong></span> <span class='ocrx_word' id='word_1_196' title='bbox 825 2756 877 2802; x_wconf 91' lang='lat' dir='ltr'><strong>cet.</strong></span> <span class='ocrx_word' id='word_1_197' title='bbox 899 2780 926 2788; x_wconf 91' lang='lat'><strong>—</strong></span> <span class='ocrx_word' id='word_1_198' title='bbox 951 2754 993 2818; x_wconf 85' lang='lat' dir='ltr'><strong>Ut]</strong></span> <span class='ocrx_word' id='word_1_199' title='bbox 1013 2768 1063 2804; x_wconf 79' lang='lat' dir='ltr'><strong>«ex</strong></span> <span class='ocrx_word' id='word_1_200' title='bbox 1082 2769 1168 2817; x_wconf 78' lang='lat' dir='ltr'><strong>quo»,</strong></span> <span class='ocrx_word' id='word_1_201' title='bbox 1196 2761 1226 2805; x_wconf 91' lang='lat' dir='ltr'><strong>ut</strong></span> 
     </span>
     <span class='ocr_line' id='line_1_25' title="bbox 135 2824 1226 2893; baseline 0.003 -17"><span class='ocrx_word' id='word_1_202' title='bbox 135 2825 243 2876; x_wconf 80' lang='lat' dir='ltr'><strong>sisset.</strong></span> <span class='ocrx_word' id='word_1_203' title='bbox 262 2827 291 2886; x_wconf 67' lang='grc' dir='ltr'>ι,</span> <span class='ocrx_word' id='word_1_204' title='bbox 311 2825 340 2886; x_wconf 88' lang='grc'><strong>3,</strong></span> <span class='ocrx_word' id='word_1_205' title='bbox 360 2825 406 2876; x_wconf 81' lang='lat' dir='ltr'><strong>ts:</strong></span> <span class='ocrx_word' id='word_1_206' title='bbox 431 2839 600 2888; x_wconf 76' lang='lat' dir='ltr'><strong>quancunque</strong></span> <span class='ocrx_word' id='word_1_207' title='bbox 619 2826 660 2875; x_wconf 90' lang='lat' dir='ltr'><strong>in·</strong></span> <span class='ocrx_word' id='word_1_208' title='bbox 699 2825 747 2875; x_wconf 92' lang='lat' dir='ltr'><strong>0d.</strong></span> <span class='ocrx_word' id='word_1_209' title='bbox 760 2824 791 2888; x_wconf 79' lang='lat' dir='ltr'><strong>i,</strong></span> <span class='ocrx_word' id='word_1_210' title='bbox 810 2825 841 2886; x_wconf 80' lang='lat' dir='ltr'><strong>i,</strong></span> <span class='ocrx_word' id='word_1_211' title='bbox 859 2825 900 2877; x_wconf 68' lang='lat' dir='ltr'><strong>ii.</strong></span> <span class='ocrx_word' id='word_1_212' title='bbox 923 2855 950 2862; x_wconf 96' lang='lat'>—</span> <span class='ocrx_word' id='word_1_213' title='bbox 969 2829 1056 2892; x_wconf 83' lang='lat' dir='ltr'><strong>Sacer]</strong></span> <span class='ocrx_word' id='word_1_214' title='bbox 1075 2833 1120 2879; x_wconf 74' lang='lat' dir='ltr'><strong>out</strong></span> <span class='ocrx_word' id='word_1_215' title='bbox 1135 2830 1226 2893; x_wconf 90' lang='lat' dir='ltr'><strong>piacu-</strong></span> 
     </span>
     <span class='ocr_line' id='line_1_26' title="bbox 133 2895 1225 2968; baseline 0.002 -17"><span class='ocrx_word' id='word_1_216' title='bbox 133 2901 206 2951; x_wconf 74' lang='lat' dir='ltr'><strong>satta</strong></span> <span class='ocrx_word' id='word_1_217' title='bbox 221 2900 277 2949; x_wconf 83' lang='lat' dir='ltr'><strong>veri</strong></span> <span class='ocrx_word' id='word_1_218' title='bbox 295 2899 401 2950; x_wconf 82' lang='lat' dir='ltr'><strong>Caecum</strong></span> <span class='ocrx_word' id='word_1_219' title='bbox 417 2901 478 2963; x_wconf 73' lang='lat' dir='ltr'><strong>opit.</strong></span> <span class='ocrx_word' id='word_1_220' title='bbox 509 2900 579 2962; x_wconf 82' lang='lat' dir='ltr'><strong>virg.</strong></span> <span class='ocrx_word' id='word_1_221' title='bbox 593 2903 658 2949; x_wconf 76' lang='lat' dir='ltr'><strong>Aen.</strong></span> <span class='ocrx_word' id='word_1_222' title='bbox 699 2895 754 2948; x_wconf 89' lang='lat' dir='ltr'><strong>ium</strong></span> <span class='ocrx_word' id='word_1_223' title='bbox 771 2896 898 2960; x_wconf 81' lang='lat' dir='ltr'><strong>luendus,</strong></span> <span class='ocrx_word' id='word_1_224' title='bbox 923 2903 985 2963; x_wconf 91' lang='lat' dir='ltr'><strong>quia</strong></span> <span class='ocrx_word' id='word_1_225' title='bbox 1003 2916 1018 2952; x_wconf 85' lang='lat' dir='ltr'><strong>a</strong></span> <span class='ocrx_word' id='word_1_226' title='bbox 1037 2901 1116 2952; x_wconf 82' lang='lat' dir='ltr'><strong>tratre</strong></span> <span class='ocrx_word' id='word_1_227' title='bbox 1134 2903 1225 2968; x_wconf 88' lang='lat' dir='ltr'><strong>proin-</strong></span> 
     </span>
     <span class='ocr_line' id='line_1_27' title="bbox 133 2967 1225 3040; baseline 0.001 -14"><span class='ocrx_word' id='word_1_228' title='bbox 133 2975 161 3036; x_wconf 77' lang='lat'><strong>2,</strong></span> <span class='ocrx_word' id='word_1_229' title='bbox 186 2973 250 3026; x_wconf 69' lang='lat' dir='ltr'><strong>iii:</strong></span> <span class='ocrx_word' id='word_1_230' title='bbox 278 2975 394 3036; x_wconf 66' lang='lat' dir='ltr'><strong>casuque</strong></span> <span class='ocrx_word' id='word_1_231' title='bbox 412 2975 508 3038; x_wconf 71' lang='lat' dir='ltr'><strong>furore.</strong></span> <span class='ocrx_word' id='word_1_232' title='bbox 539 2974 577 3024; x_wconf 92' lang='lat' dir='ltr'><strong>ib.</strong></span> <span class='ocrx_word' id='word_1_233' title='bbox 597 2973 658 3024; x_wconf 78' lang='lat'>356:</span> <span class='ocrx_word' id='word_1_234' title='bbox 700 2976 818 3034; x_wconf 74' lang='lat' dir='ltr'><strong>sancet,</strong></span> <span class='ocrx_word' id='word_1_235' title='bbox 837 2967 967 3040; x_wconf 76' lang='grc' dir='ltr'><strong>ἐναγής.»</strong></span> <span class='ocrx_word' id='word_1_236' title='bbox 986 2977 1037 3025; x_wconf 85' lang='lat' dir='ltr'><strong>ein</strong></span> <span class='ocrx_word' id='word_1_237' title='bbox 1058 2977 1151 3026; x_wconf 80' lang='lat' dir='ltr'><strong>Ftuct</strong></span> <span class='ocrx_word' id='word_1_238' title='bbox 1171 2979 1225 3028; x_wconf 85' lang='lat' dir='ltr'><strong>den</strong></span> 
     </span>
     <span class='ocr_line' id='line_1_28' title="bbox 134 3047 1225 3114; baseline 0.003 -14"><span class='ocrx_word' id='word_1_239' title='bbox 134 3063 195 3112; x_wconf 81' lang='lat' dir='ltr'><strong>quos</strong></span> <span class='ocrx_word' id='word_1_240' title='bbox 215 3050 333 3112; x_wconf 81' lang='lat' dir='ltr'><strong>improba</strong></span> <span class='ocrx_word' id='word_1_241' title='bbox 353 3052 447 3100; x_wconf 75' lang='lat' dir='ltr'><strong>veturia</strong></span> <span class='ocrx_word' id='word_1_242' title='bbox 466 3051 559 3114; x_wconf 74' lang='lat' dir='ltr'><strong>Eueqtt</strong></span> <span class='ocrx_word' id='word_1_243' title='bbox 575 3063 661 3099; x_wconf 84' lang='lat' dir='ltr'><strong>caecos</strong></span> <span class='ocrx_word' id='word_1_244' title='bbox 697 3047 828 3096; x_wconf 77' lang='lat' dir='ltr'><strong>Errtctn.</strong></span> <span class='ocrx_word' id='word_1_245' title='bbox 865 3049 943 3099; x_wconf 78' lang='lat' dir='ltr'><strong>Socer</strong></span> <span class='ocrx_word' id='word_1_246' title='bbox 968 3051 1039 3100; x_wconf 90' lang='lat' dir='ltr'><strong>Livio</strong></span> <span class='ocrx_word' id='word_1_247' title='bbox 1057 3051 1087 3112; x_wconf 84' lang='grc'><strong>3,</strong></span> <span class='ocrx_word' id='word_1_248' title='bbox 1115 3053 1155 3101; x_wconf 80' lang='lat' dir='ltr'><strong>tte.</strong></span> <span class='ocrx_word' id='word_1_249' title='bbox 1184 3054 1225 3103; x_wconf 89' lang='lat' dir='ltr'><strong>est</strong></span> 
     </span>
     <span class='ocr_line' id='line_1_29' title="bbox 132 3119 1225 3189; baseline 0.004 -17"><span class='ocrx_word' id='word_1_250' title='bbox 132 3125 224 3174; x_wconf 69' lang='lat' dir='ltr'><strong>rottei.</strong></span> <span class='ocrx_word' id='word_1_251' title='bbox 246 3150 274 3160; x_wconf 91' lang='lat'>-</span> <span class='ocrx_word' id='word_1_252' title='bbox 292 3125 330 3174; x_wconf 80' lang='lat' dir='ltr'><strong>ois</strong></span> <span class='ocrx_word' id='word_1_253' title='bbox 347 3124 446 3189; x_wconf 74' lang='grc' dir='ltr'>αοιιον]</span> <span class='ocrx_word' id='word_1_254' title='bbox 474 3125 537 3175; x_wconf 70' lang='lat' dir='ltr'><strong>niati</strong></span> <span class='ocrx_word' id='word_1_255' title='bbox 561 3125 659 3188; x_wconf 88' lang='lat' dir='ltr'><strong>ipsius,</strong></span> <span class='ocrx_word' id='word_1_256' title='bbox 698 3119 844 3182; x_wconf 79' lang='lat' dir='ltr'><strong>scelestuS,</strong></span> <span class='ocrx_word' id='word_1_257' title='bbox 871 3123 947 3174; x_wconf 90' lang='lat' dir='ltr'><strong>cuius</strong></span> <span class='ocrx_word' id='word_1_258' title='bbox 970 3127 1051 3188; x_wconf 91' lang='lat' dir='ltr'><strong>caput</strong></span> <span class='ocrx_word' id='word_1_259' title='bbox 1071 3125 1127 3175; x_wconf 90' lang='lat' dir='ltr'><strong>iovi</strong></span> <span class='ocrx_word' id='word_1_260' title='bbox 1155 3123 1225 3188; x_wconf 88' lang='lat' dir='ltr'><strong>(aiibi</strong></span> 
     </span>
     <span class='ocr_line' id='line_1_30' title="bbox 135 3193 1224 3263; baseline 0.001 -15"><span class='ocrx_word' id='word_1_261' title='bbox 135 3197 220 3250; x_wconf 81' lang='lat' dir='ltr'><strong>fatalis</strong></span> <span class='ocrx_word' id='word_1_262' title='bbox 238 3200 411 3250; x_wconf 76' lang='lat' dir='ltr'><strong>necessitas.»</strong></span> <span class='ocrx_word' id='word_1_263' title='bbox 431 3201 509 3250; x_wconf 86' lang='lat' dir='ltr'><strong>Gaius</strong></span> <span class='ocrx_word' id='word_1_264' title='bbox 522 3201 547 3248; x_wconf 94' lang='lat' dir='ltr'><strong>in</strong></span> <span class='ocrx_word' id='word_1_265' title='bbox 560 3200 659 3262; x_wconf 80' lang='lat' dir='ltr'><strong>Digest.</strong></span> <span class='ocrx_word' id='word_1_266' title='bbox 698 3193 739 3246; x_wconf 91' lang='lat' dir='ltr'><strong>dis</strong></span> <span class='ocrx_word' id='word_1_267' title='bbox 756 3195 855 3259; x_wconf 83' lang='lat' dir='ltr'><strong>inieris)</strong></span> <span class='ocrx_word' id='word_1_268' title='bbox 874 3196 1003 3249; x_wconf 84' lang='lat' dir='ltr'><strong>devotum</strong></span> <span class='ocrx_word' id='word_1_269' title='bbox 1015 3201 1056 3249; x_wconf 87' lang='lat' dir='ltr'><strong>est</strong></span> <span class='ocrx_word' id='word_1_270' title='bbox 1071 3211 1121 3262; x_wconf 88' lang='lat' dir='ltr'><strong>per</strong></span> <span class='ocrx_word' id='word_1_271' title='bbox 1134 3199 1224 3263; x_wconf 90' lang='lat' dir='ltr'><strong>popuii</strong></span> 
     </span>
     <span class='ocr_line' id='line_1_31' title="bbox 135 3269 1223 3336; baseline 0.003 -15"><span class='ocrx_word' id='word_1_272' title='bbox 135 3273 179 3334; x_wconf 77' lang='lat'><strong>⁴9,</strong></span> <span class='ocrx_word' id='word_1_273' title='bbox 199 3275 244 3334; x_wconf 86' lang='lat' dir='ltr'><strong>tt,</strong></span> <span class='ocrx_word' id='word_1_274' title='bbox 269 3274 317 3333; x_wconf 80' lang='lat' dir='ltr'><strong>at,</strong></span> <span class='ocrx_word' id='word_1_275' title='bbox 340 3273 368 3323; x_wconf 86' lang='lat'><strong>6:</strong></span> <span class='ocrx_word' id='word_1_276' title='bbox 397 3275 435 3323; x_wconf 81' lang='lat' dir='ltr'><strong>uis</strong></span> <span class='ocrx_word' id='word_1_277' title='bbox 459 3275 557 3334; x_wconf 82' lang='lat' dir='ltr'><strong>motor,</strong></span> <span class='ocrx_word' id='word_1_278' title='bbox 584 3285 661 3335; x_wconf 78' lang='lat' dir='ltr'><strong>quarn</strong></span> <span class='ocrx_word' id='word_1_279' title='bbox 698 3269 840 3332; x_wconf 90' lang='lat' dir='ltr'><strong>iudicium,</strong></span> <span class='ocrx_word' id='word_1_280' title='bbox 867 3274 897 3322; x_wconf 92' lang='lat' dir='ltr'><strong>ut</strong></span> <span class='ocrx_word' id='word_1_281' title='bbox 922 3272 944 3322; x_wconf 95' lang='lat' dir='ltr'><strong>is</strong></span> <span class='ocrx_word' id='word_1_282' title='bbox 967 3271 1076 3336; x_wconf 89' lang='lat' dir='ltr'><strong>impune</strong></span> <span class='ocrx_word' id='word_1_283' title='bbox 1094 3286 1110 3322; x_wconf 92' lang='lat' dir='ltr'><strong>a</strong></span> <span class='ocrx_word' id='word_1_284' title='bbox 1128 3275 1223 3336; x_wconf 84' lang='lat' dir='ltr'><strong>quovis</strong></span> 
     </span>
     <span class='ocr_line' id='line_1_32' title="bbox 135 3344 1222 3410; baseline 0.002 -14"><span class='ocrx_word' id='word_1_285' title='bbox 135 3347 227 3398; x_wconf 61' lang='lat' dir='ltr'><strong>&amp;aeci</strong></span> <span class='ocrx_word' id='word_1_286' title='bbox 245 3345 315 3398; x_wconf 78' lang='grc' dir='ltr'><em>θεοῦ</em></span> <span class='ocrx_word' id='word_1_287' title='bbox 332 3346 415 3410; x_wconf 77' lang='grc' dir='ltr'>βίαν,</span> <span class='ocrx_word' id='word_1_288' title='bbox 434 3349 461 3398; x_wconf 84' lang='grc' dir='ltr'><strong>ιιι</strong></span> <span class='ocrx_word' id='word_1_289' title='bbox 477 3354 526 3410; x_wconf 82' lang='lat' dir='ltr'><strong>est,</strong></span> <span class='ocrx_word' id='word_1_290' title='bbox 552 3349 603 3398; x_wconf 88' lang='lat' dir='ltr'><strong>vim</strong></span> <span class='ocrx_word' id='word_1_291' title='bbox 620 3349 661 3396; x_wconf 88' lang='lat' dir='ltr'><strong>di·</strong></span> <span class='ocrx_word' id='word_1_292' title='bbox 698 3344 876 3394; x_wconf 87' lang='lat' dir='ltr'><strong>occideretur.</strong></span> <span class='ocrx_word' id='word_1_293' title='bbox 920 3347 1024 3396; x_wconf 86' lang='lat' dir='ltr'><strong>Seneca</strong></span> <span class='ocrx_word' id='word_1_294' title='bbox 1057 3347 1164 3410; x_wconf 82' lang='lat' dir='ltr'><strong>Thyest.</strong></span> <span class='ocrx_word' id='word_1_295' title='bbox 1193 3350 1222 3410; x_wconf 86' lang='lat' dir='ltr'><strong>t,</strong></span> 
     </span>
     <span class='ocr_line' id='line_1_33' title="bbox 132 3419 1226 3484; baseline 0.001 -14"><span class='ocrx_word' id='word_1_296' title='bbox 132 3423 380 3484; x_wconf 63' lang='lat' dir='ltr'><strong>vincomalum,</strong></span> <span class='ocrx_word' id='word_1_297' title='bbox 407 3437 457 3472; x_wconf 88' lang='lat' dir='ltr'><strong>non</strong></span> <span class='ocrx_word' id='word_1_298' title='bbox 474 3423 542 3472; x_wconf 86' lang='lat' dir='ltr'><strong>debet</strong></span> <span class='ocrx_word' id='word_1_299' title='bbox 564 3423 661 3472; x_wconf 88' lang='lat' dir='ltr'><strong>condu-</strong></span> <span class='ocrx_word' id='word_1_300' title='bbox 698 3419 738 3469; x_wconf 82' lang='lat'><strong>93.</strong></span> <span class='ocrx_word' id='word_1_301' title='bbox 769 3420 832 3469; x_wconf 89' lang='lat' dir='ltr'><strong>item</strong></span> <span class='ocrx_word' id='word_1_302' title='bbox 854 3419 887 3468; x_wconf 90' lang='lat' dir='ltr'><strong>de</strong></span> <span class='ocrx_word' id='word_1_303' title='bbox 910 3419 1068 3470; x_wconf 79' lang='lat' dir='ltr'><strong>fratricidio:</strong></span> <span class='ocrx_word' id='word_1_304' title='bbox 1098 3435 1129 3471; x_wconf 86' lang='lat' dir='ltr'><strong>ne</strong></span> <span class='ocrx_word' id='word_1_305' title='bbox 1149 3427 1226 3471; x_wconf 81' lang='lat' dir='ltr'><strong>sacre</strong></span> 
     </span>
     <span class='ocr_line' id='line_1_34' title="bbox 134 3494 1226 3547; baseline 0.001 -2"><span class='ocrx_word' id='word_1_306' title='bbox 134 3499 197 3546; x_wconf 80' lang='lat' dir='ltr'><strong>uteri</strong></span> <span class='ocrx_word' id='word_1_307' title='bbox 214 3498 336 3547; x_wconf 79' lang='lat' dir='ltr'><strong>damnoso</strong></span> <span class='ocrx_word' id='word_1_308' title='bbox 353 3511 411 3547; x_wconf 81' lang='lat' dir='ltr'><strong>esse.</strong></span> <span class='ocrx_word' id='word_1_309' title='bbox 697 3507 788 3542; x_wconf 77' lang='lat' dir='ltr'><strong>manto</strong></span> <span class='ocrx_word' id='word_1_310' title='bbox 812 3494 906 3544; x_wconf 81' lang='lat' dir='ltr'><strong>Viotnta</strong></span> <span class='ocrx_word' id='word_1_311' title='bbox 925 3496 1008 3544; x_wconf 83' lang='lat' dir='ltr'><strong>coede.</strong></span> <span class='ocrx_word' id='word_1_312' title='bbox 1038 3495 1120 3546; x_wconf 84' lang='lat' dir='ltr'><strong>Nimis</strong></span> <span class='ocrx_word' id='word_1_313' title='bbox 1141 3495 1226 3546; x_wconf 84' lang='lat' dir='ltr'><strong>artifi-</strong></span> 
     </span>
     <span class='ocr_line' id='line_1_35' title="bbox 167 3569 1224 3636; baseline 0 -16"><span class='ocrx_word' id='word_1_314' title='bbox 167 3571 255 3622; x_wconf 68' lang='lat' dir='ltr'><strong>reae.</strong></span> <span class='ocrx_word' id='word_1_315' title='bbox 276 3571 373 3636; x_wconf 81' lang='lat' dir='ltr'><strong>Tacent]</strong></span> <span class='ocrx_word' id='word_1_316' title='bbox 392 3570 456 3622; x_wconf 88' lang='lat' dir='ltr'><strong>Silet</strong></span> <span class='ocrx_word' id='word_1_317' title='bbox 471 3569 661 3634; x_wconf 83' lang='lat' dir='ltr'><strong>aliquantisper</strong></span> <span class='ocrx_word' id='word_1_318' title='bbox 698 3569 770 3618; x_wconf 91' lang='lat' dir='ltr'><strong>ciose</strong></span> <span class='ocrx_word' id='word_1_319' title='bbox 788 3570 922 3618; x_wconf 80' lang='lat' dir='ltr'><strong>(tesnerus</strong></span> <span class='ocrx_word' id='word_1_320' title='bbox 940 3569 965 3618; x_wconf 96' lang='lat' dir='ltr'><strong>in</strong></span> <span class='ocrx_word' id='word_1_321' title='bbox 981 3569 1060 3619; x_wconf 85' lang='lat' dir='ltr'><strong>Thes.</strong></span> <span class='ocrx_word' id='word_1_322' title='bbox 1080 3569 1198 3620; x_wconf 81' lang='lat' dir='ltr'><strong>«Socer-</strong></span> <span class='ocrx_word' id='word_1_323' title='bbox 1210 3599 1224 3608; x_wconf 95' lang='lat'>-</span> 
     </span>
     <span class='ocr_line' id='line_1_36' title="bbox 134 3644 1224 3710; baseline 0.003 -16"><span class='ocrx_word' id='word_1_324' title='bbox 134 3647 212 3707; x_wconf 78' lang='lat' dir='ltr'><strong>poeta</strong></span> <span class='ocrx_word' id='word_1_325' title='bbox 236 3647 312 3710; x_wconf 90' lang='lat' dir='ltr'><strong>quasi</strong></span> <span class='ocrx_word' id='word_1_326' title='bbox 340 3648 522 3698; x_wconf 83' lang='lat' dir='ltr'><strong>Romanorum</strong></span> <span class='ocrx_word' id='word_1_327' title='bbox 547 3658 660 3709; x_wconf 87' lang='lat' dir='ltr'><strong>respon·</strong></span> <span class='ocrx_word' id='word_1_328' title='bbox 697 3656 776 3692; x_wconf 78' lang='lat' dir='ltr'><strong>cruor</strong></span> <span class='ocrx_word' id='word_1_329' title='bbox 793 3645 847 3702; x_wconf 87' lang='lat' dir='ltr'><strong>est,</strong></span> <span class='ocrx_word' id='word_1_330' title='bbox 871 3644 917 3706; x_wconf 89' lang='lat' dir='ltr'><strong>qui</strong></span> <span class='ocrx_word' id='word_1_331' title='bbox 934 3645 1072 3707; x_wconf 89' lang='lat' dir='ltr'><strong>tamquam</strong></span> <span class='ocrx_word' id='word_1_332' title='bbox 1089 3659 1224 3697; x_wconf 82' lang='lat' dir='ltr'><strong>venenum</strong></span> 
     </span>
     <span class='ocr_line' id='line_1_37' title="bbox 134 3715 1225 3785; baseline 0.005 -19"><span class='ocrx_word' id='word_1_333' title='bbox 134 3729 195 3768; x_wconf 83' lang='lat' dir='ltr'><strong>sum</strong></span> <span class='ocrx_word' id='word_1_334' title='bbox 217 3723 389 3783; x_wconf 56' lang='lat' dir='ltr'><strong>suspectorum</strong></span> <span class='ocrx_word' id='word_1_335' title='bbox 416 3721 489 3785; x_wconf 92' lang='lat' dir='ltr'><strong>quod</strong></span> <span class='ocrx_word' id='word_1_336' title='bbox 511 3732 574 3770; x_wconf 90' lang='lat' dir='ltr'><strong>cum</strong></span> <span class='ocrx_word' id='word_1_337' title='bbox 596 3731 660 3782; x_wconf 91' lang='lat' dir='ltr'><strong>pro·</strong></span> <span class='ocrx_word' id='word_1_338' title='bbox 699 3715 806 3780; x_wconf 82' lang='lat' dir='ltr'><strong>aliquod</strong></span> <span class='ocrx_word' id='word_1_339' title='bbox 831 3717 927 3778; x_wconf 86' lang='lat' dir='ltr'><strong>inficit,</strong></span> <span class='ocrx_word' id='word_1_340' title='bbox 958 3718 1021 3778; x_wconf 88' lang='lat' dir='ltr'><strong>urit,</strong></span> <span class='ocrx_word' id='word_1_341' title='bbox 1052 3719 1077 3768; x_wconf 96' lang='lat' dir='ltr'><strong>in</strong></span> <span class='ocrx_word' id='word_1_342' title='bbox 1106 3719 1225 3772; x_wconf 86' lang='lat' dir='ltr'><strong>iurarem</strong></span> 
     </span>
     <span class='ocr_line' id='line_1_38' title="bbox 135 3791 1222 3859; baseline 0.004 -19"><span class='ocrx_word' id='word_1_343' title='bbox 135 3792 196 3853; x_wconf 85' lang='lat' dir='ltr'><strong>pter</strong></span> <span class='ocrx_word' id='word_1_344' title='bbox 222 3794 355 3857; x_wconf 90' lang='lat' dir='ltr'><strong>pudorem</strong></span> <span class='ocrx_word' id='word_1_345' title='bbox 384 3797 578 3859; x_wconf 87' lang='lat' dir='ltr'><strong>stuporemque</strong></span> <span class='ocrx_word' id='word_1_346' title='bbox 607 3807 660 3844; x_wconf 93' lang='lat' dir='ltr'><strong>non</strong></span> <span class='ocrx_word' id='word_1_347' title='bbox 698 3791 813 3841; x_wconf 87' lang='lat' dir='ltr'><strong>concitat</strong></span> <span class='ocrx_word' id='word_1_348' title='bbox 829 3794 964 3854; x_wconf 88' lang='lat' dir='ltr'><strong>posteros,</strong></span> <span class='ocrx_word' id='word_1_349' title='bbox 983 3791 1056 3842; x_wconf 86' lang='lat' dir='ltr'><strong>velut</strong></span> <span class='ocrx_word' id='word_1_350' title='bbox 1070 3791 1222 3856; x_wconf 85' lang='lat' dir='ltr'><strong>iilatunica‚</strong></span> 
     </span>
     <span class='ocr_line' id='line_1_39' title="bbox 136 3865 1222 3933; baseline 0.005 -19"><span class='ocrx_word' id='word_1_351' title='bbox 136 3865 207 3929; x_wconf 85' lang='lat' dir='ltr'><strong>dent,</strong></span> <span class='ocrx_word' id='word_1_352' title='bbox 221 3869 247 3917; x_wconf 91' lang='lat' dir='ltr'><strong>in</strong></span> <span class='ocrx_word' id='word_1_353' title='bbox 260 3867 372 3920; x_wconf 87' lang='lat' dir='ltr'><strong>liberam</strong></span> <span class='ocrx_word' id='word_1_354' title='bbox 384 3869 591 3933; x_wconf 85' lang='lat' dir='ltr'><strong>indignationem</strong></span> <span class='ocrx_word' id='word_1_355' title='bbox 600 3882 661 3932; x_wconf 90' lang='lat' dir='ltr'><strong>pro-</strong></span> <span class='ocrx_word' id='word_1_356' title='bbox 698 3866 775 3916; x_wconf 87' lang='lat' dir='ltr'><strong>Nessi</strong></span> <span class='ocrx_word' id='word_1_357' title='bbox 803 3866 924 3916; x_wconf 86' lang='lat' dir='ltr'><strong>centauri</strong></span> <span class='ocrx_word' id='word_1_358' title='bbox 953 3867 1080 3930; x_wconf 74' lang='lat' dir='ltr'><strong>sanguine</strong></span> <span class='ocrx_word' id='word_1_359' title='bbox 1109 3868 1222 3930; x_wconf 84' lang='lat' dir='ltr'><strong>iniecta,</strong></span> 
     </span>
     <span class='ocr_line' id='line_1_40' title="bbox 135 3939 1221 4007; baseline 0.002 -19"><span class='ocrx_word' id='word_1_360' title='bbox 135 3941 247 4005; x_wconf 89' lang='lat' dir='ltr'><strong>rumpit;</strong></span> <span class='ocrx_word' id='word_1_361' title='bbox 267 3957 336 4007; x_wconf 88' lang='lat' dir='ltr'><strong>quae</strong></span> <span class='ocrx_word' id='word_1_362' title='bbox 354 3945 409 3993; x_wconf 91' lang='lat' dir='ltr'><strong>tota</strong></span> <span class='ocrx_word' id='word_1_363' title='bbox 422 3944 546 3994; x_wconf 87' lang='lat' dir='ltr'><strong>orationis</strong></span> <span class='ocrx_word' id='word_1_364' title='bbox 558 3943 661 3993; x_wconf 81' lang='lat' dir='ltr'><strong>consor·</strong></span> <span class='ocrx_word' id='word_1_365' title='bbox 698 3939 857 3999; x_wconf 69' lang='lat' dir='ltr'><strong>neronem.</strong></span> <span class='ocrx_word' id='word_1_366' title='bbox 881 3942 923 3990; x_wconf 90' lang='lat' dir='ltr'><strong>Sic</strong></span> <span class='ocrx_word' id='word_1_367' title='bbox 939 3955 1010 3991; x_wconf 82' lang='lat' dir='ltr'><strong>uoces</strong></span> <span class='ocrx_word' id='word_1_368' title='bbox 1026 3955 1115 3991; x_wconf 83' lang='lat' dir='ltr'><strong>sacrae</strong></span> <span class='ocrx_word' id='word_1_369' title='bbox 1137 3941 1221 4006; x_wconf 85' lang='lat' dir='ltr'><strong>Epod.</strong></span> 
     </span>
     <span class='ocr_line' id='line_1_41' title="bbox 136 4015 1225 4081; baseline 0.003 -18"><span class='ocrx_word' id='word_1_370' title='bbox 136 4015 216 4064; x_wconf 86' lang='lat' dir='ltr'><strong>matio</strong></span> <span class='ocrx_word' id='word_1_371' title='bbox 241 4018 297 4066; x_wconf 87' lang='lat' dir='ltr'><strong>arte</strong></span> <span class='ocrx_word' id='word_1_372' title='bbox 319 4018 424 4081; x_wconf 80' lang='lat' dir='ltr'><strong>poetica</strong></span> <span class='ocrx_word' id='word_1_373' title='bbox 449 4018 558 4067; x_wconf 88' lang='lat' dir='ltr'><strong>minime</strong></span> <span class='ocrx_word' id='word_1_374' title='bbox 576 4020 659 4067; x_wconf 89' lang='lat' dir='ltr'><strong>caret.</strong></span> <span class='ocrx_word' id='word_1_375' title='bbox 699 4016 743 4076; x_wconf 83' lang='lat' dir='ltr'><strong>ti,</strong></span> <span class='ocrx_word' id='word_1_376' title='bbox 763 4015 787 4064; x_wconf 90' lang='lat'><strong>6.</strong></span> <span class='ocrx_word' id='word_1_377' title='bbox 807 4017 869 4065; x_wconf 92' lang='lat' dir='ltr'><strong>sunt</strong></span> <span class='ocrx_word' id='word_1_378' title='bbox 886 4017 1005 4066; x_wconf 89' lang='lat' dir='ltr'><strong>carmina</strong></span> <span class='ocrx_word' id='word_1_379' title='bbox 1023 4016 1125 4078; x_wconf 82' lang='lat' dir='ltr'><strong>magica</strong></span> <span class='ocrx_word' id='word_1_380' title='bbox 1143 4029 1225 4066; x_wconf 86' lang='lat' dir='ltr'><strong>vene·</strong></span> 
     </span>
     <span class='ocr_line' id='line_1_42' title="bbox 139 4087 1221 4156; baseline 0 -18"><span class='ocrx_word' id='word_1_381' title='bbox 139 4113 165 4122; x_wconf 97' lang='lat'><em>-</em></span> <span class='ocrx_word' id='word_1_382' title='bbox 184 4087 216 4137; x_wconf 84' lang='lat' dir='ltr'><strong>V.</strong></span> <span class='ocrx_word' id='word_1_383' title='bbox 234 4090 306 4140; x_wconf 76' lang='lat' dir='ltr'><strong>ottus</strong></span> <span class='ocrx_word' id='word_1_384' title='bbox 322 4090 417 4142; x_wconf 89' lang='lat' dir='ltr'><strong>meiius</strong></span> <span class='ocrx_word' id='word_1_385' title='bbox 434 4093 612 4156; x_wconf 88' lang='lat' dir='ltr'><strong>praemittitur</strong></span> <span class='ocrx_word' id='word_1_386' title='bbox 629 4105 662 4141; x_wconf 85' lang='lat' dir='ltr'><strong>ex</strong></span> <span class='ocrx_word' id='word_1_387' title='bbox 699 4089 792 4140; x_wconf 79' lang='lat' dir='ltr'><strong>iicae.»</strong></span> <span class='ocrx_word' id='word_1_388' title='bbox 822 4117 848 4124; x_wconf 93' lang='lat'>—</span> <span class='ocrx_word' id='word_1_389' title='bbox 875 4091 914 4140; x_wconf 88' lang='lat' dir='ltr'><strong>De</strong></span> <span class='ocrx_word' id='word_1_390' title='bbox 941 4103 970 4138; x_wconf 91' lang='lat' dir='ltr'><strong>re</strong></span> <span class='ocrx_word' id='word_1_391' title='bbox 996 4091 1093 4139; x_wconf 86' lang='lat' dir='ltr'><strong>Lucan.</strong></span> <span class='ocrx_word' id='word_1_392' title='bbox 1113 4090 1145 4150; x_wconf 86' lang='lat' dir='ltr'><strong>i,</strong></span> <span class='ocrx_word' id='word_1_393' title='bbox 1173 4089 1221 4138; x_wconf 77' lang='lat'><strong>95:</strong></span> 
     </span>
     <span class='ocr_line' id='line_1_43' title="bbox 137 4163 1224 4229; baseline 0.004 -21"><span class='ocrx_word' id='word_1_394' title='bbox 137 4163 291 4214; x_wconf 86' lang='lat' dir='ltr'><strong>auctoritate</strong></span> <span class='ocrx_word' id='word_1_395' title='bbox 318 4165 382 4216; x_wconf 91' lang='lat' dir='ltr'><strong>Cod.</strong></span> <span class='ocrx_word' id='word_1_396' title='bbox 401 4167 539 4229; x_wconf 85' lang='lat' dir='ltr'><strong>antiquiss.</strong></span> <span class='ocrx_word' id='word_1_397' title='bbox 563 4167 596 4224; x_wconf 86' lang='lat' dir='ltr'><strong>B;</strong></span> <span class='ocrx_word' id='word_1_398' title='bbox 622 4167 661 4216; x_wconf 92' lang='lat' dir='ltr'><strong>sic</strong></span> <span class='ocrx_word' id='word_1_399' title='bbox 698 4165 821 4214; x_wconf 76' lang='lat' dir='ltr'><strong>Fratento</strong></span> <span class='ocrx_word' id='word_1_400' title='bbox 840 4165 919 4226; x_wconf 85' lang='lat' dir='ltr'><strong>primi</strong></span> <span class='ocrx_word' id='word_1_401' title='bbox 935 4165 1086 4214; x_wconf 80' lang='lat' dir='ltr'><strong>maduerunt</strong></span> <span class='ocrx_word' id='word_1_402' title='bbox 1102 4164 1224 4226; x_wconf 75' lang='lat' dir='ltr'><strong>sanquine</strong></span> 
     </span>
     <span class='ocr_line' id='line_1_44' title="bbox 139 4234 1000 4303; baseline 0.003 -22"><span class='ocrx_word' id='word_1_403' title='bbox 139 4234 444 4292; x_wconf 88' lang='lat' dir='ltr'><strong>minusmanetotiosum</strong></span> <span class='ocrx_word' id='word_1_404' title='bbox 454 4239 662 4303; x_wconf 87' lang='lat' dir='ltr'><strong>meliusquevim</strong></span> <span class='ocrx_word' id='word_1_405' title='bbox 698 4239 766 4289; x_wconf 82' lang='lat' dir='ltr'><strong>muri</strong></span> <span class='ocrx_word' id='word_1_406' title='bbox 783 4236 866 4302; x_wconf 80' lang='lat' dir='ltr'><strong>(urbis</strong></span> <span class='ocrx_word' id='word_1_407' title='bbox 884 4238 1000 4299; x_wconf 80' lang='lat' dir='ltr'><strong>Rornae).</strong></span> 
     </span>
    </p>
   </div>
   <div class='ocr_carea' id='block_1_5' title="bbox 225 4440 1053 4488">
    <p class='ocr_par' dir='ltr' id='par_1_8' title="bbox 225 4440 1053 4488">
     <span class='ocr_line' id='line_1_45' title="bbox 225 4440 1053 4488; baseline 0.002 -4"><span class='ocrx_word' id='word_1_408' title='bbox 225 4440 388 4486; x_wconf 54' lang='lat' dir='ltr'><strong>Honnrrvon.</strong></span> <span class='ocrx_word' id='word_1_409' title='bbox 406 4441 422 4488; x_wconf 94' lang='grc' dir='ltr'><strong>Ι,</strong></span> <span class='ocrx_word' id='word_1_410' title='bbox 457 4453 496 4486; x_wconf 81' lang='lat' dir='ltr'><strong>nn.</strong></span> <span class='ocrx_word' id='word_1_411' title='bbox 515 4453 591 4487; x_wconf 83' lang='lat' dir='ltr'><strong>unron</strong></span> <span class='ocrx_word' id='word_1_412' title='bbox 607 4442 641 4487; x_wconf 91' lang='grc' dir='ltr'>ΙΙΙ,</span> <span class='ocrx_word' id='word_1_413' title='bbox 1026 4441 1053 4486; x_wconf 80' lang='lat' dir='ltr'><strong>tt</strong></span> 
     </span>
    </p>
   </div>
   <div class='ocr_carea' id='block_1_6' title="bbox 0 0 1547 4978">
    <p class='ocr_par' dir='ltr' id='par_1_9' title="bbox 0 0 1547 4978">
     <span class='ocr_line' id='line_1_46' title="bbox 0 0 1547 4978; baseline 0 0"><span class='ocrx_word' id='word_1_414' title='bbox 0 0 1547 4978; x_wconf 95' lang='lat' dir='ltr'><strong> </strong></span> 
     </span>
    </p>
   </div>
  </div>
 </body>
</html>
