2992 4978
511 471 570 520 ilia.
588 471 630 521 lll.
668 471 697 522 C.
717 471 758 522 Ill.

242 628 343 708 Quid,
368 628 395 694 si
418 629 525 714 prisca
548 627 631 694 redit
653 629 759 693 Venus

281 750 503 838 Diductosque
526 749 601 837 ingo
626 750 712 836 cogit
734 757 855 824 aeneo,

241 873 273 938 Si
295 871 378 938 flava
400 871 558 937 excutitur
581 869 680 938 Chlo'e

281 994 498 1082 Reieotaeque
521 1003 609 1079 patet
630 992 726 1058 ianua
747 992 893 1082 Lydiae?

240 1154 443 1240 Quamquam
464 1151 572 1218 sidere
594 1149 759 1238 pulchrior

281 1274 335 1341 llle
358 1283 422 1350 est,
446 1283 480 1339 tu
503 1271 605 1339 levior
627 1273 747 1339 cortice
770 1283 803 1340 et
825 1273 972 1361 improbo

243 1394 430 1463 lracundior
451 1395 587 1472 Hadria,

279 1521 398 1584 Tecum
419 1517 529 1584 vivere
553 1538 673 1594 amem,
698 1527 804 1584 tecum
826 1517 943 1584 obeam
965 1516 1079 1583 libens.

181 1671 218 1721 ⁴8.
235 1671 408 1731 Deductorque
423 1670 452 1719 B.
473 1669 569 1732 (Ceteri
591 1669 644 1720 mei
665 1669 845 1731 Dtdactosqae,
871 1670 950 1718 eliam
968 1669 1005 1732 d.)
1026 1696 1052 1706 -
1070 1669 1110 1719 49.
1123 1683 1167 1720 aa·

150 1745 253 1794 elacior
269 1743 386 1795 oberlini
402 1745 431 1794 B.
453 1770 481 1780 -
499 1745 539 1793 20.
558 1745 722 1806 Deiectaeqae
738 1743 764 1793 d.
786 1770 814 1780 -
833 1745 873 1794 at.
894 1745 1046 1806 onerarias
1064 1747 1091 1795 et
1105 1747 1167 1796 Pot-

150 1819 212 1868 tierii
229 1832 284 1870 sex.
305 1819 422 1882 (binos,
440 1817 539 1880 Rde.)
560 1846 587 1855 -
606 1819 647 1869 23.
666 1819 747 1870 Adria
763 1818 794 1880 d,
814 1819 843 1870 C.

120 1950 343 2012 maeandra-rm
362 1947 637 1998 sedneecuterenon
674 1946 762 2018 καλῷ.
789 1951 859 2014 Virg.
879 1953 944 2001 Aen.
963 1952 990 2012 8,
1010 1951 1066 2002 589.
1086 1951 1120 2002 de
1140 1949 1200 2002 Pal-

122 2021 207 2072 addlto
223 2022 639 2074 v.«dom0»ve1«0stt0»boc
675 2022 760 2074 laute:
793 2025 880 2087 (taulis
902 2025 945 2074 abi
970 2026 1062 2075 Oceani
1082 2025 1200 2089 pertitam

118 2097 260 2159 siguificare
278 2111 332 2148 non
350 2100 451 2163 potest,
470 2098 519 2148 nisi
536 2097 604 2148 lortc
621 2111 636 2147 e
674 2099 774 2162 Lucifer
789 2101 860 2148 anda
938 2100 1037 2150 aarum
1048 2113 1075 2149 os
1085 2113 1195 2150 sacnrm.

118 2183 191 2223 remu
208 2185 265 2238 seq.
280 2171 406 2237 suppleas
425 2173 542 2223 alannae
707 2173 747 2221 22.
766 2172 807 2222 23.
835 2173 912 2222 levior
931 2173 1030 2237 cortice]
1056 2173 1196 2224 «subere».

145 2284 183 2333 2⁰·
210 2284 378 2348 mmm]
403 2285 444 2334 «Si
463 2285 500 2346 Ly
501 2285 558 2334 dm
575 2283 582 2346 ί
587 2283 637 2332 (18-
674 2245 809 2368 iil’rouerbii
834 2247 953 2310 speciem
974 2247 1069 2307 babet,
1096 2251 1126 2298 ut
1142 2248 1198 2297 iere

119 2357 186 2418 tiu),
213 2373 296 2422 wem
321 2372 371 2422 per
397 2357 504 2421 aliquod
530 2359 636 2421 tempus

116 2432 198 2494 reieci,
227 2432 330 2483 exclusi
359 2432 439 2483 domo
468 2445 529 2482 mea
554 2433 635 2494 atque

117 2508 267 2569 aspernatus
280 2519 355 2568 sum,
367 2519 462 2556 rursus
472 2508 546 2570 patet
557 2507 636 2555 ianua

116 2592 195 2630 mean
224 2582 357 2632 Nimirum
374 2580 504 2631 eiusmodi
525 2579 636 2651 ἑταῖραι

115 2653 145 2702 ab
161 2655 325 2706 amatoribus
343 2654 521 2705 invitabantur
538 2656 564 2704 in
585 2655 635 2706 do-

115 2739 169 2779 mos
179 2742 211 2779 ac
222 2729 313 2790 villas,
332 2729 380 2778 Od.
394 2731 419 2790 i,
434 2731 473 2790 ll,
486 2731 539 2788 bl.;
553 2731 634 2780 etiarn

114 2801 176 2854 ultro
204 2819 249 2858 eas
280 2805 416 2855 interdum
441 2804 475 2854 ad
501 2809 634 2856 amatores

114 2879 212 2930 venisse
234 2881 343 2932 cuinam
364 2877 540 2943 improbabile
557 2880 634 2930 vide-

113 2949 194 3002 bitur‘l
211 2953 260 3006 Alii
277 2955 367 3005 minus
379 2957 453 3004 recte
467 2957 632 3005 construunt:

114 3027 146 3075 «ai
166 3029 245 3078 iartua
267 3029 364 3090 Lydiae
385 3029 492 3078 reiectae
514 3029 632 3091 (genitiv.

692 2318 737 2369 na
755 2321 809 2370 cro.
829 2321 863 2370 aa
880 2324 931 2372 lta.
951 2322 980 2382 a,
1000 2303 1043 2383 rt,
1062 2323 1091 2372 a:
1113 2335 1200 2372 corna

673 2395 707 2444 tet
725 2397 806 2458 -ipsi
827 2397 917 2458 planta
941 2403 986 2447 aat
1012 2397 1073 2460 sotio
1099 2399 1200 2461 facilius

672 2475 810 2520 mwcniur.
836 2499 863 2508 -
882 2471 1003 2536 improbo]
1021 2472 1117 2522 lobcad.
1144 2474 1199 2523 Im-

672 2545 789 2609 probum
811 2545 882 2609 apud
907 2549 1000 2611 poetas
1024 2561 1103 2598 omne
1125 2546 1199 2610 quod

673 2619 784 2670 modum
801 2619 915 2671 excedit.
934 2623 1004 2685 Virg.
1024 2623 1070 2671 Ge.
1090 2622 1102 2670 l
1113 2660 1118 2683 ,
1139 2620 1196 2672 tio:

672 2691 744 2744 labor
754 2720 785 2732 -·
795 2695 932 2756 improbas.
945 2695 1012 2746 lbid.
1025 2695 1073 2746 388
1083 2709 1088 2743 :
1107 2697 1199 2745 comia

671 2769 832 2831 --improlla
845 2773 910 2819 Aen.
923 2771 948 2819 ll
961 2808 966 2830 ,
981 2770 1041 2819 767:
1055 2771 1137 2832 pratil
1147 2771 1198 2819 im-

667 2844 763 2905 probas
786 2845 898 2904 basim,
927 2844 1026 2893 rastlos.
1056 2844 1100 2904 la,
1129 2844 1195 2893 687:

671 2919 763 2968 Fertur
794 2919 821 2967 in
850 2918 985 2980 atropium
1010 2931 1104 2981 maana
1127 2931 1199 2969 mons

670 2991 798 3054 improbas
825 2998 898 3053 acta,
929 3004 1026 3054 magno
1049 2993 1197 3043 concitatus

670 3069 781 3131 impetu.
817 3066 890 3116 Ovid.
916 3067 992 3116 Trist.
1018 3067 1045 3126 l,
1074 3067 1118 3128 ll,
1147 3065 1194 3116 it:

669 3140 788 3202 improba
797 3167 812 3178 -
823 3141 911 3200 hierna,
924 3140 950 3189 id
963 3141 1018 3199 est,
1033 3140 1197 3192 «vehemen-

671 3216 772 3266 tissima
790 3214 933 3280 procella.»
956 3212 1066 3266 blartial.
1086 3215 1114 3275 4,
1134 3215 1195 3278 405,

671 3292 699 3340 2:
721 3290 851 3352 improbae
871 3291 961 3353 tipres,
978 3287 1051 3339 lerae
1071 3302 1104 3339 ac
1122 3289 1197 3339 rabi-

671 3365 731 3414 dae.
750 3365 781 3414 H.
791 3363 809 3413 l.
824 3365 935 3414 «nimios
952 3363 1049 3414 ductus
1061 3361 1195 3424 volvente,

114 3114 141 3150 «a
152 3116 194 3154 me
207 3103 371 3168 neglectae»)
385 3107 456 3164 patet
472 3103 562 3152 mibi.»
581 3103 634 3152 Sed

113 3176 171 3238 quid
195 3179 253 3243 ipse
279 3177 398 3228 lecturus
421 3178 456 3227 sit
476 3176 511 3227 ad
533 3177 633 3240 Lydiae

112 3252 217 3311 matiam
238 3251 468 3316 recuperandam,
496 3250 633 3314 neuquid

112 3323 143 3373 ab
160 3339 190 3376 ea
206 3325 338 3392 postulet,
356 3326 398 3376 bis
414 3339 458 3376 vv.
473 3326 588 3390 exponit.

139 3437 178 3487 il.
202 3437 373 3502 Qaoertmmm]
391 3438 510 3500 mevis
526 3439 634 3502 praeter
671 3453 703 3489 ac
731 3437 856 3488 turbido»
885 3441 916 3488 nl
940 3438 988 3488 od.
1016 3439 1044 3498 l,
1072 3437 1118 3497 33,
1153 3435 1193 3488 ll:

112 3523 197 3562 meum
222 3515 249 3563 S.
274 3513 356 3563 etiam
382 3512 498 3561 Pottlerii
519 3512 543 3561 b.
563 3511 588 3562 l.
606 3514 631 3563 ὅ.
670 3513 805 3574 liprtete-
816 3514 886 3577 freta
903 3513 990 3562 acrior
1005 3512 1125 3561 Hadriae.
1145 3510 1194 3562 cd.

110 3583 132 3634 6.
149 3585 172 3636 8.
192 3588 244 3649 ln,
270 3586 298 3637 id
321 3584 395 3650 quod
415 3584 512 3650 probat
528 3585 634 3636 bliblrer
671 3588 699 3648 3,
718 3588 763 3649 27,
783 3587 823 3637 49.
844 3614 871 3624 -
891 3586 1049 3650 iracundior]
1067 3587 1149 3636 Poeta
1160 3585 1195 3636 de

110 3671 165 3722 pag.
183 3661 242 3713 ile.
264 3689 293 3699 ·-
309 3663 389 3712 tiam
401 3661 540 3724 prrtcbrior]
558 3659 631 3712 iliad.
670 3676 700 3714 se
717 3663 783 3726 Epp.
804 3664 831 3723 t,
849 3662 898 3724 20,
916 3663 963 3712 aa:
985 3661 1065 3711 irasci
1082 3661 1194 3722 celeras,

109 3734 130 3793 ζ,
148 3733 208 3785 itt:
232 3738 368 3799 Astyanax
386 3729 516 3802 ἀλίγκιος
533 3729 633 3807 ἀστέρι
670 3741 754 3788 mmor
769 3743 799 3788 at
810 3737 944 3802 placabilis
959 3751 1043 3789 ossam
