3080 4980
719 449 846 500 HOlihl'll
865 447 1033 500 CthllNUhl

455 553 521 672 ¹hut
545 605 693 693 Epheson
717 604 891 670 bimarisve
916 601 1056 668 Corinthi

375 729 499 794 lloenia
521 727 573 793 vel
594 726 722 793 Baccho
745 724 870 792 Thebas
891 723 942 789 val
964 721 1109 810 Apolline
1131 721 1273 809 Delphos

465 849 609 935 insignes
632 857 687 912 aut
709 845 862 913 Thessala
889 846 1017 932 Tempe.

375 1009 462 1084 Sunt,
486 1007 605 1094 quibus
627 1026 727 1071 unum
749 1025 831 1091 opus
847 1011 914 1080 est,
946 1003 1082 1068 intactae
1097 999 1235 1068 Palladis
1251 997 1366 1067 urbem
1401 1003 1421 1064 5

457 1127 605 1195 Carmine
627 1136 786 1213 perpetuo
809 1122 978 1191 celebrare
1001 1132 1034 1189 et

395 1307 419 1356 i.
438 1306 561 1368 Ephesum
578 1304 664 1364 bSTc,
684 1303 754 1353 LCtF
773 1305 799 1352 et
815 1300 899 1352 Bentl.
919 1300 1041 1366 (Epheson
1053 1299 1109 1351 Cld
1120 1301 1285 1357 Bersmanni,
1301 1300 1385 1363 Lipss.

363 1381 435 1442 dno.)
458 1408 484 1416 —
505 1381 528 1430 5.
547 1379 642 1442 urbere]
662 1391 746 1426 arcem
763 1377 819 1427 Cld
836 1378 950 1437 Bersm.,
969 1388 1040 1425 arces
1057 1375 1172 1425 Pottierii
1189 1375 1204 1426 l
1223 1377 1250 1424 et
1262 1375 1301 1433 li,
1321 1375 1387 1425 item

362 1467 424 1505 cum
441 1455 457 1503 k
475 1456 501 1504 et
519 1453 659 1503 «Lambini
677 1451 776 1515 aliquot
783 1467 794 1494 n
813 1451 896 1502 Bentl.
910 1478 937 1485 -
951 1450 973 1498 6.
993 1448 1130 1508 celebrare,
1148 1450 1256 1510 Indeque
1266 1449 1386 1498 Bouhier

367 1529 461 1592 (4745),
481 1541 628 1591 rursusque
646 1525 809 1577 Schraderus
829 1525 918 1590 (4776).
938 1525 1046 1588 Recepit
1063 1523 1249 1576 liitscherlich.

361 1689 386 1736 i.
405 1688 525 1751 Epheson]
545 1700 613 1750 quae
632 1688 694 1736 item
708 1683 854 1748 magnificis
892 1683 931 1732 rio
949 1695 1053 1745 campo,
1073 1682 1235 1742 Marathone,
1256 1684 1307 1731 cet.
1321 1681 1421 1732 decer-

329 1760 453 1812 laudihus
471 1760 601 1810 celebrari
618 1761 730 1822 poterat.
766 1758 852 1820 Antip.
891 1759 937 1820 pta
954 1759 1035 1821 caput
1050 1756 1209 1814 redimire1›;
1228 1757 1253 1818 2)
1271 1757 1328 1806 sine
1351 1758 1421 1807 ima-

329 1835 381 1884 sni.
401 1837 430 1884 Α.
452 1833 504 1883 Pal.
523 1836 553 1884 li.
574 1847 599 1896 p.
617 1834 679 1882 266:
703 1829 782 1880 θοῶν
799 1828 855 1889 βα-
892 1833 965 1894 gine:
987 1845 1039 1880 nex
1057 1829 1167 1894 singulis
1180 1830 1274 1880 initulis
1286 1833 1368 1894 atque
1382 1833 1422 1881 hi-

329 1907 438 1958 σίλειαν
454 1902 556 1956 Ἰώνων
573 1901 626 1956 τὰν
643 1904 705 1976 δορὶ
716 1906 766 1955 καὶ
775 1900 854 1955 liloni-
891 1907 978 1956 storiis
989 1907 1088 1964 Atticis,
1108 1919 1176 1970 quae
1189 1907 1323 1970 poeticum
1336 1921 1420 1958 orna-

329 1998 395 2043 σαις
412 1977 571 2031 αῐποτάταν
580 1975 722 2042 Ἔφεσον.
737 2007 763 2015 -
776 1980 855 2028 time
892 1982 949 2031 tnm
971 1981 1117 2045 recipiunt,
1141 1983 1202 2044 apte
1225 1983 1344 2030 tractatis
1361 1981 1421 2043 glo-

328 2058 373 2120 ris]
400 2053 595 2116 θιθαλάσσοο,
620 2056 688 2104 inter
705 2068 779 2104 mare
800 2055 854 2104 he·
892 2057 958 2106 riam
976 2055 1025 2105 sihi
1037 2068 1159 2118 parare.»
1175 2069 1293 2104 -nnnm
1305 2057 1378 2119 opus]
1394 2058 1421 2106 in

330 2145 427 2194 gaeum
445 2130 672 2181 etloniumsitae.
710 2130 751 2178 Sic
763 2129 851 2191 Eurip.
891 2143 931 2192 pr.
951 2142 989 2178 or.
1015 2129 1208 2192 «praecipuum
1226 2129 1372 2180 studium.»
1390 2160 1419 2169 -

328 2205 423 2256 Troad.
442 2219 468 2255 v.
489 2206 565 2255 loti:
585 2203 703 2274 δίπορον
721 2197 853 2273 κορυφὰν
890 2204 1006 2267 intactae]
1026 2199 1158 2262 ἀθίκτου,
1175 2203 1341 2272 παρθενίου,
1355 2208 1419 2256 itate·

320 2273 462 2344 Ἴσθμιον.
483 2279 556 2329 Ouid.
577 2279 638 2330 Her.
659 2279 699 2338 ii,
713 2279 754 2327 27.
767 2278 853 2339 liphn-
890 2278 1006 2342 prneOd.
1018 2279 1073 2340 3,4,
1083 2279 1122 2328 io.
1135 2279 1301 2338 Quodcodd.
1316 2279 1422 2344 aliquot

327 2369 374 2404 ren
391 2355 512 2404 becaren
529 2355 614 2402 vocat.
643 2353 765 2403 Graeciae
782 2353 854 2402 βοονε
891 2351 991 2402 habent
1012 2367 1109 2414 arcein,
1133 2352 1175 2402 alii
1197 2367 1269 2402 arces
1287 2355 1324 2417 (ut
1340 2354 1418 2404 ovid.

328 2427 443 2494 appellat
470 2429 626 2478 Corinthum
652 2427 742 2478 Florus
764 2427 789 2486 Ξ,
811 2427 851 2475 la.
890 2427 1222 2488 hlet.7,39il:1²dlladlaa
1239 2427 1329 2492 arces),
1354 2429 1420 2478 inde

328 2505 408 2565 atque
431 2501 627 2564 elegantissime
650 2503 698 2552 Dio
721 2500 782 2550 Chr.
810 2500 851 2549 37.
891 2502 980 2550 ortum
997 2500 1109 2562 videtur,
1129 2501 1201 2566 quod
1218 2515 1273 2552 seo.
1292 2504 1334 2553 IX.
1347 2504 1419 2554 etX.

327 2591 355 2641 p.
370 2577 430 2626 522:
451 2571 502 2626 τὸν
519 2577 675 2646 περίπατον
686 2568 739 2639 τῆς
747 2567 853 2623 Ἐλλά-
891 2577 998 2625 ineunte
1021 2573 1107 2626 littera
1128 2591 1146 2625 ο
1167 2579 1259 2640 aperta
1277 2576 1421 2628 scribeba-

327 2647 386 2712 θος.
405 2651 532 2700 Restituta
544 2651 597 2700 iam
610 2649 779 2699 eratColonia
787 2650 854 2697 Lana
892 2651 948 2710 tur,
968 2650 1002 2698 ita
1020 2650 1050 2699 ut
1066 2649 1153 2699 arbem
1170 2653 1197 2699 et
1213 2651 1298 2700 arbem
1315 2651 1362 2713 nix¹
1375 2651 1420 2701 di-

327 2726 394 2776 lulia
416 2725 548 2774 Corinthus
564 2738 579 2774 a
598 2726 626 2774 C.
646 2721 709 2774 lulio
727 2725 851 2772 Caesare.
891 2724 1016 2785 elinguas.
1044 2724 1111 2773 Hinc
1129 2723 1210 2775 facilis
1228 2724 1275 2775 luit
1286 2727 1420 2777 correctio

362 2797 386 2848 l.
406 2799 515 2863 Τέμπη,
528 2797 603 2848 uallis
615 2799 804 2848 amoenissima
817 2798 855 2846 in·
890 2811 983 2858 arcun,
1002 2811 1084 2861 quam
1101 2799 1218 2862 pmeierl
1234 2799 1370 2850 Markland
1382 2803 1419 2853 ad

327 2877 369 2923 ter
385 2873 480 2923 Ossam
498 2875 525 2922 et
540 2871 692 2936 Olympum,
712 2884 793 2935 quam
806 2873 855 2920 Pe·
891 2874 954 2923 Stat.
973 2871 1033 2922 Silv.
1054 2873 1078 2934 l,
1096 2871 1121 2933 l,
1141 2874 1180 2923 al.
1211 2874 1264 2923 Sed
1280 2873 1358 2924 lectio
1369 2890 1420 2924 nr-

328 2961 395 2998 neus
413 2947 528 3010 perlinit.
565 2947 653 3010 Eurip.
675 2946 769 2995 Troad.
789 2945 851 2995 ali:
890 2947 952 3008 ban,
971 2959 1041 3010 quae
1066 2946 1177 3012 simplici
1195 2948 1273 2999 huius
1291 2951 1420 3002 carminis

326 3017 380 3071 τὰν
391 3015 516 3087 Πηνειοῦ
529 3017 639 3087 σεμνὰν
653 3017 764 3090 χώραν,
782 3035 853 3088 κρη-
891 3023 963 3071 initio
981 3021 1076 3072 melius
1095 3023 1226 3084 convenit,
1245 3025 1309 3074 satis
1326 3023 1419 3074 firma-

328 3095 383 3148 nid'
403 3091 561 3162 Οὐλύμπου
579 3095 750 3156 καλλίσταν,
774 3088 852 3160 ὄλβῳ
890 3096 1056 3146 turaCodd.
1072 3097 1152 3146 etiam
1164 3099 1241 3148 meis.
1265 3125 1292 3134 -
1312 3099 1417 3149 Haese-

327 3171 439 3243 βρίθειν
456 3168 559 3238 φάμαν
577 3165 680 3237 ἤκοοσ’
696 3165 816 3221 εὐθαλεῖ
829 3169 851 3218 τ’
891 3173 952 3220 runt
961 3170 1036 3221 multi
1047 3171 1073 3220 in
1081 3184 1107 3220 v.
1113 3185 1277 3234 praeponere.
1292 3173 1417 3224 Attamen

328 3243 491 3318 εὐκαρπείᾳ.
519 3249 659 3311 Eleganter
676 3260 737 3298 eam
754 3245 854 3296 descri-
890 3246 995 3316 κυρίως
1020 3245 1120 3296 dictum
1147 3249 1200 3304 est,
1229 3260 1291 3298 cum
1317 3259 1417 3298 corona

324 3323 366 3372 bit
383 3322 507 3373 Aelianus
528 3323 558 3371 V.
582 3324 613 3372 ll.
633 3323 656 3381 3,
679 3323 701 3369 4.
891 3333 1000 3383 semper
1016 3321 1050 3369 sit
1063 3333 1129 3381 prae
1144 3320 1234 3383 [rante.
1264 3325 1303 3371 Ac
1323 3320 1418 3372 simili-

360 3398 433 3446 5-7.
454 3397 543 3456 «Sunt,
563 3396 656 3458 inquit,
677 3395 721 3459 qui
738 3395 854 3444 condant
892 3397 932 3442 tar
949 3392 1069 3444 Valerius
1087 3393 1195 3445 Flaccus
1212 3395 1237 3456 3,
1256 3395 1316 3446 ias:
1339 3397 1418 3459 plna-

329 3473 363 3522 de
372 3471 536 3521 Athenarum
544 3468 668 3520 laudibus
678 3483 788 3520 cannen
793 3483 855 3531 per-
890 3481 982 3528 casque
999 3469 1075 3516 comis
1088 3474 1238 3530 praetensae
1253 3470 1353 3532 frondes
1364 3472 1418 3520 his-

325 3551 443 3610 panum,
466 3545 585 3610 aprima
607 3543 681 3594 urbis
701 3543 802 3606 origine
820 3543 854 3592 ad
887 3547 970 3604 perat.
1006 3543 1107 3592 Seneca
1125 3542 1193 3594 nied.
1216 3544 1261 3593 70:
1295 3545 1418 3594 Praeclri-

329 3634 377 3672 sua
395 3621 516 3682 tempora
533 3617 678 3668 deductum
698 3621 725 3667 et
740 3613 855 3683 μύθους
890 3630 949 3680 pere
975 3631 1046 3667 roseo
1074 3622 1188 3680 tempora
1210 3619 1318 3668 alnedo.
1361 3619 1415 3670 Cir.

329 3695 429 3746 Atticos
446 3707 499 3743 non
517 3693 574 3743 sine
593 3695 648 3742 arte
666 3693 735 3742 inter
747 3705 776 3742 se
789 3705 855 3742 con·
892 3692 971 3742 etiam
983 3693 1088 3742 Lucret.
1108 3693 1132 3755 l,
1151 3693 1208 3742 520.
1236 3693 1303 3743 Vide
1315 3693 1417 3744 Excur-

330 3771 467 3829 nectenspt
478 3769 515 3817 uti
530 3773 677 3829 perpetuam
694 3781 797 3817 cannen
814 3769 855 3818 est
891 3779 952 3817 sum
969 3765 1003 3815 ad
1021 3766 1047 3815 h.
1066 3764 1083 3816 l.

331 3842 413 3894 Ovidii
431 3842 680 3905 iletaniorphoseou
698 3853 765 3904 opus
779 3841 852 3903 (hi).
924 3839 948 3888 8.
977 3838 1103 3890 «Plurimi
1123 3839 1228 3902 (multi),
1252 3839 1317 3890 dum
1334 3842 1417 3890 luno-

331 3916 471 3967 Librornm
500 3917 591 3966 autem
619 3913 697 3965 lectio
725 3915 854 3977 significat
891 3927 954 3965 nem
975 3915 1108 3964 honorare
1129 3913 1233 3974 volunt,
1260 3913 1418 3978 praedicant

330 3992 352 4052 4)
371 3992 476 4041 servata
495 3991 621 4052 imagine:
646 4002 763 4038 «corona
781 3987 854 4039 olea·
891 3993 974 4052 Argos
992 3988 1103 4050 ἵππιον,
1131 3984 1291 4049 ἱππόβοτον
1315 3985 1416 4058 (Ἥρας

329 4065 398 4128 gina,
417 4077 450 4113 ex
467 4063 579 4114 Palladis
596 4063 674 4126 igitur
691 4062 787 4114 arbore
805 4077 855 4113 ue·
891 4061 974 4129 δῶμα
990 4063 1148 4134 θεοπρεπίς
1164 4063 1238 4114 Pind.
1251 4065 1327 4119 Nem.
1341 4063 1366 4122 9,
1380 4063 1415 4126 3.)

331 4153 376 4198 na,
399 4138 530 4202 undique,
555 4131 624 4188 ὅθεν
645 4132 681 4201 δή
707 4150 794 4198 ποτε,
822 4151 853 4188 er
891 4141 971 4203 atque
984 4140 1109 4201 Mycenas
1127 4134 1329 4208 πολυχρύσους
1339 4136 1413 4189 lliad.

331 4213 456 4264 omnibus
488 4213 589 4264 Atticae
623 4211 705 4273 locis,
744 4212 853 4263 Athenis
891 4230 920 4278 η,
944 4213 1000 4263 480.
1019 4211 1141 4278 Sophocl.
1162 4211 1258 4264 Electr.
1277 4213 1319 4262 9.»
1353 4214 1416 4275 Argi

332 4290 408 4352 ipsis,
435 4286 571 4348 Eleusine,
594 4286 775 4348 Rhamnunte,
803 4289 854 4338 Ra·
891 4285 1416 4352 autemillumhonoremoptimosequos
