3012 4978
651 972 879 1081 thomiri
896 970 1053 1069 liniti

449 1229 790 1514 amiur
826 1229 1322 1412 simma..

731 1597 990 1619 ma

624 1831 1094 1893 rnohiieuiiliim.

380 2041 419 2090 Do
441 2039 542 2103 origine
564 2039 688 2090 ludorum
708 2037 869 2090 secularium
886 2040 913 2089 et
930 2036 964 2088 de
981 2038 1046 2099 ritu,
1076 2049 1130 2101 quo
1147 2037 1174 2088 in
1191 2038 1294 2102 Campo
1311 2038 1400 2090 Martio

316 2121 538 2186 celebrabantur,
567 2122 628 2174 vide
653 2121 727 2174 locos
755 2123 980 2174 commentatoris
1006 2121 1151 2184 cruquiani
1174 2123 1202 2171 et
1223 2121 1322 2172 zosimi
1342 2122 1400 2172 huic

316 2207 427 2257 carmini
444 2207 620 2271 praemissos,
640 2205 734 2257 collato
751 2206 882 2271 imprimis
900 2205 1046 2256 Censorino
1064 2205 1093 2256 C.
1114 2205 1153 2255 ll.
1168 2205 1346 2268 —Augustus
1358 2217 1399 2256 eos

314 2288 462 2340 celebravit
477 2304 501 2340 a.
520 2304 547 2340 u.
566 2303 589 2340 c.
609 2287 1064 2354 737.,cump1imumdecennium‚
1082 2288 1109 2338 iu
1120 2287 1193 2351 quod
1204 2288 1400 2352 prorogandum

314 2372 365 2423 sihi
387 2386 403 2423 a
425 2376 519 2423 senatu
537 2375 678 2438 imperium
696 2375 837 2425 curaverat
853 2385 878 2423 a.
896 2385 923 2422 u.
944 2385 967 2422 c.
986 2371 1044 2422 iai.
1075 2372 1137 2434 [quo
1159 2384 1229 2422 auno
1254 2373 1336 2424 etiam
1353 2377 1400 2423 Au-

313 2457 406 2519 gustus
423 2455 569 2520 appellatus
587 2457 654 2520 est),
673 2458 860 2522 praeterisset;
879 2469 932 2520 que
949 2455 1090 2506 occasione
1107 2453 1195 2505 oblate
1212 2457 1312 2520 partim
1329 2469 1401 2521 prae·

313 2538 416 2590 clerum
445 2537 574 2590 felicitatis
600 2541 704 2604 imperii
732 2541 843 2591 Romani
866 2553 895 2590 ss
918 2540 1038 2604 principe
1060 2541 1265 2590 monumentum
1288 2541 1399 2604 posteris

312 2636 478 2688 proponere,
497 2625 594 2688 partim
611 2627 736 2678 Romanis
747 2625 836 2690 legem
847 2639 924 2678 suam
936 2626 970 2677 de
982 2624 1138 2677 maritandis
1150 2625 1290 2677 ordinibus
1303 2627 1399 2696 sensim

312 2707 503 2758 commendare
521 2709 621 2758 statuit.
651 2709 720 2761 Finis
737 2710 817 2773 igilur
832 2710 911 2760 huius
928 2710 1106 2760 caerimoniae
1123 2711 1232 2760 omnino
1250 2714 1311 2760 erat
1327 2707 1390 2760 uolt

310 2787 476 2855 τικώτατος.
507 2793 652 2858 Compacto
670 2795 760 2845 autem
778 2805 838 2844 rem
854 2807 916 2844 cum
935 2792 1155 2854 Quindecimvin's
1172 2793 1256 2844 sacris
1272 2793 1398 2846 lactandis

312 2877 347 2926 ita
366 2878 451 2940 egisse
468 2876 587 2936 videtur,
616 2879 645 2928 ul
660 2878 688 2928 bi
705 2890 754 2942 pro
772 2878 829 2927 eius
847 2875 980 2927 voluntate
999 2877 1065 2928 dicis
1082 2889 1163 2928 cansa
1180 2877 1311 2928 consultis
1328 2876 1396 2928 libris

311 2957 444 3023 Sibyllinis
462 2962 490 3010 et
506 2961 660 3024 compositis
677 2960 789 3011 tortasse
806 2959 855 3011 illis
873 2961 936 3024 ipsis
954 2959 1077 3011 versibus
1094 2959 1242 3024 Sibyllinis,
1261 2973 1332 3024 quos
1349 2973 1398 3012 ser

310 3045 408 3094 verimi
432 3041 551 3107 Phlegon
573 3043 718 3095 Trallianus
739 3045 773 3094 et·
786 3044 919 3104 Zosimus,
948 3045 1164 3108 pronuntiarent,
1192 3043 1303 3096 ultimos
1326 3043 1398 3095 ludos

311 3126 448 3179 seculares
466 3127 615 3180 celebratos
633 3141 694 3179 csse
712 3140 774 3178 au.
786 3141 809 3178 c.
820 3128 889 3189 aaa,
909 3140 963 3191 quo
981 3127 1092 3178 tortasse
1104 3125 1238 3191 piaculum
1250 3131 1278 3179 et
1288 3126 1397 3180 lustrum

310 3210 419 3275 aliquod
435 3209 564 3262 sollemne
582 3210 672 3276 populi
689 3211 799 3263 Romani
816 3209 916 3261 lectum
933 3213 999 3273 erat,
1019 3224 1082 3261 cum
1099 3225 1129 3261 re
1145 3225 1209 3262 vera
1220 3213 1345 3276 proxima
1355 3224 1397 3262 su-

311 3297 434 3360 periores
450 3295 514 3346 edili
531 3297 623 3347 essent
639 3309 663 3346 a.
682 3307 708 3345 u.
728 3308 752 3344 c.
772 3295 829 3344 605.
848 3292 891 3344 vel
908 3294 976 3356 ⁶08„
1006 3294 1182 3358 sequentibus
1200 3295 1233 3358 (a.
1252 3309 1280 3346 u.
1300 3310 1325 3348 c.
1344 3295 1395 3346 lit.

310 3378 354 3430 vel
370 3379 438 3442 708.)
455 3391 506 3442 per
521 3377 655 3430 bellorum
672 3376 788 3428 civilium
799 3376 892 3428 turbas
904 3377 1074 3438 intermissis;
1095 3376 1217 3428 seculum
1229 3381 1323 3430 autern
1334 3377 1395 3429 iniri

312 3464 388 3514 anub
406 3463 474 3525 cx..
504 3476 557 3528 que
574 3464 601 3514 in
618 3475 648 3513 re
665 3463 804 3512 Etruscam
822 3460 971 3512 doctrinam
988 3461 1075 3512 secuti
1092 3473 1153 3512 essa
1170 3461 1312 3524 videntur,
1340 3473 1395 3512 cura

311 3547 478 3598 cousuetudo
506 3546 585 3598 latine
606 3559 633 3596 v.
656 3545 766 3596 samba»
787 3557 837 3610 pro
859 3545 980 3596 centenis
1003 3545 1080 3595 aunis
1100 3546 1253 3609 usurparet.
1289 3547 1396 3597 omnino

311 3631 403 3679 autem
429 3630 577 3681 tenendum
599 3627 676 3680 ludos
699 3627 835 3680 seculares
857 3626 892 3678 ab
915 3629 1033 3692 humato
1054 3629 1187 3680 institutos
1206 3618 1298 3694 potius
1321 3639 1395 3693 quam

310 3713 471 3763 instauratos
494 3715 574 3778 atque
599 3727 616 3764 a
637 3711 812 3778 sequentibus
829 3710 1039 3776 imperatoribus
1057 3710 1208 3763 celebratos
1225 3715 1254 3762 et
1269 3711 1358 3763 forma
1373 3715 1396 3762 el

310 3795 365 3846 fine
382 3808 492 3860 prorsus
510 3797 591 3847 luisse
609 3795 731 3848 diversos
748 3794 783 3846 ab
800 3796 845 3856 iis,
871 3796 917 3858 qui
934 3795 1031 3846 codem
1048 3797 1156 3847 nomine
1174 3797 1236 3846 aute
1252 3797 1396 3860 angustum

310 3881 504 3931 memorantur.
535 3879 587 3930 Cir.
608 3879 716 3928 Petrum
734 3877 864 3929 Tail‘mum
881 3877 915 3929 de
933 3880 1114 3930 Romanorum
1125 3893 1195 3930 anno
1207 3877 1323 3930 seculari
1335 3877 1398 3929 eius·

310 3976 364 4027 qne
388 3962 558 4026 potissimum
574 3973 624 4025 per
640 3959 718 4012 ludos
736 3962 873 4014 seculares
891 3961 1046 4014 celebritate
1064 3975 1214 4026 eorumque
1232 3961 1397 4025 chronologia

309 4048 337 4099 in
354 4047 457 4098 Graevii
475 4045 611 4096 Thesauro
628 4045 693 4094 Vlll.
713 4055 772 4110 pag.
791 4045 849 4097 ltili.
867 4048 950 4110 atqua
963 4047 1069 4098 ceteros
1081 4047 1227 4111 scriptores
1238 4060 1255 4098 a
1266 4047 1399 4098 uiueres

309 4132 388 4184 lichlo
406 4132 434 4181 et
450 4129 592 4192 Doeringio
611 4131 852 4190 commemoratos,
876 4131 941 4180 itam
958 4129 1047 4181 ideler
1064 4131 1227 4195 clironolopia
1242 4131 1274 4180 11.
1292 4143 1353 4195 pag.
1369 4129 1399 4178 ti

309 4227 403 4280 seqq.¹
423 4215 541 4277 uenung
552 4211 663 4278 Religion
680 4214 725 4264 dor
741 4215 831 4264 litam
842 4215 874 4264 lI.
893 4227 954 4279 pag.
968 4213 1009 4266 92.
1022 4253 1028 4276 ‚
1047 4216 1075 4264 ct
1090 4227 1155 4278 prae
1173 4213 1299 4266 omnibns
1311 4213 1341 4265 C.
1355 4213 1392 4262 ir.

309 4301 494 4351 hermannum
515 4299 545 4349 da
566 4297 620 4349 loco
636 4297 757 4364 Apollinis
772 4298 800 4348 in
817 4299 932 4348 carmine
949 4297 1050 4348 Horatii
1065 4297 1210 4360 emmaum,
1238 4299 1307 4348 Gott.
1329 4295 1396 4348 reia.
