3012 4978
38 4007 40 4012 Ι
128 3935 292 4002 deprimitur.
328 3945 373 3996 Est
394 3945 487 4008 igitur:
519 3945 647 4007 «firmus,

505 487 562 537 ΗΒ.
582 486 623 536 lV.
660 488 688 538 C.
708 487 749 537 tx,

347 645 444 709 Totve
468 653 539 709 tuos
562 644 666 730 patiar
687 643 816 710 labores

261 803 409 890 Impune,
433 801 529 878 Lolli,
554 823 688 889 carpere
710 799 825 868 lividas

261 923 459 991 Obliviones.
505 925 561 991 Est
583 926 708 990 animus
732 924 786 992 tibi
857 923 860 929 '

303 1047 489 1133 Rerumque
512 1046 657 1133 prudens
679 1057 711 1113 et
731 1047 885 1114 secundis

237 1257 239 1264 y
344 1167 556 1256 Temporibus
579 1167 753 1257 dubiisque
776 1177 904 1244 rectus,

258 1325 382 1392 Vindex
404 1347 522 1394 avarae
544 1326 666 1394 fraudis
688 1337 720 1395 et
742 1327 906 1394 abstinens

258 1434 414 1514 Ducentis
436 1448 478 1515 ad
499 1469 536 1516 se
559 1459 674 1516 cuncta
695 1449 874 1537 pecuniae,

303 1568 488 1658 Consulque
512 1591 576 1637 non
598 1571 694 1638 unius
716 1572 809 1650 anni,

344 1690 410 1759 Sed
432 1692 561 1780 quoties
582 1691 687 1759 bonus
710 1704 808 1781 atquo
830 1691 914 1760 fidus
1175 1697 1215 1761 to

193 1919 233 1968 33.
252 1917 350 1970 Deficit
367 1917 433 1969 Cod.
451 1882 539 1969 lunio.
564 1919 626 1970 iude
649 1919 684 1970 ab
702 1920 753 1970 boc
770 1933 851 1972 versu
867 1933 954 1986 usque
975 1921 1010 1972 ad
1027 1923 1115 1974 Caum.
1135 1924 1179 1984 tt,

162 1993 200 2042 ts.
227 2021 255 2031 -
274 1992 325 2042 Vr,
343 1992 453 2044 38-40.
472 1991 513 2044 tn.
532 1992 643 2046 tt-tt.
661 1996 688 2044 in
705 1996 725 2045 B
743 1995 848 2046 desunt.

130 2192 226 2250 torques
246 2196 270 2240 et
287 2189 399 2238 munitio.
426 2188 571 2252 Dirtttptunt
587 2188 652 2238 inter
688 2190 723 2238 ud
742 2187 780 2252 se]
808 2191 899 2240 «euius
929 2189 1061 2242 illecebris
1093 2191 1213 2256 plerique

130 2262 299 2325 coelllrubes)
312 2263 584 2324 eebtsdmueoirtutea,
601 2264 651 2313 cisi
689 2263 823 2315 ducuntur
852 2265 1050 2329 transversique
1079 2269 1211 2330 aguntur,

130 2337 196 2396 quoe
221 2337 339 2388 mistui
359 2341 508 2400 poturorum
528 2339 652 2400 permuta
689 2339 917 2402 cumpaucisslmi
929 2339 1122 2391 dementant.»
1136 2342 1213 2402 Quod

129 2409 253 2463 tacuerim
269 2411 379 2462 vineata.
400 2439 428 2450 —
450 2413 564 2478 inertiae]
583 2412 653 2462 detl-
688 2412 851 2464 scholiastae
871 2411 1015 2478 explicant:
1036 2418 1214 2468 «Pecunioso-

129 2497 185 2546 vus,
196 2488 289 2538 utSat.
301 2485 325 2548 l,
335 2485 360 2547 l,
373 2486 422 2538 ta:
441 2487 652 2550 Differtrerrnoni
688 2501 749 2539 rum
773 2489 886 2552 gratiam
909 2491 998 2540 cuncti
1023 2493 1211 2554 sequuntur»,

130 2560 297 2624 (comoedis).
327 2560 411 2613 Bentl.
425 2561 548 2612 volebat:
569 2563 653 2614 Virtus
689 2564 715 2612 in
731 2577 774 2613 vv.
792 2565 900 2628 proprie
917 2579 971 2616 non
988 2567 1064 2616 inest.

129 2634 247 2687 inertia
269 2639 411 2701 poetarum
431 2637 514 2688 ostatu
535 2638 652 2700 paudum
720 2637 761 2688 39.
790 2639 939 2704 Constatque}
969 2640 1080 2705 «Optimi
1110 2641 1210 2704 quique

129 2709 431 2774 distutvirtutisepuitue.
447 2739 475 2748 —
496 2713 584 2778 silebo]
602 2713 651 2764 Alli
688 2713 832 2776 scriptores
854 2727 907 2764 non
928 2712 1005 2764 aliter
1027 2713 1161 2765 interdum
1178 2713 1213 2764 de

127 2783 192 2835 sileri
217 2801 249 2838 ex
278 2787 527 2839 accommodatione
560 2789 595 2838 ad
623 2803 649 2839 v.
689 2788 778 2836 animo
795 2800 877 2850 quum
894 2786 928 2838 de
946 2799 1061 2852 persona
1087 2790 1213 2852 quapiam

126 2861 218 2918 ραιὲαν.
234 2889 263 2900 -
284 2865 357 2912 «Non
370 2863 530 2924 concedam,
549 2865 579 2912 ut
596 2877 652 2914 ma·
687 2860 862 2924 loquuntur-,u
886 2863 979 2912 Burri.
1015 2863 1102 2924 Atque
1120 2875 1214 2912 exem-

128 2930 273 2988 levolorum
291 2936 357 2987 livor
374 2939 401 2988 et
411 2936 544 2991 oblivione
555 2936 653 2988 obseu-
688 2933 731 2998 ple
751 2933 823 2996 larga
843 2947 924 2986 mauu
936 2934 970 2986 ab
991 2947 1023 2984 eo
1039 2934 1150 2986 collecta
1168 2935 1215 2986 de-

129 3011 167 3057 ret
188 3013 343 3074 sisamoi,
378 3011 553 3062 obtrectando
576 3015 651 3062 exte-
688 3011 838 3060 monstruni
848 3009 954 3060 Leduos
966 3008 1081 3060 dixisse:
1110 3009 1215 3060 Animus

130 3087 202 3145 unet,
220 3085 361 3151 praeclara
378 3089 423 3137 tua
441 3086 536 3136 lacta.»
688 3083 847 3144 aestimator,
874 3083 1007 3146 carnisse,
1032 3095 1132 3145 emur,
1156 3097 1214 3134 core

158 3193 198 3246 ae.
217 3197 259 3248 36.
286 3199 428 3260 tuumque
440 3199 565 3264 pausa]
584 3212 651 3249 «re-
688 3161 808 3220 eripior,
834 3162 983 3220 emptor,
1009 3157 1136 3220 murno,
1155 3157 1213 3209 titre

128 3279 186 3320 rum
209 3271 328 3324 civilium
350 3271 561 3337 bellicarumque
577 3275 650 3338 peri·
687 3233 977 3358 rffiafflmsswr’
1003 3237 1114 3356 drgw’
1127 3245 1211 3357 ἐπ’

128 3342 194 3393 tus.»
208 3373 236 3384 -
255 3347 344 3411 domn]
362 3361 443 3411 saepe
459 3347 532 3400 idem
547 3349 602 3399 lere
618 3361 650 3400 ao
686 3322 719 3434 ἓ
737 3319 965 3434 Ρὴοθῦἰέἕυιῦῗε
977 3319 1212 3432 ἑψῗοξχωξέκθῖ

129 3418 227 3472 erebus
238 3422 386 3474 adversis.»
404 3424 466 3474 Tne.
479 3425 546 3473 lun.
558 3424 569 3473 t
581 3461 587 3484 ‚
597 3423 629 3475 et
641 3439 647 3473 :
1204 3416 1210 3441 '

197 3497 202 3506 ·
520 3499 525 3510 .
561 3501 566 3514 ,
688 3470 721 3510 en
746 3457 820 3508 Plinii
845 3460 941 3520 Panes.
973 3458 1021 3507 ot:
1059 3461 1213 3518 contnnptor

128 3493 239 3548 emma
262 3499 428 3548 mmm
458 3499 651 3563 mmm
687 3533 830 3584 ambitionis
851 3536 875 3581 et
893 3531 1007 3596 infinitae
1023 3531 1153 3592 potestatis
1169 3531 1213 3580 do·

128 3580 173 3628 0¹⁴0
196 3585 284 3624 rerum
308 3573 387 3622 scinu
411 3586 488 3634 eoque
509 3573 647 3624 tnurrttru.

128 3640 225 3696 Referri
240 3647 293 3696 hoc
310 3659 375 3697 sene
386 3649 475 3711 potest
486 3646 520 3696 ud
532 3646 647 3710 cladem,
685 3609 841 3748 mrsu?
841 3621 891 3732 “¹¹
903 3613 944 3732 *ex
955 3607 1129 3731 mm&
1144 3609 1213 3731 '122⁸'

128 3719 326 3777 quamtotius
349 3722 649 3786 inGermaniapussus
725 3759 729 3770 .
886 3718 891 3740 '
1128 3718 1134 3742 ’
1203 3715 1210 3728 ⁸

129 3793 191 3842 erat,
212 3819 239 3832 -
271 3797 359 3846 Rem
374 3797 518 3860 opponitur
534 3797 575 3858 ei,
602 3801 648 3861 qm
687 3771 786 3810 anemae
821 3762 910 3808 tortor.
962 3757 1095 3819 lilrtrgatur
1121 3757 1212 3806 autem

128 3863 160 3912 ad
185 3880 294 3920 omnem
319 3882 413 3921 casum
430 3871 546 3921 flectitur
566 3873 648 3934 atque
685 3831 1213 3971 gauri&{zfflffiffluzmmffi

687 3985 907 4047 interponuntur,
934 3982 970 4031 ita
988 3983 1017 4031 ut
1033 3980 1118 4030 lector
1144 3977 1211 4028 illius

686 4057 801 4109 nominis
833 4069 918 4120 prope
952 4055 1050 4106 oblitus
1089 4050 1210 4104 facillime

159 4123 198 4178 et.
217 4129 257 4181 38.
289 4131 395 4193 Vindeu]
425 4132 491 4194 «qui
508 4129 550 4181 vel
568 4131 647 4181 iudex
686 4130 823 4196 suppleat:
852 4133 911 4192 utu,
938 4128 1016 4190 Lolli,
1034 4128 1120 4178 consul
1137 4139 1166 4176 es
1184 4128 1212 4176 et

128 4199 168 4250 vel
179 4207 330 4266 provinciae
343 4219 453 4272 praeses
466 4219 561 4258 severe
572 4207 649 4271 punit
685 4207 763 4256 turea
788 4209 815 4258 et
839 4206 921 4255 ubter
949 4206 1001 4254 eet.
1047 4205 1114 4253 Nem
1143 4201 1210 4250 bueo

129 4271 231 4331 tmudes
248 4283 276 4332 et
292 4282 442 4344 evantium,
466 4282 523 4346 lpse
540 4293 648 4345 quoque
685 4293 794 4344 quoque
810 4291 886 4330 voce.
904 4277 1025 4342 pendent
1035 4291 1050 4326 n
1060 4290 1086 4326 v.
1101 4275 1208 4334 acinus,

129 4355 255 4417 erupiuls
272 4356 454 4410 abhorrebit.»
475 4381 501 4393 -
529 4355 650 4408 Ducentis
685 4357 728 4406 cui
754 4355 847 4406 itidem
872 4353 939 4404 obus
967 4351 1048 4402 cottus
1076 4349 1207 4400 tribuitur.

128 4019 251 4069 constans
262 4017 367 4082 sibique
378 4031 487 4083 semper
503 4019 648 4083 aequalis.»
