2992 4978
665 413 791 464 nunniti
811 412 977 462 ennuinuti

614 931 1034 996 cmxm

412 1109 533 1180 Fauna,
557 1104 776 1193 Nympharum
798 1103 974 1189 fugientum
997 1111 1133 1176 amator,

412 1229 472 1292 Per
494 1247 585 1292 meos
608 1225 687 1292 fines
710 1235 742 1292 et
763 1223 871 1311 aprica
893 1245 969 1289 rura

412 1347 506 1415 Lenis
529 1347 662 1414 incedas
684 1345 850 1434 abeasque
872 1346 980 1433 parvis

496 1473 627 1558 Aequus
650 1467 805 1544 65665655,

413 1629 444 1695 Si
468 1637 559 1694 tener
580 1625 676 1715 pleno
697 1625 783 1694 cadit
805 1625 929 1693 haedus
952 1646 1051 1700 anno,
1345 1627 1361 1686 5

351 1808 438 1858 livill.
457 1807 539 1857 lusor.
557 1805 625 1870 volg.
643 1806 681 1856 55
697 1807 820 1856 Faunum.
842 1831 870 1842 -
887 1805 926 1856 Ad
941 1807 1057 1857 Faunum
1074 1807 1147 1857 65665
1163 1807 1217 1868 BT,
1240 1805 1334 1870 quibus

319 1881 337 1932 6
355 1881 428 1932 56655
450 1887 585 1945 66555665,
611 1894 626 1931 6
643 1881 788 1944 aprutium.
815 1907 841 1917 —
863 1881 888 1932 6.
905 1882 963 1945 finis
984 1883 1013 1932 6.
1034 1907 1063 1918 -
1082 1881 1106 1931 3.
1126 1881 1252 1944 65565665
1267 1883 1294 1932 Β.
1306 1907 1332 1918 -

319 1957 343 2006 6.
363 1957 434 2006 cadet
450 1957 475 2006 S.
496 1955 557 2020 (nou
573 1955 688 2018 66756.)

320 2115 406 2165 llVlll.
422 2115 542 2177 llymnus
554 2113 581 2163 56
593 2114 720 2174 Faunum,
734 2113 809 2163 cuius
846 2111 1036 2164 Herculanensi
1063 2115 1089 2164 56
1124 2116 1208 2166 Neues
1239 2121 1313 2166 secret
1338 2116 1363 2164 le

288 2189 345 2239 dies
363 2187 446 2239 lestus
464 2189 543 2238 Nouis
560 2186 755 2238 Decembribus
767 2201 811 2238 ce·
845 2188 938 2249 Noples
954 2189 982 2238 7.
995 2189 1047 2240 365
1067 2190 1153 2254 Satyri
1170 2192 1309 2256 Nymphas
1328 2189 1363 2239 iu-

287 2263 441 2314 lebrabutur
459 2263 492 2326 (v.
510 2263 558 2326 55).
586 2263 701 2312 Carmen
719 2263 810 2311 566656
846 2263 948 2324 6556555
965 2263 1142 2327 insequuntur
1156 2266 1229 2329 apud
1241 2263 1363 2327 llillingen

288 2339 465 2402 compositum
488 2337 593 2400 lingitur
615 2349 669 2386 uon
689 2335 810 2386 Faunali-
847 2335 933 2386 065555.
952 2335 979 2386 Τ.
999 2336 1034 2398 3.)

289 2412 341 2462 665
353 2413 430 2476 56555,
449 2411 498 2462 sed
510 2424 558 2475 per
569 2414 699 2461 aestatem
711 2411 807 2475 665565,
878 2409 903 2459 3.
917 2409 940 2461 5.
960 2411 1039 2475 Lenta]
1052 2406 1159 2483 πρᾷος,
1173 2411 1272 2476 ἵλεως,
1285 2411 1365 2478 propi·

289 2486 315 2535 id
333 2485 405 2548 quod
423 2484 551 2548 colligitur
574 2499 606 2535 ex
622 2499 647 2534 ιι.
667 2485 697 2535 3;
721 2484 811 2547 paruis
846 2483 906 2534 5565.
935 2485 965 2534 lli
978 2487 1048 2536 enlm
1060 2486 1095 2536 dil
1108 2490 1228 2549 agrestes
1240 2487 1364 2538 interdum

289 2561 405 2610 6566655.
425 2559 490 2622 (Quo
502 2561 623 2623 tempore
633 2559 811 2623 compositum
846 2558 966 2609 iracundi
977 2561 1038 2610 suut
1050 2563 1078 2610 et
1086 2563 1182 2612 aeriter
1190 2564 1310 2626 puniunt,
1324 2560 1364 2624 qui

289 2635 334 2694 555,
354 2632 525 2696 ignoramus.)
847 2634 878 2684 lis
894 2633 1064 2698 displicuere.
1084 2637 1194 2686 Theocr.
1210 2639 1238 2698 5,
1259 2639 1302 2688 lu:
1320 2632 1364 2686 τὸν

322 2710 346 2758 l.
364 2709 538 2770 Nympharum
552 2709 691 2773 6565555556
701 2707 810 2772 amator]
845 2704 931 2758 Πᾶνα
947 2705 1156 2774 6556556656-
1172 2710 1265 2762 -665
1280 2709 1311 2760 55
1327 2725 1366 2759 κι-

288 2784 395 2834 Servius
423 2784 449 2832 56
475 2784 637 2834 Cantlmetro
661 2794 722 2847 pag
752 2781 809 2832 376.
846 2780 983 2872 apog-Kal
997 2778 1083 2835 65655
1094 2783 1208 2856 opipara
1220 2781 1294 2846 χολὰ
1306 2783 1364 2834 nori

289 2856 382 2908 Gelai:
404 2858 489 2908 Fauna
493 2858 689 2921 ,Nympharum
699 2861 812 2907 6556565
846 2852 902 2929 psal
923 2856 1057 2925 κάθηται.
1076 2859 1215 2912 Pliniusll
1230 2864 1261 2912 N
1278 2863 1321 2920 65,
1338 2857 1363 2909 l:

287 2933 410 2996 6656665
434 2934 476 2984 Sic
501 2933 535 2983 de
558 2934 668 2996 syringa
689 2945 704 2981 6
726 2934 810 2990 Pane,
847 2935 913 2984 55655
926 2935 1053 2999 (paeonia)
1065 2937 1178 2986 56565565·
1193 2943 1217 2986 55
1228 2939 1365 2988 Formam

289 3019 407 3071 quocum
428 3008 512 3058 Latini
529 3008 647 3058 Faunum
664 3005 812 3056 contunde·
846 3010 1138 3072 lomaniacense-
1111 3012 1365 3076 -56555566556665

290 3080 367 3144 6565,
391 3083 495 3145 captata
518 3081 591 3132 Ouid.
612 3081 674 3132 5555.
693 3083 722 3142 5,
746 3080 810 3129 7051
848 3079 923 3147 (Πὰν
947 3078 1044 3155 ἀγρῶν
1068 3087 1174 3150 ταμίας
1202 3085 1365 3150 5565565656
1343 3085 1365 3133 56

289 3157 323 3206 555
340 3156 456 3218 65555655
471 3157 559 3219 spretis
578 3157 671 3220 [665555
688 3168 737 3218 per
752 3155 813 3204 6656
849 3158 885 3210 ΕΙ.
905 3158 1034 3222 7055656
1047 3158 1365 3211 lubitumodohlomodo

290 3231 440 3293 Npmpliom.
455 3231 552 3296 (Eurip.
563 3229 620 3281 llel.
632 3231 687 3280 ⁴87:
702 3226 813 3294 Νύμφα
848 3233 899 3284 illio
923 3246 984 3284 rura
1007 3233 1195 3297 perambulare
1212 3235 1363 3299 fingebatur:

291 3319 334 3366 τις
347 3297 396 3353 ola
406 3304 478 3367 Ναῒς
486 3299 582 3391 Opaca
592 3301 710 3370 6666556
720 3299 813 3369 νόμον
849 3321 937 3371 neque
948 3321 1015 3358 vero
1027 3309 1065 3359 sic
1078 3307 1202 3373 explicari
1221 3309 1291 3368 licet,
1309 3319 1365 3357 eum

292 3380 368 3430 55566
383 3375 499 3450 γοερόν,
523 3374 581 3429 666
592 3377 623 3430 65
634 3379 751 3466 πέτρινα
759 3373 815 3444 μύ-
850 3381 1031 3434 Faunalibus'
1024 3396 1051 3433 ιιι
1069 3383 1137 3435 Urbe
1150 3383 1292 3436 celebratis
1304 3381 1363 3433 idib.

291 3469 367 3514 χατα
390 3451 483 3521 γύαλα
505 3450 604 3517 Πανὸς
625 3446 741 3521 ἀναβοᾷ
761 3447 814 3518 γά·
850 3456 926 3508 Febr.
954 3456 1037 3520 (ovid.
1062 3459 1130 3508 Faat.
1154 3459 1182 3520 6,
1203 3459 1266 3510 itit:
1292 3457 1366 3508 555655

290 3542 374 3594 μους.
404 3527 490 3578 schol
509 3529 567 3578 Vat.
592 3529 626 3578 ad
647 3528 766 3578 Rhesum
785 3540 812 3576 r.
850 3531 955 3596 66555555
972 3531 1071 3595 manant
1088 3498 1184 3584 656556
1200 3535 1291 3584 Fauni.
1293 3533 1303 3598 )
1323 3529 1367 3582 ad-

291 3603 338 3653 365
361 3601 392 3651 ἐν
408 3608 468 3664 vok
485 3597 617 3692 ὄρεσιυ
601 3595 731 3652 -ἴνθα
715 3617 733 3651 ο
749 3597 814 3651 Πὰν
850 3607 969 3668 venisse,
1004 3607 1093 3658 abisse
1125 3608 1204 3659 Nonis
1228 3605 1363 3659 Decembr.

291 3668 355 3741 ἅμα
376 3681 439 3739 ταῖς
461 3673 598 3743 Νύμφαις
620 3679 734 3764 666655.
770 3679 815 3727 lu-
853 3683 1009 3744 -parois-
1019 3682 1135 3747 65556655]
1154 3685 1190 3734 Ex
1202 3685 1309 3748 antiquo
1324 3678 1366 3730 ali-

292 3751 400 3814 scriptlo
428 3752 496 3802 autri
524 3753 659 3815 Corycii'
653 3767 679 3802 ru
704 3753 816 3802 5655665
851 3769 904 3818 quo
942 3758 1086 3822 interprete
1124 3759 1236 3822 petitum
1269 3756 1366 3806 videtin

293 3825 366 3877 5856.
385 3837 445 3889 pag.
459 3825 521 3877 tet:
539 3823 722 3876 BYKPAfflS
736 3831 740 3885 l
756 3822 816 3875 ΑΛ·
850 3831 961 3882 5556655
987 3831 1049 3882 illud
1074 3835 1101 3882 et
1124 3833 1228 3882 comm.
1250 3827 1366 3892 cruquii

293 3897 453 3951 ΚΙΔΑΜΟΤ
468 3905 473 3959 1
491 3899 710 3958 ΑΜΒΡΤΣΙΟΣΙ
729 3901 815 3949 67555-
852 3907 936 3955 aruris
947 3905 1076 3968 vernulis,
1095 3919 1163 3970 quoa
1175 3907 1255 3956 Fauni
1268 3903 1365 3955 laedere

292 3974 635 4034 ΠΕΡΙΠΟΛΟΙΣΙΠΑΝΙ
643 3974 814 4026 numum.
852 3979 1010 4040 dicuntum
1037 3981 1063 4031 id
1086 3979 1158 4044 qnod
1181 3980 1277 4045 probat
1293 3979 1365 4030 etan

241 4081 244 4087 -
293 4049 506 4102 Pulcherrimum
536 4051 617 4100 Fauni
643 4049 816 4102 simulacrum
851 4053 977 4104 Bossclio.
1023 4055 1124 4106 Verum
1151 4055 1292 4106 manifesto
1318 4061 1364 4100 666

295 4125 428 4190 Pompeiis
444 4126 580 4188 repertum
597 4125 624 4174 56
639 4126 725 4175 lium
741 4123 815 4175 5566.
853 4128 887 4178 da
904 4130 1006 4188 vernis,
1031 4129 1079 4180 sed
1097 4129 1131 4179 de
1149 4129 1247 4189 vitulis,
1266 4125 1362 4182 hoedis.

295 4199 337 4249 lli.
354 4199 384 4250 T.
397 4199 449 4259 56,
468 4199 531 4250 item
548 4201 652 4250 Faunus
666 4201 817 4265 Nympbam
853 4201 1053 4266 aguls'loqultur
1069 4206 1161 4268 66656,
1180 4205 1208 4254 65
1219 4203 1266 4252 od.
1278 4201 1305 4260 3,
1322 4197 1362 4254 2³.

296 4273 402 4324 basians
431 4275 535 4337 egregie
563 4275 649 4337 pictus
677 4275 702 4324 56
729 4273 817 4324 566656
853 4278 877 4326 7.
897 4275 991 4326 5651656
1003 4275 1061 4326 loco
1074 4277 1121 4327 od.
1136 4280 1163 4340 5,
1178 4277 1257 4338 tua.
1277 4275 1362 4325 conor
