3080 4980
729 388 913 439 PRAEFATIO.

339 697 342 704 ,
472 653 1160 719 nomumumrmo

383 773 385 778 ’
564 814 1061 882 unrrroursrsnrms.

740 1025 888 1042 “”“-Ν

334 1183 514 1252 Divenditis
550 1183 701 1251 editionis
735 1184 900 1252 secundae
936 1183 1175 1273 exemplaribus
1207 1187 1361 1256 omnibus

268 1305 493 1394 redemptores
521 1303 738 1372 honestissimi
770 1305 901 1374 ineunte
923 1327 1007 1374 anno
1030 1307 1125 1374 huius
1148 1308 1250 1376 seculi
1275 1331 1361 1398 qua-

268 1427 452 1514 dragesimo
479 1435 593 1494 octavo
623 1425 664 1494 ab
696 1425 822 1494 editore
851 1425 1032 1495 clarissimo
1054 1429 1238 1515 petiverunt
1259 1441 1360 1518 atque

268 1547 360 1617 facile
383 1549 611 1636 impetrarunt,
636 1558 672 1615 ut
693 1569 792 1637 quam
807 1548 960 1616 citissime
975 1557 1105 1636 pararet
1120 1548 1255 1617 tertiam.
1277 1553 1361 1619 Nam

268 1670 328 1738 etsi
350 1671 400 1737 vir
416 1651 716 1738 ‘desideratissimus
739 1671 803 1737 iam
825 1680 892 1737 tum
915 1690 955 1738 eo
971 1669 1085 1737 morbo
1100 1669 1277 1750 laborabat,
1301 1671 1360 1760 qui

267 1792 352 1859 vitae
373 1791 487 1859 litteris
510 1801 542 1858 et
564 1790 676 1858 amicis
692 1789 881 1857 utilissimae
903 1799 978 1879 post
993 1790 1168 1860 duodecim
1182 1792 1251 1860 lere
1265 1813 1361 1860 men-

268 1931 322 1980 ses
350 1913 449 1980 finem
476 1911 619 1979 facturus
648 1921 732 1989 erat,
764 1921 872 1980 tamen
893 1922 1000 1980 mente
1032 1923 1064 1981 et
1093 1913 1221 2003 ingenio
1251 1913 1361 1982 adhuc

267 2034 311 2100 ita
340 2030 485 2122 vigebat,
519 2043 555 2100 ut
581 2032 728 2120 corporis
757 2031 939 2100 infirmitate
960 2044 1128 2122 superata,
1162 2033 1251 2124 quod
1272 2034 1360 2102 vitae

270 2153 426 2232 restabat,
452 2154 585 2222 Horatio
603 2175 663 2222 suo
686 2153 875 2242 impendere
897 2166 1018 2256 posset.
1063 2157 1135 2237 Quo
1157 2156 1276 2224 lactum
1298 2167 1359 2233 est,

270 2286 306 2343 ut
328 2277 398 2365 ipse
420 2275 571 2344 volumen
593 2275 684 2364 prius
705 2285 829 2343 tantum
851 2296 916 2343 non
931 2276 1115 2345 absolveret
1135 2287 1168 2345 et
1190 2278 1261 2344 eius
1282 2276 1362 2345 lolia

269 2397 392 2485 aliquot
421 2396 518 2485 paulo
546 2407 620 2464 ante
650 2397 773 2465 obitum
804 2397 901 2465 etiam
929 2398 1016 2488 typis
1046 2419 1203 2486 expressa
1222 2397 1360 2466 videret.

269 2506 460 2587 Ceterorum
475 2529 583 2586 autem
598 2517 876 2586 retractandorum
891 2539 931 2586 ex
952 2519 1053 2606 ipsius
1067 2517 1178 2586 Orellii
1193 2518 1359 2587 voluntate

269 2639 346 2706 mihi
369 2660 447 2708 cura
469 2639 678 2728 suscipienda
699 2650 782 2718 crat,
808 2661 907 2728 quem
929 2639 1170 2708 adolescentem
1190 2639 1233 2707 ad
1253 2639 1360 2707 bonas

268 2760 390 2828 litteras
404 2761 613 2840 excitaverat,
634 2761 785 2828 iuvenem
800 2770 833 2827 et
847 2761 953 2828 virum
968 2762 1055 2828 omni
1070 2761 1194 2828 ratione
1207 2761 1359 2827 firmave-

267 2893 317 2950 rat
339 2892 372 2950 et
396 2883 607 2960 sustinuerat,
635 2884 778 2950 omnium
802 2881 984 2950 studiorum
1006 2903 1140 2955 suorum
1165 2903 1225 2971 per
1247 2882 1358 2969 viginti

268 3025 371 3071 annos
393 3004 531 3082 socium,
556 3023 748 3070 arcanorum
763 3006 907 3070 omnium
922 3005 1088 3072 conscium
1105 3023 1179 3071 esse
1201 3003 1356 3092 voluerat,

267 3126 387 3194 codem
402 3126 557 3215 denique,
581 3123 659 3192 dum
683 3124 839 3213 spirabat,
862 3145 974 3192 amore
994 3124 1161 3212 amplexus
1184 3133 1267 3202 erat,
1290 3145 1358 3212 quo

269 3269 305 3316 se
328 3247 405 3314 mihi
426 3247 580 3316 dilectum
603 3267 678 3314 esse
700 3245 803 3333 probe
825 3245 957 3313 sciehat.
980 3247 1017 3312 ln
1039 3266 1104 3333 qua
1123 3266 1202 3313 cura
1226 3247 1358 3334 egregie

269 3389 321 3435 me
340 3369 463 3434 adiuvit
480 3369 576 3434 Haun.
592 3368 798 3445 Scnwxrzunr,
815 3366 959 3454 collegae
975 3367 1244 3444 coniunctissimi,
1261 3387 1358 3434 accu-

269 3499 339 3557 rata
360 3487 541 3576 diligentia;
569 3485 762 3554 adiuverunt
788 3487 885 3553 etiam
906 3496 1037 3574 praeter
1058 3487 1139 3554 alios
1162 3489 1197 3556 C.
1222 3490 1358 3555 llxuurus

270 3630 363 3676 meus
388 3617 421 3675 et
443 3611 542 3676 lucius
567 3609 742 3684 Bacuxuus,
779 3607 840 3673 viri
863 3607 1041 3675 doctissimi
1064 3620 1097 3677 et
1125 3608 1356 3686 humanissimi,

269 3730 461 3818 praesertim
483 3728 599 3797 libellis
614 3727 814 3833 scholasticis
833 3727 876 3797 dc
897 3731 1028 3798 Horatio
1042 3729 1093 3798 vel
1113 3730 1358 3798 subministran-

271 3852 321 3919 dis
336 3851 387 3918 vel
402 3851 435 3917 in
450 3872 530 3918 usus
546 3871 637 3917 meos
649 3850 872 3939 excerpendis
895 3852 1076 3933 Quominus
1092 3863 1201 3920 autem
1215 3852 1247 3917 in
1261 3850 1358 3918 ador-

256 3973 377 4041 nanda
404 3972 466 4040 hac
493 3972 635 4040 editions
662 3973 771 4041 omnia
798 3983 1055 4062 praestarentur,
1087 3993 1173 4061 quae
1200 3972 1357 4061 praestari

271 4105 303 4162 et
315 4102 465 4182 poterant
486 4105 518 4160 et
538 4094 716 4174 dehebant,
740 4095 879 4163 maxime
899 4093 1065 4183 impedivit
1078 4093 1176 4161 nimia
1197 4092 1250 4160 illa
1270 4092 1359 4160 lasti-

272 4217 374 4295 nutio‚
400 4235 499 4305 quam
521 4215 717 4304 bibliopolae
739 4217 880 4285 rationes
902 4237 921 4284 a
943 4215 1037 4284 nohis
1060 4213 1254 4303 flagitabant.
1297 4216 1358 4281 hc-
