3012 4978
678 419 805 495 llOltrlTll
826 419 995 470 CARMINUM

617 641 982 700 EXCURSUS
1023 643 1048 696 Ι.

715 781 937 832 levati-24.

366 928 509 980 «Vindelici
521 928 673 980 incolebant
682 930 753 979 inter
763 928 926 990 Danubium,
940 931 1042 978 Aenum
1055 931 1082 980 et
1097 928 1185 980 lacum
1196 930 1377 994 Brigantiaanr:

300 1012 373 1064 Raeti
394 1013 455 1063 inde
473 1028 489 1063 a
506 1013 648 1064 Vindelicis
669 1012 810 1063 meridiem
833 1024 928 1062 versus
949 1023 1036 1076 usque
1058 1013 1092 1063 ad
1115 1013 1215 1063 ltaliam
1236 1027 1314 1077 supra
1332 1015 1379 1062 Co-

298 1109 374 1146 mum
391 1099 418 1146 et
437 1099 570 1148 Veronam
587 1096 767 1161 pertinebant,
786 1097 848 1146 irino
860 1095 951 1146 Rheno
963 1099 990 1146 et
1001 1097 1103 1157 Ticino,
1122 1094 1191 1146 illinc
1204 1095 1287 1157 Plaai,
1301 1096 1380 1144 fluviis

299 1182 439 1232 terminati.
475 1181 644 1244 attingebant
665 1181 771 1244 utrique
793 1179 827 1229 ab
849 1193 947 1230 occasu
966 1179 1112 1240 Helvetios,
1139 1177 1174 1229 ab
1191 1182 1251 1229 ortu
1268 1180 1379 1235 Noricos,

299 1265 372 1314 Raeti
394 1267 474 1315 etiam
496 1266 605 1315 Carnos.
642 1263 751 1314 Constat
773 1263 807 1312 de
825 1276 858 1312 eo
875 1263 927 1314 situ
944 1277 959 1314 e
978 1261 1063 1313 strab.
1083 1262 1107 1313 4.
1126 1276 1187 1327 pag.
1206 1263 1264 1312 406.
1282 1263 1306 1311 T.
1325 1275 1380 1325 pag.

298 1349 355 1398 494.
374 1347 439 1398 Plin.
458 1348 486 1409 3,
504 1349 545 1398 ²0.
582 1347 662 1397 Erant
683 1347 774 1396 autem
795 1345 885 1411 populi
908 1359 969 1396 cum
992 1348 1218 1407 numerosissimi,
1245 1350 1302 1396 tam
1323 1345 1382 1394 locis

298 1432 478 1492 munitissimi,
498 1430 533 1492 ab
551 1430 630 1495 Alpes
647 1429 761 1490 scilicet,
781 1431 807 1478 in
824 1430 910 1493 iisque
923 1429 1029 1479 castella
1042 1431 1128 1494 posite
1142 1429 1197 1492 (Od.
1211 1428 1240 1486 4,
1261 1428 1305 1489 44,
1325 1429 1380 1490 44.),

299 1515 415 1580 denique
440 1514 588 1574 tortissimi,
615 1512 823 1574 bellicosissimi,
851 1513 1008 1564 saevissimi.
1045 1512 1136 1563 Vellei.
1155 1513 1184 1573 4,
1212 1513 1254 1562 95,
1273 1510 1338 1563 Flor.
1356 1510 1381 1568 4,

299 1600 345 1661 it,
369 1599 392 1650 4.
412 1597 449 1648 4444
471 1600 564 1661 igitar,
587 1598 648 1648 inde
671 1597 706 1646 ab
724 1596 813 1660 aliquo
830 1598 951 1660 tempore
969 1597 1085 1646 vicinam
1102 1595 1211 1647 Galliam
1228 1595 1383 1660 Cisalpinam

298 1680 430 1747 populati,
458 1682 538 1731 etiam
559 1681 585 1731 in
608 1680 708 1730 ltaliam
730 1679 840 1730 crebras
861 1680 1026 1730 incursiones
1049 1681 1169 1731 fecerant
1190 1693 1280 1744 nequa
1303 1677 1383 1730 solum

299 1765 411 1815 multam
432 1765 494 1815 inde
515 1765 645 1829 praedam
667 1767 789 1827 egerant,
816 1763 866 1814 sed
888 1764 969 1813 etiam
985 1776 1082 1828 magna
1100 1765 1126 1813 in
1143 1765 1263 1827 captivos
1280 1763 1383 1813 saeaitia

299 1851 376 1900 erant
400 1849 450 1898 usi.
480 1849 566 1908 Quare
592 1849 726 1912 Augustas
751 1860 775 1896 a.
797 1859 824 1897 u.
847 1859 871 1896 0.
894 1846 950 1897 739.
973 1849 1089 1912 primum
1113 1849 1231 1898 Dmsum
1255 1848 1383 1897 Neronem

299 1931 371 1995 (tune
389 1931 572 1995 quaestorem)
600 1933 690 1981 contra
715 1944 761 1980 eos
779 1944 842 1980 cum
863 1932 981 1980 exercitu
999 1931 1084 1992 misit,
1112 1931 1158 1993 qui
1182 1930 1218 1980 ed
1234 1928 1316 1994 lllpes
1332 1929 1383 1980 Tri·

298 2016 420 2067 deutinas
445 2014 553 2066 obviam
577 2014 628 2066 sibi
653 2014 736 2064 laetos
761 2015 860 2078 ingenti
883 2013 984 2079 proelio
1017 2015 1093 2076 vicit,
1126 2015 1237 2077 eiusque
1264 2014 1384 2063 victoriae

298 2113 380 2150 causa
402 2101 550 2165 praetorias
568 2099 683 2150 honores
701 2099 813 2163 adeptus
826 2101 875 2149 est.
904 2099 1006 2148 l'emm
1025 2098 1059 2148 ab
1081 2097 1152 2147 ltalia
1174 2098 1268 2148 reiecti
1281 2095 1383 2146 barbari

300 2197 363 2234 mox
391 2181 499 2234 Galliam
530 2183 619 2233 denuo
649 2185 792 2247 premunt,
830 2183 919 2245 itaque
950 2185 1084 2245 Augustas
1115 2181 1251 2231 Tiberium
1282 2192 1383 2245 qaoque

298 2271 447 2327 Neronem,
477 2269 563 2318 Druso
588 2267 738 2317 adiutorem
764 2266 866 2327 datum,
894 2266 1024 2316 adversas
1041 2264 1098 2315 illos
1116 2264 1202 2315 mittit.
1238 2266 1308 2328 Ergo
1325 2266 1386 2314 Dru-

298 2363 345 2400 sus
360 2363 391 2400 ac
404 2350 524 2400 Tiberias
543 2349 631 2400 multis
648 2349 727 2400 simul
744 2349 809 2400 locis
836 2348 872 2413 [et
888 2347 1009 2399 Tiberias
1027 2349 1136 2412 quidem
1153 2362 1187 2398 ex
1203 2347 1325 2398 Helvetia
1342 2360 1387 2412 per

299 2432 388 2482 lacum
412 2433 601 2496 Drigaatiaum]
637 2433 661 2481 in
688 2447 783 2483 eorum
808 2433 875 2483 fines
909 2433 1055 2497 irruptione
1089 2432 1170 2493 lacta,
1209 2432 1310 2482 divisos
1334 2431 1385 2481 dis·

299 2517 452 2580 sipatosque
487 2515 575 2566 multis
609 2517 726 2579 aggressi
757 2516 864 2580 proeliis
896 2517 1106 2581 expugnatisque
1138 2529 1232 2566 eorum
1258 2513 1383 2573 castellis,

299 2599 393 2661 exiguo
412 2612 474 2649 cum
491 2598 589 2649 damno
607 2600 716 2648 Romani
734 2601 866 2650 exercitus
883 2601 960 2650 unica
973 2603 1074 2650 aestate
1092 2600 1314 2665 perdomuerunt.
1341 2601 1385 2650 Dio

299 2683 344 2743 44,
363 2683 403 2732 44.
434 2681 522 2732 Strab.
544 2683 570 2731 et
594 2681 684 2732 Vellei.
704 2681 729 2732 ll.
754 2681 778 2732 ll.
818 2685 875 2743 Quo
901 2683 969 2734 iacto
995 2685 1084 2734 Raetia
1110 2685 1245 2748 provincia
1271 2686 1385 2734 Romana

299 2767 411 2831 imperio
428 2765 565 2824 adiuncta,
593 2779 662 2828 quae
680 2769 707 2816 et
725 2768 842 2818 Raetiam
859 2769 995 2831 propriam
1013 2770 1040 2817 et
1058 2767 1230 2818 Vindelioiam
1249 2766 1383 2831 complexa

298 2851 343 2900 uni
364 2853 471 2914 pareret
491 2849 620 2914 praesidi:
651 2848 722 2899 ando
744 2862 825 2914 saepe
844 2853 957 2914 uterque
975 2850 1088 2916 populus
1105 2863 1159 2900 uno
1176 2853 1323 2901 Raetorum
1340 2863 1384 2900 no-

299 2935 370 2985 mine
387 2932 522 2997 appellati,
541 2931 604 2982 licet
620 2945 729 2997 semper
745 2933 843 2984 tinibus
861 2935 915 2989 suis
927 2936 954 2984 et
965 2936 1080 2999 separati
1092 2935 1248 2984 manserint.
1285 2936 1384 2984 seriore

298 3019 400 3078 aetate,
428 3029 490 3066 cara
516 3029 584 3066 nora
609 3018 806 3080 provinciaram
829 3017 923 3068 divisio
945 3019 1140 3079 institueretur,
1168 3019 1259 3068 Raetia
1282 3019 1385 3083 propria

298 3103 391 3151 vocata
409 3099 456 3150 luit
472 3101 562 3151 Raetia
578 3101 680 3164 prima,
699 3100 842 3151 Vindelicis
861 3101 950 3152 Raetia
962 3103 1096 3162 secundm
1115 3103 1177 3152 binc
1189 3105 1216 3152 et
1233 3104 1385 3166 trequenter

298 3186 405 3236 Raetiae
415 3182 508 3248 plurali
521 3197 633 3234 numero
645 3183 744 3245 dictae,
763 3186 892 3250 imprimis
905 3185 974 3250 apud
991 3187 1169 3236 ammianum.
1185 3214 1212 3222 —
1226 3184 1302 3236 lRam
1314 3187 1386 3250 igitur

297 3269 377 3319 Drusi
393 3267 543 3331 'tiberiique
562 3267 701 3319 victoriam
719 3267 857 3320 celebrare
875 3267 909 3318 ab
927 3271 1046 3333 Augusto
1063 3271 1152 3320 iussus
1170 3270 1295 3320 Horatius
1313 3271 1386 3320 huius

297 3351 357 3402 libri
374 3365 482 3403 carmen
495 3352 546 3402 hoc
558 3355 585 3402 et
596 3355 720 3416 quartum
732 3352 883 3413 decimum,
904 3366 991 3417 neque
1004 3357 1094 3402 tamen
1105 3354 1178 3417 prius
1190 3365 1273 3416 mam
1284 3366 1309 3402 a.
1323 3367 1350 3404 u.
1363 3367 1383 3404 0.

297 3437 354 3487 Til.
369 3437 546 3501 postlugueti
558 3435 674 3486 reditum
685 3437 843 3500 composuit.
864 3435 965 3499 [Eidem
978 3449 1048 3488 anno
1060 3434 1386 3501 assignantDillenburger

298 3523 325 3570 et
341 3519 485 3570 Groteiend
503 3521 625 3584 Sebriflst.
639 3520 729 3584 44444.
743 3522 785 3570 des
794 3521 914 3570 Horatiae
924 3535 951 3585 p.
964 3519 1015 3585 34]
1033 3522 1159 3572 Nostrum
1170 3521 1223 3572 boc
1233 3523 1344 3586 proprie
1355 3521 1384 3570 ad

298 3605 424 3664 Drusum,
437 3604 666 3668 quemadmodum
678 3603 791 3654 alterum
804 3603 866 3654 illud
878 3607 994 3655 maxime
1007 3605 1040 3654 ad
1052 3605 1188 3656 Tiberium
1199 3606 1347 3669 pertinet·
1355 3629 1385 3642 ·-

297 3688 326 3737 la
346 3688 471 3736 uniuerso
490 3692 580 3738 autem
600 3687 670 3739 bello
691 3690 797 3739 Raetico
816 3690 916 3752 primae
935 3691 1025 3754 partes
1046 3691 1132 3740 Druso
1148 3684 1230 3740 ceteri
1242 3690 1385 3754 scriptores

296 3771 404 3834 praeter
415 3770 511 3820 Tiberii
524 3771 697 3834 adulatorem,
711 3772 850 3832 Velleium,
864 3771 990 3823 tribuunt.
1004 3773 1070 3824 Vide
1080 3775 1280 3823 etiamSueton.
1294 3771 1382 3825 Claud.

298 3857 321 3904 4.
341 3853 413 3906 Unde
432 3853 506 3903 iacile
524 3854 686 3918 intelligitur,
706 3857 842 3920 quomodo
859 3857 958 3908 iactum
970 3857 1017 3918 sit,
1036 3861 1065 3908 ut
1082 3857 1133 3908 hoo
1150 3858 1267 3908 carmine
1286 3859 1385 3908 Drusus

296 3938 427 4002 imprimis
439 3939 583 3988 Raetorum
594 3937 844 4005 Vindelicorumque
856 3943 941 3992 victor
953 3945 1103 3992 caneretur.
1122 3943 1267 3992 Raetorum
1280 3941 1385 4005 inquam

298 4027 324 4072 ct
340 4020 552 4079 vindelicorum
576 4021 648 4085 quod
666 4024 737 4074 enim
754 4024 888 4076 Bentleius
906 4025 1035 4086 aitimaat,
1053 4027 1170 4076 Drusum
1188 4037 1251 4075 cum
1270 4023 1384 4074 Vindeli-

298 4109 336 4159 ris
358 4109 474 4165 tantum,
501 4119 562 4156 oum
581 4107 668 4156 Raetis
686 4106 820 4159 Tiberium
841 4121 988 4172 pugnasse,
1016 4109 1041 4158 id
1060 4121 1121 4160 cum
1144 4109 1169 4158 iu
1188 4107 1280 4158 velleii
1297 4105 1384 4158 verbis

297 4197 401 4252 aterque
417 4192 502 4240 divae
514 4191 631 4252 partitos
642 4193 730 4242 Raetos
743 4192 926 4255 Vindelicosqae
936 4193 1049 4258 oppressi
1066 4192 1220 4256 neutiquam
1240 4192 1310 4252 insit,
1330 4195 1383 4239 tam

299 4278 325 4326 rt
341 4275 462 4326 eiusdem
479 4273 571 4325 Velleii
588 4274 647 4326 loco
666 4274 716 4326 alia
736 4277 775 4340 (T,
797 4277 881 4340 444),
901 4276 946 4328 ubi
968 4277 1103 4327 Tiberium
1123 4275 1304 4326 l'iadeliconm
1322 4276 1383 4324 Rae-
