2992 4978
493 448 552 497 Llll.
571 449 613 498 lll.
649 449 677 498 C.
697 448 738 497 lV.

330 603 452 690 Pingue
475 613 585 670 tenent
607 601 735 670 humilis
758 604 901 680 Forenti,

247 741 282 808 Ut
304 753 371 808 tuto
394 742 434 809 ab
458 744 535 810 atris
558 763 696 830 corpore
719 744 840 830 viperis

246 865 424 932 Dormirem
447 876 480 931 et
501 866 600 940 ursis,
625 875 660 930 ut
681 886 849 952 premerer
870 886 963 932 sacra

285 987 456 1072 Lauroque
479 985 660 1074 collataque
684 997 805 1075 rnyrto,

326 1111 395 1174 Non
421 1108 491 1174 sine
514 1108 564 1175 dis
587 1109 752 1176 animosus
778 1108 888 1174 inians.
1162 1113 1203 1174 20

244 1268 372 1344 Vester,
397 1269 570 1342 Camenae,
595 1279 704 1334 vester
726 1269 757 1332 in
780 1267 900 1334 arduos

244 1388 351 1454 'lollor
372 1388 524 1465 Sabinos,
548 1411 608 1456 seu
630 1388 706 1454 mihi
730 1389 878 1476 trigidum

286 1512 461 1577 Praeneste
485 1533 544 1578 seu
567 1510 665 1577 Tibur
687 1513 838 1598 supinum

327 1633 393 1699 Seu
417 1632 560 1720 liquidae
582 1632 736 1721 placuere
761 1632 868 1700 Baiae.

182 1831 220 1880 tt.
238 1833 355 1881 Ferreoli
372 1831 405 1890 li,
428 1832 527 1880 Ferenti
544 1833 590 1890 Sc,
609 1833 674 1882 item
691 1843 731 1895 pr.
751 1833 771 1882 Τ
789 1834 817 1881 et
834 1845 903 1881 corr.
924 1831 950 1880 b.
989 1833 1057 1883 Tuur
1074 1835 1126 1884 tet
1144 1838 1171 1884 et

154 1903 231 1956 Bentl.
252 1906 291 1968 (ut
309 1919 370 1962 noe,
391 1906 427 1969 d.)
448 1933 474 1942 -
494 1906 541 1954 Vv.
562 1906 668 1956 ti-PO.
689 1906 714 1955 in
732 1907 750 1956 a
770 1906 875 1956 desunt.

124 2080 200 2132 tribus
222 2083 263 2134 liis
286 2081 396 2147 Apuliae
419 2083 536 2145 oppidis,
562 2083 640 2132 riete-
677 2077 754 2132 θεῶν
769 2076 852 2152 ἄτερ,
876 2076 931 2133 οὐκ
948 2077 1039 2134 ἀθεεὶ.
1058 2085 1154 2147 Odyss.
1174 2101 1202 2140 σ.

123 2157 214 2218 matie,
232 2157 313 2208 hodie
328 2157 467 2218 Acerenea,
486 2158 591 2216 Baretta,
611 2157 637 2208 h.
678 2157 735 2206 35³.
755 2155 834 2220 (iliad.
849 2171 876 2217 a,
895 2158 956 2206 res:
976 2151 1030 2216 οὐχ
1044 2151 1086 2223 ὅγ’
1097 2154 1204 2210 ἄνευθε

124 2231 198 2280 linesi
222 2245 243 2282 s.
275 2233 366 2292 Varini,
397 2233 515 2292 Forento,
546 2231 638 2290 hodie,
677 2227 747 2280 decri
760 2227 828 2280 τάδε
837 2233 978 2295 μαίνεται.
998 2233 1089 2294 Hace.)
1109 2259 1135 2268 -
1149 2235 1205 2283 ani-

123 2309 148 2354 ιιι
164 2305 279 2366 videtur,
299 2307 375 2358 vicus
387 2305 474 2357 dictus
486 2308 495 2354 i
507 2307 641 2357 Cesteitani
677 2308 767 2371 moes]
787 2308 847 2357 «Dis
863 2320 905 2356 rne
918 2307 1053 2358 tuentibus
1066 2309 1205 2372 imperter-

122 2380 171 2428 sive
180 2382 189 2428 i
198 2381 310 2440 Uesuui,
325 2381 372 2430 tria
384 2379 427 2430 vel
439 2383 565 2444 quattuor
576 2379 638 2430 mill.
678 2383 744 2432 ritus
759 2394 853 2432 somno
868 2381 1009 2445 tranquillo
1026 2382 1203 2445 gaudebam.»

121 2467 185 2517 pass.
211 2454 246 2504 ab
272 2454 402 2506 hodierna
431 2457 559 2516 Forento,
590 2455 639 2506 cir.
709 2458 750 2507 it.
773 2458 862 2522 l'ester]
882 2459 926 2508 «ln
943 2461 1034 2508 vestra
1052 2459 1204 2511 etiamnunc

122 2529 258 2579 itomanalli
283 2530 433 2594 Topopratie
456 2531 495 2579 del
516 2543 594 2594 reptio
616 2531 641 2580 tii
678 2545 739 2582 sum
756 2532 850 2592 tutela,
870 2546 951 2596 quam
964 2533 1114 2585 iarninians
1126 2535 1206 2585 ruira-

120 2603 206 2666 lt'apoti
228 2606 258 2654 ll.
284 2617 345 2668 pag.
367 2603 425 2654 aaa.
448 2608 475 2654 et
499 2604 640 2655 Lomhardi
678 2605 739 2657 culo
757 2606 799 2657 illo
818 2610 941 2658 servatus
959 2611 1085 2672 expertus
1103 2623 1204 2660 erem.»

119 2679 238 2730 Απιιειιιὰ
254 2681 282 2728 ιιι
299 2679 439 2730 Basilicete
456 2680 483 2730 in
497 2680 571 2730 Men.
586 2679 640 2728 delt'
710 2683 751 2731 it.
771 2682 811 2732 23.
833 2683 921 2746 Tollor]
942 2685 1064 2734 «montes
1081 2682 1140 2733 illos
1156 2682 1205 2732 ad-

119 2753 172 2803 lsst.
194 2755 220 2803 di
240 2768 353 2818 concep.
375 2754 483 2804 oreleol.
506 2756 577 2804 Fasc.
597 2755 639 2804 lll.
679 2756 806 2806 scendo.»
828 2757 901 2806 Ovid.
918 2759 979 2807 Met.
994 2759 1022 2817 7,
1042 2758 1104 2806 779:
1132 2757 1206 2808 Collis

118 2841 141 2892 p.
154 2829 209 2878 ilo.
230 2831 347 2892 Uterque
359 2831 450 2879 eutem
462 2830 576 2893 scriptor
587 2842 643 2880 ser-
679 2843 747 2892 uper
768 2831 843 2880 medii
862 2831 976 2880 maeotis
997 2831 1108 2880 inminet
1120 2831 1204 2880 eree:

119 2907 159 2952 rat
177 2905 340 2968 scripturam
360 2905 505 2962 Feretrium
529 2919 561 2954 ac
577 2917 642 2955 sane
681 2905 762 2955 rotor
781 2919 817 2954 eo.
842 2930 869 2940 -
893 2906 1031 2969 Praeneste]
1055 2905 1135 2954 hodie
1155 2907 1206 2954 Pu·

118 2977 392 3040 apudDiodorumttl,
407 2979 640 3049 tittestdsps'veq.
678 2979 797 3038 ιοιιήιια,
825 2980 889 3028 Latii
912 2978 1056 3042 oppidum,
1085 2980 1110 3028 in
1128 2981 1205 3030 cuius

119 3052 167 3102 lios
184 3053 244 3103 cod.
267 3053 405 3115 antiquiss.
425 3055 453 3103 B.
468 3057 495 3104 et
505 3055 585 3104 Faeni
597 3068 643 3106 se·
680 3051 754 3102 villas
766 3055 867 3102 aestate
880 3053 1011 3103 secedere
1024 3053 1207 3104 solebantlio·

119 3128 167 3176 cuti
184 3139 290 3178 sumus.
680 3127 760 3186 mani,
775 3127 879 3189 trigoris
891 3127 1014 3191 captandi
1026 3129 1118 3190 gratia
1131 3128 1203 3190 virg.

149 3203 186 3252 ti.
204 3201 645 3263 Utnonesttinale,sedconiun-
680 3203 746 3251 Aen.
766 3202 794 3260 i,
819 3201 879 3252 682:
910 3203 989 3250 altum
1010 3203 1148 3251 Praeneste.
1176 3228 1203 3236 -

119 3277 231 3337 gendum
250 3289 314 3326 curn
329 3291 373 3326 vv.
386 3279 480 3327 miram
491 3279 558 3340 quod
567 3279 643 3342 soret.
679 3275 804 3338 sepiam]
825 3277 851 3325 in
870 3273 965 3324 declivi
983 3274 1057 3326 collis
1075 3277 1150 3340 parte
1168 3275 1206 3325 si-

119 3351 250 3402 SicTacit.
266 3353 375 3410 Histt,
394 3351 440 3401 79:
459 3354 642 3416 llimemdictu,
681 3353 747 3401 tum.
774 3351 825 3400 Cir.
845 3349 932 3399 Strab.
951 3351 979 3410 s,
1005 3364 1031 3414 p.
1050 3349 1107 3400 238.
1142 3351 1206 3401 lmi-

117 3428 143 3472 at
157 3427 188 3474 rit
199 3426 282 3476 amuis
293 3427 474 3476 &mistarum
487 3428 568 3477 metus
578 3428 645 3478 velut
681 3429 751 3477 tatus
769 3429 811 3477 est
827 3428 853 3476 in
872 3425 1015 3487 ἐπιθέτοις
1032 3423 1163 3476 luvenalis
1179 3424 1203 3485 3,

118 3504 276 3564 eatroipsos.
291 3499 356 3551 Plin.
370 3501 437 3565 Epp.
452 3503 481 3562 i,
501 3503 530 3552 6:
549 3503 645 3554 Miner
682 3501 742 3550 49οι
760 3500 844 3564 gelide
859 3502 998 3550 Praeneste.
1012 3514 1037 3549 v.
1052 3500 1114 3550 tea:
1130 3500 1206 3562 proed

117 3581 162 3634 est,
188 3581 217 3626 ut
240 3577 342 3626 animate
364 3577 503 3640 epitetiom
527 3583 645 3642 motuque
683 3577 778 3626 lituis
794 3589 861 3625 arce.
881 3574 1150 3638 Similiterpendulem
1160 3577 1207 3624 Se-

117 3653 228 3713 corporis
244 3652 376 3700 acciteteer.
392 3677 420 3687 -
433 3652 505 3716 atris]
523 3666 644 3704 veneno-
680 3652 743 3700 tiam
766 3650 831 3700 dixit
853 3649 978 3701 Martialis
995 3649 1025 3710 l,
1050 3649 1095 3711 ot,
1119 3651 1159 3700 33.
1179 3653 1207 3698 et

117 3725 152 3775 sis
184 3728 356 3788 mortemque
386 3725 580 3788 minitantibus,
615 3730 645 3778 ut
682 3725 893 3786 tartaree.
906 3725 1032 3776 etiamad
1045 3724 1092 3777 Od.
1105 3728 1128 3786 Ξ,
1142 3726 1166 3785 6,
1180 3728 1203 3774 tt.

118 3799 185 3863 virg.
204 3803 253 3850 (ie.
273 3800 300 3861 i,
321 3799 381 3850 tae:
403 3800 447 3850 lite
462 3801 645 3852 maturuisse
713 3800 754 3851 at.
774 3799 987 3864 liquidae-liniae]
1008 3803 1074 3850 ιΑιιι
1092 3803 1118 3850 in
1130 3801 1206 3863 aquis

117 3875 270 3935 serpentibus
286 3874 384 3924 eddidit
400 3876 473 3924 atris.
681 3877 850 3936 constitutae,
870 3878 916 3926 aut
926 3874 1078 3934 deliciosae,
1093 3877 1148 3926 sive
1160 3880 1207 3924 ae·

150 3947 190 3998 48.
209 3948 284 4012 arsis]
302 3947 376 3998 Ovid.
394 3946 566 4000 ilelieutti:
585 3951 646 4000 Foe-
681 3951 821 4014 deperi.»
851 3952 942 4000 Senos.
963 3953 1042 4007 (inno.
1069 3951 1205 4000 Postrema

117 4021 163 4070 dus
178 4023 287 4072 Lucanis
299 4023 646 4084 prwoleitururseselten-
681 4025 864 4088 interpretatio
897 4027 1022 4088 praestet.
1057 4025 1138 4073 Voss:
1168 4023 1208 4070 die

118 4096 170 4145 trie.
191 4121 219 4133 -
240 4103 268 4147 ut
279 4098 417 4163 ρνωηονον]
437 4099 523 4149 «totus
538 4101 645 4162 tegerer
681 4100 765 4150 lleitre
789 4115 834 4150 ren
858 4101 946 4150 Baiae.
975 4098 1032 4162 (des
1058 4097 1207 4146 &meatim-

119 4175 245 4234 congesta
262 4171 337 4222 lauro
354 4172 475 4237 Apollini,
494 4175 584 4236 myrto
595 4175 645 4224 Ve-
680 4175 784 4224 meede
806 4175 886 4225 Betae
908 4172 1018 4234 Platen.)
1047 4171 1153 4222 (turtius
1176 4171 1204 4223 8.

119 4247 175 4294 neri
193 4259 296 4298 uera.»
683 4248 727 4299 li:
768 4249 901 4310 liquidiore
927 4249 981 4298 luce
1008 4247 1134 4308 aperiente
1161 4245 1207 4292 lto-

150 4320 192 4368 20.
217 4323 273 4372 Noa
295 4324 347 4374 eine
370 4323 420 4386 dis]
445 4327 473 4373 ut
496 4325 587 4374 Graeci
609 4317 644 4374 ori
681 4329 750 4374 steen.
766 4325 925 4387 Campaniae
936 4325 994 4372 erat
1005 4319 1134 4384 oppidum
1145 4332 1208 4382 pro-
