2992 4978
661 443 789 503 nouam
808 443 977 494 CARMINUM

445 603 511 666 Nee
532 600 652 687 loquax
673 597 750 665 oiim
771 619 879 686 neque
901 607 1003 684 grata,
1030 619 1116 664 nune
1138 606 1170 664 et
1338 599 1354 660 5

445 722 586 787 Divitum
608 720 727 786 mensis
750 729 783 786 et
804 721 907 786 amica
929 717 1072 806 templiS,

442 843 501 909 Die
525 842 653 917 modos,
677 840 769 931 Lyde
792 841 910 929 quibus
933 841 1109 906 obstinatas

529 962 675 1050 Applieet
696 982 809 1038 aureS,
831 958 833 966 ’

443 1116 534 1195 Quae
557 1111 645 1179 velut
665 1111 737 1178 latis
760 1132 846 1199 equa
868 1111 960 1176 trima
983 1111 1105 1197 campis

443 1234 539 1301 Ludit
559 1233 708 1300 exsultim
730 1232 909 1320 metuitque
932 1233 1032 1320 tangi,

444 1357 632 1443 Nuptiarum
655 1375 772 1442 expers
795 1363 828 1420 et
849 1353 955 1420 adhue
978 1364 1129 1441 protervo

529 1477 637 1543 Cruda
662 1476 786 1542 marito.

443 1631 488 1694 Tu
510 1637 602 1715 potes
625 1628 723 1714 tigres
746 1627 947 1713 comitesque
970 1625 1066 1692 siivas

340 1791 364 1840 8.
384 1790 455 1839 444444
470 1788 519 1838 BT.

274 1939 314 1989 νῳ
334 1915 474 1989 φόρμιγγι
494 1918 578 1979 νέους
599 1913 797 1982 κελαδήσομεν
834 1915 929 1980 καλῶς
954 1909 1053 1982 μὲν
1033 1932 1070 1966 αν
1095 1929 1140 1966 τοι
1165 1911 1217 1966 τὸν
1241 1914 1363 1976 χαλινὸν

275 1991 441 2062 ὕμνους-
459 1993 550 2054 nemu]
568 1990 699 2042 ablativus
709 1993 797 2055 potius
834 1989 1004 2056 ἐμβάλοιμι,
1028 1983 1199 2052 ψΗνίαςδ
1184 2005 1261 2050 εχων
1279 1995 1363 2062 στρέ-

274 2085 356 2137 quam
378 2069 491 2118 dativus
517 2067 657 2129 Utriusque
674 2069 798 2116 404444444-
834 2067 915 2130 φοιμ
937 2061 975 2116 ἄν
991 2061 1070 2131 ἀμφὶ
1087 2066 1214 2135 τέρματα
1236 2063 1360 2137 δρόμου.

274 2147 367 2197 ebonis
384 2141 506 2206 exempla
525 2142 707 2206 reperiuntur;
733 2140 798 2192 dati-
834 2140 895 2193 Νῦν
911 2139 943 2191 444
960 2136 1143 2206 λειμῶνάςτε
1159 2137 1285 2201 fidenam
1297 2140 1364 2193 κοῦ-

273 2235 323 2273 vus
341 2221 451 2271 satsat
472 2219 500 2278 4,
520 2217 548 2279 4,
568 2218 609 2267 46.
835 2213 879 2278 φά
895 2229 926 2266 rs
943 2213 1091 2286 σκιρτῶσα
1114 2216 1235 2278 παίζεις·
1261 2213 1363 2281 Δεξιόν

306 2299 331 2346 5.
359 2293 464 2356 4444444]
488 2292 514 2341 h.
533 2291 550 2341 4.
569 2292 596 2340 iu
616 2290 717 2342 bonam
733 2305 798 2356 per-
834 2287 889 2362 γὰρ
913 2292 1084 2362 ἱπποπιίρην
1107 2285 1162 2341 οὐκ
1178 2282 1257 2354 ἔχεις
1274 2290 1363 2356 ἑπιμ-
1410 2287 1412 2291 ’

273 2374 343 2430 tem,
367 2380 517 2426 ‹rmcauora
542 2370 572 2416 ut
594 2366 665 2431 apud
682 2369 797 2416 Graecos
834 2364 937 2432 βάτην.
950 2367 1083 2454 aristoph.
1098 2366 1207 2429 Lysistr
1222 2365 1298 2417 4308.
1319 2368 1364 2417 La-

275 2443 410 2494 interdum
436 2438 524 2503 λάλος
551 2443 578 2490 44
601 2438 700 2503 λοίλιος
725 2441 797 2492 idem
836 2455 949 2491 eaeuee:
979 2430 1032 2508 ᾆτε
1055 2436 1147 2490 πῶλοι
1170 2437 1195 2489 5¹
1219 2440 1253 2488 αἱ
1277 2437 1362 2512 κόραι

275 2517 347 2581 quod
364 2509 492 2576 εὔλαλος.
516 2515 558 2564 Sic
569 2514 702 2576 Meleager
718 2515 796 2564 Antii
834 2511 900 2585 Πὰρ
927 2511 979 2565 τὸν
1007 2508 1182 2606 Εὐρώταν
1173 2507 1363 2578 :spamam

275 2593 335 2641 P.i.
349 2605 376 2654 p
387 2589 443 2639 364.
463 2585 800 2657 σίοοάιιολάλοοςπτέρυ-
837 2605 931 2640 πυκνα
919 2583 1225 2654 ποδσϊνΑγιιονιῶαι.
1247 2588 1363 2639 Lucilius

275 2681 327 2732 γας
350 2665 441 2715 tribuit
472 2667 499 2714 at
527 2677 556 2714 se
587 2665 676 2728 ipsum
699 2661 799 2714 λάλιον
835 2666 911 2715 XXX.
931 2665 977 2714 td:
1007 2665 1046 2714 An
1070 2677 1115 2728 ιρο
1140 2669 1267 2714 bamam
1289 2669 1363 2726 atque

275 2743 353 2790 vocat
369 2741 447 2790 Anth.
465 2742 493 2790 P.
513 2740 532 2789 1.
549 2753 575 2803 p.
593 2738 698 2789 434-
726 2739 797 2803 oiim]
836 2741 989 2800 animosam,
1015 2739 1154 2788 ibessaium
1169 2743 1198 2786 444
1214 2737 1362 2787 indomitam

276 2817 435 2877 autequam
445 2813 552 2864 chordis
563 2814 688 2864 instructa
701 2815 798 2863 esset.»
835 2814 913 2878 frenis
935 2813 1049 2877 strtipmn
1065 2817 1124 2862 4444
1140 2813 1287 2872 4444444444
1308 2811 1362 2861 4444-

307 2889 448 2976 644444]
467 2887 611 2960 Οᾶγεερ
636 2889 699 2938 art:
724 2884 799 2958 φόρ-
836 2887 930 2938 mado?
953 2886 1024 2939 Alias
1047 2885 1243 2938 adolescentiae
1268 2886 1362 2949 imagi-

273 2961 378 3030 μιγξ,-
391 2957 580 3034 ἣνᾶραὸοιιτλ
582 2903 655 3013 ρθεολ
672 2965 799 3027 ποίησαν
837 2975 885 3014 nes
902 2963 980 3013 aiieri
996 2961 1120 3012 Sebiiier:
1145 2961 1292 3011 4444444444
1313 2961 1358 3011 0d.

274 3040 398 3110 ἑταίραν.
417 3039 487 3102 virg.
507 3040 552 3088 Ge.
572 3039 600 3099 4,
626 3039 689 3087 idi:
717 3038 755 3086 dis
776 3042 800 3086 et
837 3040 867 3098 4,
890 3037 935 3097 43,
960 3039 995 3096 4.,
1013 3037 1158 3094 4444444444,
1182 3037 1359 3094 4444444444,

273 3113 642 3175 meaeaeceptasacmuun
630 3112 796 3162 ii-bodtu-
836 3114 867 3174 5,
886 3111 910 3161 6.
934 3111 964 3172 8,
982 3112 1023 3161 44.
1029 3110 1226 3173 ,supraema
1250 3110 1298 3172 44,
1321 3110 1359 3159 44.

274 3189 378 3252 templis]
395 3189 538 3250 Dionysius
556 3186 612 3237 Hal.
632 3188 656 3236 7.
676 3199 703 3250 p
724 3185 796 3236 ti87.
835 3149 971 3246 44444443,
992 3186 1036 3244 44,
1056 3184 1096 3236 tt.

274 3266 364 3314 narrat
386 3260 474 3334 λύρας
501 3258 698 3349 ἑπταχόρδους
721 3255 799 3330 παρὰ
870 3261 909 3310 44.
939 3260 1070 3323 aasabim]
1098 3251 1178 3322 ἅπαξ
1206 3255 1361 3326 λεγόμενον

270 3335 422 3402 Ρωμσίσις
446 3335 477 3387 ἐν
502 3330 631 3397 ἁπάσαις
656 3331 798 3396 mvidiae-
836 3349 886 3386 nec
904 3337 1007 3394 tamen,
1030 3337 1060 3384 ut
1077 3335 1184 3398 opinor,
1209 3333 1311 3385 iactum
1328 3333 1361 3383 ab

274 3411 345 3461 σθαι
369 3417 433 3474 ταῖς
458 3405 593 3480 ἀρχαίως
615 3408 796 3475 θυηπολίαις.
835 3411 955 3468 Horatio;
984 3409 1079 3459 eadem
1096 3408 1216 3471 analogia
1234 3413 1316 3473 atque
1328 3415 1362 3460 tu-

275 3485 418 3536 4444444444
430 3485 564 3549 hodieque
574 3486 689 3535 Romae
683 3499 708 3534 m
718 3498 801 3536 sacri
835 3484 920 3545 4444444,
945 3484 1065 3544 strictius,
1086 3485 1211 3546 carptim,
1233 3485 1360 3547 4444444444,

275 3560 340 3610 ficiis
358 3560 479 3610 adhiberi
496 3560 646 3611 videmus.»
673 3563 796 3610 Possum.
835 3559 927 3609 44444444
945 3561 997 3608 eet.

307 3635 331 3684 9.
354 3634 420 3698 tutis]
444 3635 507 3686 444444
524 3633 643 3699 amplum
661 3634 737 3698 fugae
758 3635 800 3683 est
869 3635 908 3683 44.
923 3634 963 3682 44.
977 3633 1132 3694 Nuptiarum
1140 3632 1239 3697 supera]
1250 3633 1363 3683 «Etiam-

275 3709 416 3773 spatium.»
435 3710 547 3758 Daeierii
565 3711 637 3759 444444
652 3722 711 3758 voc.
729 3709 799 3758 otie-
835 3721 906 3758 nune
918 3709 1060 3758 immatura
1078 3705 1174 3771 cupido
1186 3701 1273 3770 equo,
1293 3707 1362 3770 tangi

274 3796 343 3832 sum.
365 3809 393 3817 -
410 3795 476 3844 equa
487 3783 571 3847 irim]
587 3785 723 3845 Frequens
734 3783 800 3831 ima·
836 3797 888 3835 non
902 3782 983 3834 volt.»
1007 3781 1241 3842 Quemadmodum
1253 3783 1280 3831 in
1292 3783 1363 3832 44444-

275 3871 317 3920 go
336 3857 452 3920 Theogn
472 3859 529 3907 4444
547 3855 634 3920 puelia
656 3855 690 3906 de
712 3859 800 3907 semet
836 3859 951 3908 creontis
962 3856 1034 3917 loeo
1052 3857 1184 3906 artissime
1197 3857 1363 3921 4444444344-

275 3935 345 3997 ipsa:
354 3923 483 3993 Ἵππος
469 3927 524 3997 4γώ
542 3927 617 3995 καλὴ
635 3923 798 3997 nuestus
836 3934 982 3995 iuratque,
996 3929 1182 3991 utitadicam,
1198 3929 1364 3980 confundun-

274 4006 333 4058 κτλ.
354 4010 492 4058 Anacreon
516 4008 618 4069 Fragm.
643 4007 684 4056 444.
703 4008 796 4069 Bergk.
835 4011 878 4057 tur
890 4018 976 4071 equae
989 4019 1075 4070 imago
1087 4007 1127 4065 et
1146 4004 1245 4068 deque
1259 4005 1363 4074 κυρίως

276 4085 315 4134 Fr
328 4065 367 4133 44.
387 4081 566 4132 8444444ίά444
584 4077 796 4151 Πῶλεθρῃκίη,
835 4081 963 4166 lequitur,
983 4081 1066 4144 Lyde
1087 4079 1207 4144 -4444444
1226 4079 1262 4129 de
1287 4079 1362 4130 444444-

275 4159 301 4207 44
312 4154 348 4222 δη
360 4171 397 4221 με
408 4151 495 4220 λοξὸν
506 4149 638 4220 ὄμμασιν
648 4153 799 4215 βλέτουσοι
837 4155 890 4216 uis,
908 4157 939 4205 ut
955 4157 1049 4204 Graeci
1067 4151 1185 4214 ψαύειν,
1203 4149 1357 4219 θιγγάνειν,

274 4229 392 4298 Νηλεῶς
420 4245 550 4296 φευγιις,
579 4227 688 4292 δοκέεις
714 4229 747 4280 δέ
770 4247 792 4295 μ
835 4224 1022 4292 ἅθικτος.-·
995 4230 1137 4279 -Crude
1162 4230 1252 4278 autem
1276 4230 1305 4278 ut
1328 4225 1359 4275 de

275 4300 359 4357 οὐδὲν
382 4304 485 4356 sida-'vau
508 4301 620 4368 σοφόν;
640 4300 714 4356 imit
739 4320 797 4364 τοι,
836 4304 980 4363 tractibus,
1001 4302 1135 4354 «noudum
1154 4305 1285 4353 matura.-
