2986 4974
519 457 577 506 titt.
598 458 627 507 ll.
664 461 691 506 tl.
713 460 752 507 lll.

484 1081 827 1148 cmm-

283 1283 427 1369 Aequam
451 1293 610 1348 memento
633 1282 731 1350 rebus
753 1285 785 1348 in
808 1285 918 1350 arduis

283 1405 421 1470 Servare
445 1414 600 1480 mentem,
625 1425 688 1470 non
712 1426 807 1505 secus
832 1407 863 1470 ln
886 1406 978 1472 bonis

364 1525 412 1591 Ab
435 1525 582 1592 insolenti
606 1537 816 1613 temperatam

174 1707 218 1756 lii.
256 1707 336 1756 inser.
356 1704 425 1770 vulg.
444 1705 481 1754 Ad
498 1705 549 1770 (C.)
566 1707 688 1767 bellium,
715 1708 801 1758 etsie
822 1708 888 1758 BST.
916 1735 941 1742 —
967 1708 1046 1758 Dellio
1063 1708 1105 1759 bc.
1134 1737 1158 1745 -

138 1781 163 1830 2.
178 1795 212 1830 ec
229 1779 392 1831 oenomaus
411 1780 476 1830 Cod.
496 1780 527 1838 ἀς
546 1794 561 1830 e
579 1781 700 1832 Lambini
718 1780 825 1832 duobus
842 1781 925 1832 Bentl.
947 1784 986 1846 (Ut
1002 1796 1060 1844 nos,
1079 1787 1161 1834 ceteri

138 1856 353 1992 ¹rpppmegspmnes
370 1854 500 1919 Bentleii.)
519 1857 551 1914 e.
565 1855 589 1904 3.
609 1862 728 1906 marten:
746 1871 797 1906 non
813 1871 907 1907 secre-
918 1884 933 1894 -
945 1863 1081 1920 eriperem
1098 1860 1163 1910 iter·

139 2091 182 2140 ΙΙΙ.
213 2091 315 2139 Seneca
340 2091 447 2140 suasor.
471 2104 497 2154 p.
523 2091 546 2140 7.
566 2091 633 2154 Bip.:
672 2093 756 2152 cerei,
776 2091 841 2141 scite
860 2091 1005 2142 admodum
1024 2092 1199 2143 ioeumeom-

105 2164 217 2214 Deitiom
240 2165 350 2214 Messeis
372 2165 494 2214 Ocminm
515 2164 635 2215 desulto-
672 2177 783 2215 munem
800 2165 834 2216 de
853 2169 927 2216 recto
945 2167 1013 2216 vitae
1031 2170 1198 2230 usuperira-

105 2252 166 2289 rem
183 2236 318 2289 bellorum
335 2237 451 2289 civilium
467 2245 555 2299 eoem,
574 2239 635 2301 quie
672 2240 760 2300 ctavit,
779 2240 812 2288 ad
830 2242 1007 2290 constantiam
1025 2255 1057 2290 ac
1075 2241 1198 2292 modera-

104 2329 122 2364 a
140 2315 274 2365 Dolabella
295 2316 329 2364 ad
350 2315 462 2366 Cossium
482 2317 636 2365 tremitensis
672 2315 772 2364 tionem
801 2317 881 2378 (quas
909 2315 1020 2365 virtutes
1048 2315 1072 2364 ei
1100 2315 1197 2366 deesse

41 2411 42 2416 κ
105 2389 215 2439 relidam
230 2389 277 2438 ribi
290 2394 381 2452 pectes
398 2395 445 2448 est,
471 2392 492 2438 si
515 2389 634 2440 Dctebet-
673 2389 784 2439 tortasse
801 2389 873 2438 baud
897 2389 1047 2452 ignorabat)
1072 2391 1105 2439 ita
1134 2403 1196 2440 eum

104 2466 157 2514 iem
182 2465 322 2526 ordered,
348 2471 371 2515 et
396 2479 413 2514 a
437 2465 522 2516 Cerdo
548 2465 634 2515 ddnde
672 2464 828 2524 exhortans,
862 2467 890 2514 ut
919 2478 952 2514 ue
983 2462 1063 2514 uliam
1087 2464 1196 2528 quidem

103 2539 224 2588 causeo
257 2540 292 2588 ad
321 2540 470 2598 Amantium
505 2540 635 2590 noobdme
671 2538 873 2601 reprehensoris
894 2539 1014 2602 speciem
1035 2542 1195 2590 assumeret.

102 2613 136 2662 eb
153 2613 262 2662 Antonio
284 2615 420 2678 transfuptt
440 2616 475 2664 ad
491 2616 631 2666 Caesarem
670 2611 757 2662 Nolim
768 2611 996 2664 autemcumaiiis
1007 2613 1197 2677 interpretibus

102 2689 150 2738 Hic
166 2693 203 2738 est
226 2688 333 2750 oetier,
356 2689 428 2738 cuius
448 2691 574 2754 Epistotee
592 2691 634 2739 io-
670 2689 797 2748 saluere,
813 2686 926 2738 Deliium
943 2691 999 2738 tum
1016 2689 1197 2740 conflictatum

102 2765 188 2812 aciooc
204 2763 240 2812 od
257 2763 415 2826 Cleopatram
425 2765 549 2828 suuntur.
578 2765 631 2814 Cir.
671 2775 733 2812 esse
756 2761 860 2813 fortuna
878 2763 985 2813 duriore
1012 2765 1092 2826 atque
1119 2776 1196 2814 mue·

103 2837 197 2888 Vellei.
223 2839 254 2898 2,
281 2837 321 2888 at.
352 2839 456 2889 Antrmii
482 2839 632 2889 Parthicam
671 2838 742 2886 stum
760 2837 866 2887 vixisse.

103 2911 322 2975 expeditionem,
357 2913 384 2962 in
412 2925 464 2976 qua
494 2915 632 2976 copiarum
703 2911 726 2960 i.
756 2910 882 2974 nequam]
903 2912 991 2960 «Furti
1012 2912 1195 2975 constantique

104 2988 287 3036 Romanarum
303 2987 371 3050 parti
388 2986 548 3050 praeluceat,
566 2986 634 3036 litte·
670 2985 760 3034 animo
781 2985 871 3048 perier
892 2985 1033 3036 adversam
1054 2987 1194 3048 fortunam,

103 3063 140 3112 ris
164 3061 311 3110 mandavit.
347 3060 441 3110 Strabo
460 3061 504 3123 it,
527 3075 554 3124 p.
573 3061 630 3110 523.
670 3059 691 3108 si
713 3071 832 3121 unquam
855 3058 902 3108 tibi
919 3062 1117 3123 superveniet.»
1146 3062 1196 3110 Ar-

105 3137 211 3185 uPaene
226 3134 362 3184 exciderat
371 3148 491 3186 errorem
502 3137 631 3198 castigare
670 3131 808 3183 cbilocbus
831 3134 871 3182 Fr.
894 3133 934 3183 58.
958 3133 1122 3184 Schneider.
1141 3133 1192 3184 vel.

103 3209 244 3268 Torrentii,
256 3207 368 3258 Dellium
378 3208 542 3260 desultorem
550 3209 632 3260 bello·
670 3207 710 3256 60.
729 3207 827 3270 Bergk:
853 3203 928 3272 μήτε
950 3204 1038 3257 νικῶν
1054 3201 1195 3273 elicoeides

102 3297 163 3334 rum
182 3282 299 3334 civilium
316 3297 331 3332 e
349 3282 432 3333 Dellio
449 3284 576 3335 historico
591 3285 632 3334 di·
669 3275 794 3348 ἀγάλλεο
816 3278 896 3346 Μηδὲ
919 3281 1048 3347 νικηθεὶς
1071 3281 1102 3333 ἐν
1123 3279 1194 3349 οἴκῳ

103 3371 214 3409 versum
223 3359 389 3412 statuentis.»
408 3359 555 3408 liubulr.ad
566 3357 629 3409 Vell.
669 3352 841 3406 καταπεσών
864 3350 977 3427 ὀδύρεο.
1018 3355 1101 3407 Plaul.
1126 3357 1192 3408 aud.

103 3433 119 3483 l.
133 3433 150 3483 l.
181 3431 303 3496 [bellium
320 3431 436 3497 aliquem
448 3435 632 3484 Antoniirriu-
669 3433 701 3491 2,
720 3431 749 3492 3,
768 3431 796 3480 ii
811 3445 817 3480 ε
835 3431 939 3481 Animus
956 3445 1051 3494 aem
1066 3437 1196 3494 optmmen

102 3503 168 3558 δικά
186 3509 308 3558 nominat
323 3509 372 3558 Dio
390 3507 435 3568 itt,
454 3509 494 3558 39,
513 3508 548 3558 ad
564 3521 588 3558 a.
603 3523 629 3558 u.
668 3511 703 3556 est
719 3519 857 3556 aeramnae
868 3507 1057 3556 condimentum.
1086 3508 1192 3558 Lucret.

103 3584 211 3644 citt),
231 3595 313 3646 quem
331 3585 421 3634 tamen
438 3582 472 3634 ab
489 3583 630 3634 Horatiano
668 3583 697 3642 5,
722 3581 801 3631 itio:
833 3582 925 3642 Quodsi
949 3583 1005 3644 quir
1028 3595 1091 3631 cero
1114 3583 1194 3632 υίιαοη

103 3656 629 3721 diversumputant.i-Q.Deliiustunc,
667 3657 766 3706 ratione
789 3655 925 3727 pubescat,
952 3657 1063 3706 Divitiae
1085 3657 1195 3720 prender

104 3747 166 3784 eum
189 3744 298 3782 carmen
320 3733 373 3783 hoc
390 3733 568 3796 compositum
590 3735 631 3783 est
667 3731 1190 3793 bonanisuntoioerepercedcouoanimo.

104 3811 135 3868 [a.
154 3821 182 3858 u.
202 3821 226 3858 c.
246 3807 404 3870 rut-tarr),
432 3807 538 3858 videtur
562 3808 631 3857 inter
699 3806 724 3855 2.
751 3805 778 3854 in
800 3804 881 3869 boob]
905 3819 955 3856 noe
977 3819 1046 3856 seces
1068 3819 1099 3856 cc
1123 3805 1193 3856 bone

104 3883 226 3934 Caesaris
248 3881 462 3944 Maecenatisque
488 3880 629 3932 remitteres
666 3879 748 3930 babet
766 3881 846 3930 etiam
864 3879 1034 3932 Hildebertus
1051 3881 1115 3930 Mor.
1130 3881 1192 3930 Phi-

104 3957 193 4018 iuisse,
209 3958 375 4020 quepropter
387 3958 411 4006 ei
423 3969 533 4006 carmen
545 3968 629 4007 uuum
666 3953 715 4006 ios.
738 3967 798 4018 pag.
822 3954 890 4016 oto..
918 3955 967 4006 sed
993 3957 1034 4005 est
1055 3967 1087 4004 ex
1109 3953 1188 4017 gloss.

104 4031 207 4092 saitem,
224 4035 253 4081 ut
264 4029 321 4081 aliis
333 4031 455 4082 eiusdem
467 4030 629 4082 condicionis
666 4031 793 4080 Ceterum
805 4041 980 4079 uumeromm
991 4029 1127 4093 quandam
1141 4031 1193 4078 tar-

102 4107 173 4166 viris,
195 4105 343 4156 inscribere
362 4107 531 4156 humanitatis
549 4109 575 4156 et
593 4105 631 4155 oi·
666 4104 776 4155 ditatam
793 4105 873 4167 utque
891 4103 1108 4168 aequabilitatem
1124 4116 1190 4153 eon-

106 4181 154 4232 iicti
172 4181 214 4231 sui
235 4181 309 4231 drmit
325 4181 456 4230 Horatius.
493 4181 545 4231 Sed
566 4192 627 4229 cum
666 4177 734 4228 sulto
756 4179 781 4228 in
804 4179 844 4228 iris
866 4180 974 4228 secutus
997 4179 1038 4228 est
1058 4177 1188 4236 Horatius,

105 4269 154 4305 nec
167 4255 244 4306 vaide
257 4255 390 4306 familiaris
402 4256 425 4305 ei
439 4257 520 4314 esset,
539 4267 627 4316 neque
665 4267 733 4317 quae
747 4253 840 4303 iterato
852 4254 1022 4316 imperativo,
1041 4255 1188 4313 temperato,

106 4331 240 4381 bominem
262 4329 416 4392 ambiguum
440 4330 518 4379 nimis
540 4329 628 4392 suspi-
666 4328 729 4378 mibi
747 4327 856 4390 quidem
874 4326 928 4377 toiii
945 4326 1058 4376 videtur.
