3080 4980
726 460 854 510 llORllTll
871 459 1040 514 CAthllNUlll

706 941 941 1003 cnm
968 941 1043 1002 W·

397 1114 537 1182 Solvitur
559 1113 643 1180 acris
667 1113 769 1181 hiems
790 1122 881 1201 grata
903 1113 974 1178 vice
996 1112 1082 1178 veris
1104 1121 1137 1178 et
1160 1113 1294 1189 Favoni,

399 1314 439 1363 lv,
475 1317 556 1364 inser.
579 1311 646 1376 volg.
682 1311 720 1362 Aa
744 1313 771 1361 L.
801 1311 906 1362 Sestius
932 1312 1096 1362 conminuere.
1124 1337 1150 1347 -
1174 1313 1212 1361 Ad
1233 1312 1340 1362 &uiuo
1360 1314 1390 1363 ds

366 1402 443 1439 veram
461 1394 570 1451 ternpore
590 1389 614 1438 S.
634 1387 691 1437 Om.
711 1387 739 1435 T.

364 1567 405 1616 IV.
441 1568 571 1630 Tempus,
599 1577 652 1629 quo
675 1565 726 1614 hoo
747 1577 856 1615 carmen
894 1560 1064 1626 ithyphallieo
1082 1565 1248 1613 constantem
1260 1565 1361 1614 invenit
1371 1567 1422 1614 Ar·

331 1642 509 1704 compositum
527 1641 575 1700 sit,
594 1652 644 1690 nos
660 1638 736 1698 lutet;
755 1639 857 1690 Weber
894 1638 1039 1690 chilocbus.
1060 1639 1164 1701 Fragm.
1183 1639 1224 1689 85.
1244 1639 1419 1691 Schneidew.:

331 1716 412 1766 refert
427 1716 461 1765 ad
482 1729 507 1764 a.
526 1715 599 1774 its,
619 1715 681 1778 quin
703 1714 856 1778 Epodorum
895 1707 997 1764 olese'
1032 1707 1113 1778 ὁμῶς
1150 1710 1266 1776 siciliam
1306 1708 1422 1766 ἁπαλὸν

330 1791 422 1840 formis
460 1787 653 1853 posterioribus
690 1787 857 1852 temporibus
895 1785 979 1858 χρόα·
998 1784 1139 1858 κάρφεται
1156 1783 1212 1858 γὰρ
1223 1783 1288 1854 ἤδη.
1301 1793 1422 1840 -Pseu-

332 1866 385 1914 ism
402 1877 467 1914 usus
485 1877 536 1913 non
555 1864 601 1922 sit,
620 1862 720 1912 alliud
742 1875 765 1911 a.
788 1863 855 1922 7⁴8,
895 1861 1014 1913 dotibull.
1034 1862 1057 1922 3,
1077 1864 1102 1922 ὅ,
1121 1861 1149 1911 l:
1174 1863 1236 1913 Cum
1252 1877 1277 1914 so
1289 1878 1422 1928 purpureo

234 1963 242 1984 t
331 1937 473 1988 Grotelend
491 1937 525 1987 ed
543 1951 566 1986 a.
586 1938 647 1997 725,
671 1935 804 2000 plerique,
828 1939 857 1985 ut
893 1951 950 1988 uere
966 1938 1069 1990 remittit
1079 1937 1163 1988 biems.
1191 1939 1422 2004 Contrururnpe-

331 2012 521 2070 Walckenaer,
546 2011 578 2060 ad
603 2025 627 2060 a.
652 2012 725 2072 732„
748 2014 857 2075 propter
893 2013 920 2062 lu
931 2013 1024 2061 claudit
1040 2012 1117 2060 tium
1132 2012 1203 2075 Virg.
1218 2015 1311 2076 Georg.
1322 2015 1346 2072 ἲ,
1360 2015 1419 2065 3⁴7.

332 2087 409 2136 Sestii
427 2084 601 2136 consulatum.
638 2087 796 2150 inscriptum
817 2087 858 2135 est
894 2086 941 2136 0d.
962 2085 986 2146 l,
1006 2087 1046 2146 la,
1067 2085 1095 2134 l:
1122 2085 1190 2135 Veris
1206 2089 1422 2137 comites--aui-

330 2162 358 2210 L.
384 2161 483 2220 Sestio,
508 2173 591 2223 quem
608 2163 741 2223 Augustus
759 2173 856 2210 consu·
892 2173 950 2210 mue
969 2160 1096 2209 lbrociae.
1118 2187 1145 2195 —
1169 2160 1223 2210 Ver
1240 2165 1331 2212 eutem
1348 2163 1422 2226 apud

332 2233 386 2284 lem
404 2235 454 2284 sibi
473 2235 577 2285 suffecit
594 2249 618 2285 a.
638 2235 694 2285 73l.
729 2231 858 2285 Λούκιον
894 2237 1026 2285 Romanos
1051 2234 1195 2298 incipiebat
1217 2237 1258 2286 IV.
1282 2236 1320 2286 ld.
1339 2238 1419 2288 Febr.

330 2303 395 2359 ἀνθ’
418 2307 524 2360 ἑαυτοῦ
546 2306 672 2375 Σήστιον
696 2303 855 2370 (inbellem,
895 2311 933 2373 (D.
952 2307 993 2372 Χ.)
1012 2309 1085 2359 ovid.
1105 2310 1173 2359 Fest.
1187 2311 1212 2370 2,
1231 2311 1285 2362 tls.
1299 2311 1350 2363 vel.
1364 2313 1419 2363 Vll.

330 2379 378 2435 ciet
388 2399 419 2434 τε
430 2383 468 2451 τῷ
481 2381 598 2455 Βρούτῳ
610 2382 857 2436 ουσκοοδάσαντα
893 2383 931 2433 ld.
951 2383 1027 2433 Febr.
1047 2383 1105 2432 Vid.
1125 2383 1158 2433 ad
1176 2397 1201 2433 v.
1222 2386 1261 2434 ⁴7.

330 2459 380 2508 uel
392 2458 422 2508 ἐν
434 2457 507 2508 πᾶσι
517 2464 579 2521 τοῖς
588 2457 725 2524 πολέμοις
734 2475 857 2531 aucupa-
926 2459 950 2507 ἲ.
964 2457 1085 2507 lembum
1099 2471 1131 2508 ex
1143 2459 1229 2522 prima
1241 2459 1306 2510 sede
1320 2460 1357 2524 (ut
1368 2461 1417 2512 Od.

329 2529 472 2584 τεύσαντα
497 2535 547 2583 καὶ
571 2528 613 2583 ἔτι
641 2535 690 2584 καὶ
715 2531 781 2585 τότε
806 2537 856 2586 καὶ
893 2533 918 2592 2,
938 2532 978 2592 48,
997 2531 1031 2592 8.]
1056 2531 1190 2596 expulsuri
1213 2533 1310 2585 trustra
1328 2548 1422 2586 corre-

330 2605 554 2673 μνημονεύοντα
566 2602 657 2659 αὐτοῦ
674 2609 724 2659 καὶ
741 2605 856 2672 εἰκόνας
893 2608 989 2655 xerunt
1000 2607 1149 2668 ducuntque,
1168 2609 1232 2658 ilem
1245 2613 1420 2672 torquemque,

331 2676 438 2742 ἔχοντα
454 2683 504 2732 καὶ
521 2683 657 2746 ἐπαίνους
668 2680 854 2749 ποιούμενον.
893 2681 1198 2746 ttudtmtque(0udend.).
1210 2682 1422 2736 Librorumscri-

331 2758 380 2808 Dio
399 2759 472 2808 Cass.
492 2758 532 2818 53,
552 2758 592 2807 32.
615 2759 704 2821 (qnam
715 2760 795 2809 enimi
808 2774 858 2810 no-
893 2757 999 2819 plurem
1017 2755 1105 2806 firmat
1121 2758 1219 2808 Marius
1230 2758 1380 2810 Victorinus
1391 2773 1419 2823 p.

330 2830 856 2895 biliteleminAugustopraedicatetium
894 2831 951 2880 llil.
971 2829 1049 2882 Gaisl.
1069 2833 1097 2881 et
1113 2833 1213 2883 trabere
1228 2837 1302 2884 recte
1321 2834 1355 2886 de
1372 2847 1421 2884 na-

330 2905 437 2957 0vidins
449 2907 524 2956 Trist.
545 2907 568 2966 l,
587 2905 611 2967 l,
631 2907 671 2956 39.
691 2910 718 2957 et
734 2909 759 2970 Ξ,
774 2909 797 2970 l,
811 2908 855 2959 43:
893 2904 971 2956 vibus
989 2905 1040 2954 dici
1058 2906 1155 2957 evincit
1176 2909 1257 2957 etiam
1274 2910 1373 2961 Nonius
1390 2923 1418 2974 p.

332 2983 367 3032 Tu
385 2982 487 3030 ueniam
500 2982 571 3044 parti
582 2987 718 3044 superatae
733 2997 807 3046 saepe
818 2985 859 3033 de«
893 2979 950 3030 eal.
965 2981 1061 3032 Mare:
1080 2981 1166 3030 classis
1176 2982 1276 3032 trabere
1286 2984 1313 3032 iu
1324 2984 1420 3044 saluam

331 3058 401 3120 disti,
420 3057 477 3106 Nou
494 3070 654 3106 concessurus
670 3072 746 3120 quom
763 3059 807 3108 tibi
817 3059 857 3108 ui-
895 3056 937 3104 «in
949 3067 1039 3104 maren
1054 3057 1144 3104 autem
1156 3055 1265 3117 addere,
1280 3057 1352 3121 quod
1364 3059 1390 3108 h.
1400 3057 1418 3108 l.

330 3137 384 3183 etor
409 3130 486 3194 erut.)
528 3132 619 3182 Exstat
645 3134 702 3183 eius
731 3145 856 3184 nummus
894 3143 1027 3180 nonnemo
1045 3131 1219 3192 desideravit,
1243 3131 1306 3181 nibil
1324 3134 1420 3183 atune-

329 3205 382 3256 unt
408 3206 486 3254 amici
513 3207 671 3258 memoriam
695 3221 857 3259 conservans
892 3205 952 3265 beu
980 3219 1034 3269 quo
1060 3207 1132 3256 enim
1158 3203 1208 3255 olio
1233 3207 1420 3258 traherentur?

330 3280 402 3344 apud
423 3281 511 3329 Riceio
532 3282 568 3330 M.
590 3281 618 3330 F.
641 3283 670 3331 li.
689 3296 715 3346 p.
734 3283 796 3333 ata:
826 3284 854 3332 1,.
894 3281 990 3332 Scribit
1006 3281 1131 3343 vegetius
1148 3279 1182 3331 de
1195 3294 1224 3331 re
1236 3279 1290 3331 mil.
1304 3281 1328 3342 5,
1348 3281 1372 3332 9.
1387 3295 1420 3333 ex

330 3355 468 3405 SESTIVS.
495 3355 564 3404 PRO.
593 3357 621 3416 Q.
646 3360 655 3408 ΙΙ
681 3359 709 3418 Q.
734 3357 854 3407 CAEPIO.
894 3351 1419 3419 dielll.1d.Novembr.usqnaindiem

331 3429 461 3480 BRVTVS.
480 3429 549 3478 PRO.
569 3429 636 3478 008.
667 3431 733 3480 Cum
746 3433 803 3480 viro
815 3430 857 3480 illo
894 3427 935 3479 Vl.
955 3428 993 3478 Id.
1013 3430 1088 3480 Mart.
1108 3431 1192 3480 merie
1204 3429 1300 3481 claudi.
1321 3433 1420 3482 aliote-

331 3514 461 3567 generoso
474 3503 859 3552 amicitiemcoutrareratlio-
893 3504 924 3553 lte
938 3516 1007 3564 uero,
1026 3504 1124 3566 inquit,
1146 3509 1174 3554 ut
1198 3506 1236 3554 ito
1252 3507 1348 3568 dicum,
1370 3521 1421 3556 ue-

331 3577 422 3636 ratlus,
441 3589 504 3626 cum
521 3574 642 3626 tribunus
654 3574 766 3627 militum
777 3579 858 3629 Bruto
892 3578 1027 3642 vipaliouia
1050 3579 1161 3628 sedeunt
1182 3581 1317 3630 certaruiua
1333 3581 1421 3642 publi-

331 3651 484 3701 ducuerat.
511 3649 578 3700 Male
596 3649 681 3700 Codd.
700 3651 816 3702 nonnulli
832 3655 857 3703 in
893 3666 971 3715 eoque
990 3654 1129 3714 spectaculo
1149 3654 1288 3704 muliorum
1308 3657 1420 3718 pestium

332 3725 505 3788 Inscriptione
524 3725 552 3774 et
568 3724 715 3787 Porphyrio
733 3726 756 3775 ei
779 3725 860 3776 Pttblii
893 3727 1058 3778 celebratur.»
1093 3729 1246 3779 Gratissima
1264 3730 1341 3792 igitur
1352 3730 1420 3780 haee

331 3799 858 3866 praenomenpaternumtribuunt,quod
894 3803 995 3865 imago,
1019 3799 1053 3851 ab
1071 3803 1102 3852 ll.
1121 3801 1303 3867 Peerlcampio
1323 3805 1422 3855 acriter

331 3877 363 3926 iis
389 3888 421 3924 ex
443 3873 516 3923 Tullii
540 3875 657 3924 Sestiana
680 3877 768 3926 notius
790 3881 855 3928 erat.
894 3875 1073 3940 reprehensa,
1103 3876 1220 3928 debebat
1249 3891 1308 3929 esse
1338 3879 1420 3930 etiam

333 3953 432 4011 (Utrum
455 3951 545 3998 eutem
571 3949 686 4001 imitatus
712 3951 746 4000 sit
768 3950 857 4002 Alcaei
895 3952 1015 4011 Horatio,
1038 3954 1069 4001 ut
1084 3952 1257 4015 postmodum
1280 3952 1361 4004 Poulo
1378 3955 1421 4004 Si·

332 4022 396 4073 illud
414 4023 506 4086 (Bergk
524 4037 550 4088 p.
569 4025 649 4088 582.):
665 4016 754 4095 Ἦμος
770 4021 857 4076 duile-
894 4025 1021 4086 lentiorio,
1036 4026 1093 4076 eius
1105 4028 1131 4075 et
1142 4027 1270 4090 Propertii
1284 4027 1421 4078 interdum

332 4092 456 4163 μόεντος
467 4094 570 4148 aedibs
581 4098 764 4169 ἐρχομένοιο,
782 4114 858 4165 prom
895 4099 1032 4160 imitatori,
1060 4100 1137 4150 Antii.
1166 4099 1218 4170 Pal.
1244 4102 1274 4150 ll.
1296 4115 1323 4166 p.
1343 4101 1417 4152 asi:

332 4187 378 4223 sus
396 4171 527 4222 incertum
546 4175 654 4237 manet.)
886 4168 962 4245 ”Aput
978 4171 1010 4224 δὲ
1026 4172 1225 4246 δονρατέοισιν
1236 4173 1420 4241 ἐπωὶλσθησε

365 4248 388 4296 t.
416 4247 534 4312 Solvitur]
554 4249 629 4298 Hunc
649 4261 757 4299 versum
774 4261 857 4312 asyn-
893 4246 1053 4320 κολίνδροις
1067 4243 1173 4312 Ὁλκοὶς
1193 4243 1242 4299 ἀπ’
1266 4243 1373 4314 η’ϊόνων
1389 4250 1420 4314 ἐς

332 4322 447 4370 artetum
465 4334 498 4370 ex
515 4323 670 4371 tetrametro
683 4321 813 4384 dactylico
830 4326 857 4373 et
893 4319 988 4384 βυθὸν
1004 4322 1155 4388 ἑλκομένη.
1174 4325 1382 4400 Tuncmoebiuis,
1392 4325 1418 4374 iu
