3080 4980
556 419 615 470 rm.
639 419 656 468 r.
694 421 721 468 c.
744 418 770 466 ν.
1190 413 1223 476 at

315 573 456 662 Simplex
478 574 665 640 munditiis?
688 576 759 640 Heu
781 575 908 661 quoties
931 573 1028 638 lidem
1209 575 1228 634 5

314 697 517 783 Mutatosque
540 694 620 762 deos
643 695 733 762 llebit
755 705 787 762 et
809 716 926 782 aspera

379 817 485 904 Nigris
509 837 652 904 aequora
675 817 778 884 ventis

442 937 636 1004 Emirabitur
656 939 816 1038 insolens,

313 1099 374 1178 Qui
398 1118 483 1164 nunc
505 1107 537 1164 te
558 1097 673 1162 fruitur
694 1097 846 1166 credulus
869 1119 986 1178 aurea;

313 1220 375 1300 Qui
398 1240 529 1307 semper
551 1239 705 1295 vacuam,
729 1239 861 1307 semper
882 1220 1053 1287 amabilem
1194 1223 1229 1287 to

207 1441 231 1488 t.
251 1437 364 1500 aalma
380 1437 409 1486 T.
431 1463 458 1472 -
477 1436 501 1487 8.
519 1437 554 1486 at
568 1435 714 1496 mirabitur,
733 1436 782 1486 sed
800 1437 852 1487 tin
869 1438 1011 1501 mpuncto
1029 1439 1158 1499 notatum,
1172 1441 1196 1489 ir.

179 1513 208 1560 ur
222 1511 360 1562 mirabitur
376 1509 494 1562 malebat
509 1509 604 1572 Beati..
623 1511 796 1562 Demirobttar
813 1510 856 1562 alii
873 1511 973 1576 pluras,
993 1513 1047 1564 Heu
1063 1513 1199 1563 mirabitur·

177 1590 341 1650 Anonymns.

146 1766 233 1824 tiores,
252 1763 668 1828 praecipueadlacumtarium,
706 1760 848 1830 γόμενον,
885 1762 934 1816 sed
962 1765 1027 1816 satis
1055 1765 1187 1816 munitum
1215 1782 1231 1815 a

145 1841 169 1890 in
190 1841 273 1890 antris
294 1837 338 1889 val
360 1853 375 1890 a
400 1842 492 1890 natura
511 1839 610 1890 cavatis
627 1837 669 1888 vel
707 1839 791 1890 codd.
821 1841 961 1906 deperitur
988 1843 1128 1903 praeterea
1159 1843 1232 1906 apud

145 1917 198 1964 arte
216 1913 294 1964 tactis
309 1913 517 1978 viniapothecas
529 1913 630 1964 habere
643 1915 670 1964 in
706 1913 782 1977 Apul.
796 1915 863 1964 net.
882 1927 908 1976 p.
928 1913 985 1964 ait.
1005 1913 1072 1964 Oud.
1091 1916 1119 1965 et
1134 1917 1233 1966 Lucta-

144 1989 226 2052 iisque
242 1989 337 2052 potare
355 1991 435 2051 atque
454 1989 591 2040 amoribus
608 1989 667 2039 troi.
707 1989 772 2039 tium
789 1987 925 2039 Placidum
943 1989 1035 2039 Enarr.
1056 1987 1108 2040 lab.
1127 2003 1153 2053 p.
1172 1992 1229 2040 aar.

174 2063 198 2115 i.
221 2063 277 2126 Car]
301 2060 397 2114 Paulus
419 2061 463 2112 Sil.
486 2061 591 2114 Anthol.
614 2061 667 2113 Pal.
707 2063 811 2114 Mueck.
847 2064 893 2114 Est
911 2077 959 2114 rex
977 2064 1170 2114 intimoanimo
1187 2064 1234 2116 de·

144 2140 161 2188 1.
179 2151 206 2202 p.
226 2139 291 2187 tat:
318 2136 391 2187 Εἰπὲ
415 2139 471 2189 τίνι
497 2129 670 2202 aldiariva
707 2139 832 2200 mirari»,
856 2140 1056 2202 potiusquam,
1078 2141 1108 2188 ut
1124 2139 1166 2188 alii
1183 2154 1232 2189 vo-

143 2209 324 2282 ddorpoxov;
344 2212 440 2264 aculus
458 2214 484 2263 in
501 2214 613 2276 gratiam
624 2225 671 2276 pe-
707 2211 826 2274 lueruut,
847 2214 954 2264 amirari
965 2214 1115 2278 incipere»
1134 2213 1185 2274 vel,
1204 2217 1234 2263 ut

143 2289 191 2338 ctis
218 2287 308 2336 crines
334 2289 360 2336 et
385 2288 411 2337 in
436 2279 537 2336 noddm
563 2285 668 2350 rebgas‚
707 2286 827 2338 Oudend.
856 2287 890 2336 ad
914 2286 991 2352 Apul.
1018 2287 1034 2337 l.
1062 2287 1079 2336 l.
1111 2287 1232 2348 acrebro,

144 2363 268 2414 malente
295 2359 409 2424 simplici
434 2360 600 2424 naturalique
626 2375 671 2412 or·
706 2374 773 2414 voca
797 2363 824 2411 et
845 2363 922 2425 gestu
944 2361 1148 2412 admirationem
1173 2375 1234 2426 pro-

143 2438 242 2487 mina»
261 2437 292 2485 V.
310 2437 449 2488 marae
460 2436 541 2486 etiam
554 2436 580 2486 in
590 2449 670 2500 prosa
707 2436 799 2485 dare.»
828 2435 954 2488 Eiusdem
966 2437 1071 2500 generis
1084 2439 1146 2488 sunt
1161 2438 1233 2487 aloa

143 2514 208 2562 orat.
227 2523 361 2575 persaepe
379 2523 452 2561 num.
471 2509 539 2575 plur.
558 2524 672 2575 usurpa-
707 2511 769 2560 dare
785 2510 856 2574 apud
873 2511 981 2561 Festum
994 2511 1138 2574 (Ciceronis
1149 2513 1234 2562 ddun-

143 2590 185 2636 tur
201 2587 386 2650 significatque
405 2584 564 2648 elegantiam
581 2586 607 2636 in
625 2586 672 2636 ha·
707 2585 789 2651 dara),
811 2599 926 2636 romum
942 2587 996 2638 Cic.
1020 2586 1054 2636 ad
1072 2589 1144 2638 Fam.
1165 2589 1188 2647 t,
1207 2588 1232 2647 7,

144 2660 199 2710 bitu
217 2659 360 2723 cultuque,
379 2663 483 2710 remoto
501 2661 582 2710 nimio
594 2673 672 2710 orna-
707 2661 743 2721 9.‚
761 2665 874 2711 enatare
890 2659 977 2712 Manil.
996 2662 1021 2718 t,
1041 2660 1097 2712 ria.
1121 2673 1232 2726 prorsus

145 2739 180 2786 tu.
199 2733 275 2785 ovid.
295 2735 363 2785 Fast.
382 2735 407 2794 2,
426 2734 488 2785 iti:
506 2736 600 2784 Forata
612 2736 672 2797 pla·
708 2737 826 2807 mutare,
845 2735 992 2786 eonbmore
1009 2735 1097 2799 Virgil.
1111 2739 1176 2787 nen.
1190 2737 1233 2796 ta,

143 2817 230 2861 nt·-
244 2811 341 2872 Quiqao
364 2811 468 2872 marat,
494 2811 566 2860 amia
590 2812 672 2875 sactus
707 2811 764 2860 866.
798 2809 866 2860 Alibi
884 2809 944 2860 talia
961 2825 1004 2860 vv.
1018 2810 1233 2862 adsuumusum

144 2885 174 2936 ab
190 2889 248 2935 orta
264 2885 346 2934 decor.
379 2883 421 2934 nd
438 2885 517 2934 dativ.
536 2886 578 2934 cat
595 2899 671 2936 eom·
707 2885 849 2934 metricum
862 2885 990 2935 creabant
998 2889 1104 2950 potitae,
1116 2887 1147 2935 ut
1157 2883 1233 2935 ond.

144 2961 238 3024 parant
255 2957 348 3010 Tibull.
367 2958 393 3020 i,
412 2959 436 3020 6,
455 2961 484 3010 2:
505 2960 565 3010 Tota
582 2960 672 3010 tibtest
707 2961 782 3010 item.
801 2961 860 3010 Am.
876 2961 936 3010 ⁴30:
956 2961 1234 3010 dotor--emoderan-

143 3035 224 3096 bodie,
244 3034 289 3083 tibi
305 3047 331 3083 sa
352 3033 487 3084 laetasinto
507 3035 618 3096 contpsit.
641 3062 668 3071 -
707 3035 761 3084 dus.
777 3062 805 3071 -
818 3035 931 3100 insolata]
950 3036 1035 3099 prima
1053 3033 1150 3097 signil,
1169 3048 1235 3084 «an-

142 3109 244 3172 ttaomn]
264 3107 356 3173 Capilli
374 3109 435 3158 ssavi
452 3110 563 3173 propter
583 3109 671 3172 ipsam
708 3110 752 3158 tea
773 3109 893 3160 insuetus
916 3111 970 3160 tam
996 3108 1090 3159 celeris
1107 3109 1235 3157 immuta-

145 3186 280 3234 raritatem
298 3181 420 3234 abitalia
442 3195 491 3248 pro
513 3181 671 3247 pulchriori·
707 3183 798 3242 tionis3
818 3197 868 3234 nec
880 3185 936 3248 ipse
949 3185 1011 3234 satis
1023 3182 1150 3244 intelligit,
1170 3194 1236 3244 quo-

145 3257 194 3310 bus
211 3257 391 3309 habebantur.
708 3256 790 3308 modo
818 3259 872 3308 tam
901 3256 1035 3309 mutabilis
1063 3269 1123 3308 esse
1150 3257 1235 3320 possit

174 3334 198 3384 t.
216 3331 300 3398 fidon]
321 3331 549 3394 «quammultis,
567 3332 671 3384 etdeos
708 3331 822 3396 puella.»
858 3333 913 3382 Cic.
933 3332 1021 3384 deOr.
1036 3334 1060 3393 t,
1078 3333 1106 3382 7:
1127 3345 1234 3394 nooman

143 3409 169 3456 iu
186 3420 279 3458 amore
297 3405 347 3458 sibi
365 3406 493 3458 adversos
510 3407 669 3468 iamtactos,
708 3421 758 3456 rma
782 3408 889 3471 ipomaa
914 3413 937 3458 et
961 3409 1068 3458 imaeue
1094 3409 1144 3457 cet.
1181 3406 1231 3456 Sal.

145 3495 211 3546 quos
228 3483 358 3546 propitios
376 3481 540 3544 crediderat,
559 3495 591 3533 ac
607 3495 672 3546 pro-
710 3482 765 3532 Cat.
793 3482 822 3532 3:
849 3483 956 3532 insolam
979 3483 1108 3532 mamam
1129 3482 1232 3531 ortium.

145 3555 223 3608 cellas
246 3557 453 3620 quesierimus,
476 3557 504 3607 id
525 3558 578 3618 ast,
600 3557 671 3608 rixas
710 3556 816 3620 (Arguto
834 3569 898 3608 sane
916 3555 1014 3607 Bentl:
1044 3557 1138 3619 «Atqui
1156 3557 1177 3606 si
1194 3561 1234 3605 to-

144 3645 158 3680 a
185 3634 212 3681 te
242 3631 388 3681 concitatas
413 3630 455 3680 ille
482 3630 582 3681 flebit.»
618 3633 670 3681 lias
708 3631 752 3681 ties
769 3631 936 3693 emirabitur,
956 3630 1103 3695 quomodo,
1123 3643 1233 3694 quaeso,

145 3706 329 3755 contentiones
347 3707 671 3770 comparattempestati-
707 3705 831 3756 insolens?
849 3707 928 3756 Certe
946 3720 1000 3756 non
1018 3707 1067 3756 nisi
1079 3707 1164 3770 prima
1176 3706 1235 3755 vico

144 3778 193 3830 bus
215 3780 306 3842 ripis,
329 3779 433 3830 caelum
454 3780 668 3842 obscurantibus,
708 3780 814 3830 tinniens
840 3781 919 3830 erit.»
954 3780 1006 3830 Sed
1032 3781 1067 3830 ita
1088 3778 1236 3843 intelligen-

145 3857 173 3904 ut
187 3853 272 3917 Epod.
293 3854 333 3914 to,
352 3856 381 3904 ὃς
400 3855 472 3918 asper
486 3855 579 3904 Eram.
598 3855 669 3917 virg.
708 3854 786 3914 dum:
807 3855 895 3919 «prius
908 3853 1038 3914 insolens,
1057 3854 1177 3904 nondum
1189 3866 1238 3917 pu-

145 3929 235 3990 Georg.
263 3927 289 3988 t,
312 3927 378 3977 278:
401 3928 553 3992 alpert-imas
572 3929 668 3982 Auster.
708 3928 774 3979 ellae
792 3928 933 3993 perfidiam
951 3929 1112 3994 expertusa)

147 4028 171 4038 -
199 4003 367 4066 uanosque]
398 4017 467 4053 anon
496 4004 548 4052 iam
572 4004 621 4067 ipsi
643 4005 668 4053 in

145 4089 233 4126 amore
255 4077 392 4140 propitios,
411 4079 471 4141 quia
495 4078 596 4141 Pyrrha
618 4078 671 4142 pri-

145 4152 238 4203 stinam
249 4151 330 4202 tidem
340 4153 461 4214 mutavit,
472 4152 498 4201 id
508 4155 557 4213 est,
566 4153 667 4216 tregit.»

176 4226 199 4277 8.
226 4227 391 4290 Emtrobitar]
417 4229 447 4277 ln
468 4240 563 4286 aurea,
585 4241 667 4290 quam
740 4230 779 4278 td.
798 4229 914 4292 vocamn]
935 4228 984 4278 aab
1003 4225 1236 4286 aliisamatoribus

146 4299 246 4364 dsunt,
273 4302 411 4354 Latinitate
433 4315 504 4352 nunc
523 4293 602 4366 ἅπαξ
621 4299 667 4352 λε·
707 4301 813 4367 sibique
831 4303 909 4354 unice
921 4301 1055 4354 deditam»
1074 4299 1161 4352 ut0d.
1175 4311 1234 4364 seq-

739 4041 763 4090 9.
783 4041 871 4106 aureo]
892 4040 1031 4092 nomnibus
1049 4040 1132 4091 rebus
1149 4041 1238 4104 perle-

707 4119 749 4166 cta
768 4118 794 4166 et
812 4115 1030 4168 formosissima.»
