2986 4974
511 439 569 488 litt.
590 439 619 487 ll.
656 442 684 486 (Σ.
707 439 723 487 l.
814 481 815 487 ,

285 595 397 680 ignara
421 592 520 658 belli?
542 594 630 680 qnod
655 615 742 660 mare
765 595 910 660 Dauniae

322 718 392 780 Non
415 715 646 782 decoloravere
669 715 812 782 caedes?

368 840 461 917 Quae
484 849 574 903 caret
595 859 652 902 ora
675 857 792 904 eruore
816 841 948 904 nostro?

282 997 347 1063 Sed
371 1017 410 1063 ne
433 996 567 1064 relictis.
593 998 683 1063 Musa
707 1017 838 1083 procax,
865 999 943 1064 ineis

282 1119 366 1184 Ceae
390 1129 545 1185 retractes
568 1139 701 1184 munera
725 1119 856 1184 neniae:

324 1241 449 1308 Mecum
472 1241 616 1306 Dionaeo
639 1239 700 1305 sub
724 1250 814 1306 antro

174 1477 215 1526 36.
235 1477 300 1524 hura
317 1475 343 1524 d.

108 1693 149 1742 utri
174 1693 334 1741 verumtanem
357 1697 392 1742 est
417 1690 516 1743 bellum
543 1692 633 1756 civile,
671 1695 778 1756 generis
791 1685 994 1760 Ἐγκωμιῳεῐς
1008 1689 1196 1766 τούςένθερ-

108 1769 177 1817 intra
203 1767 319 1828 ltaliam
347 1769 403 1816 inde
427 1781 453 1818 sa
476 1768 502 1816 in
525 1769 635 1818 Galliam
670 1763 816 1832 μοπύλαις
828 1763 972 1830 θανόντας
983 1782 1009 1833 p.
1022 1770 1061 1820 to.
1074 1773 1193 1834 apparet.

107 1842 307 1904 Hispaniamque
324 1843 437 1908 deflerit,
461 1857 635 1905 reversumque
673 1844 737 1894 llinc
752 1846 888 1906 tamquam
901 1841 1035 1906 proverbii
1047 1843 1107 1894 loeo
1117 1857 1196 1894 usur-

107 1918 139 1967 αὑ
157 1931 249 1966 occasu
261 1917 422 1966 totisviru'das
434 1919 460 1966 ia
471 1919 549 1979 Epiro
563 1919 635 1968 iles-
672 1919 728 1981 pari
746 1918 840 1982 coepta
860 1920 900 1966 est
919 1917 967 1968 Ceu
989 1918 1071 1968 nenia.
1092 1918 1193 1982 (Catuli.

106 1993 363 2054 sparnacensem·
381 1993 438 2040 linc
455 1994 480 2040 in
497 1994 634 2056 Aeppptian
671 1991 717 2052 36,
743 1993 773 2042 8:
803 1993 922 2041 maestius
948 1991 1059 2041 lacrimis
1086 1993 1196 2042 Simoni-

105 2069 187 2118 rubitu
198 2067 342 2125 transiluit·
353 2067 410 2116 inde
421 2069 529 2129 resparit
539 2067 634 2128 Asiam·
671 2067 742 2128 deis.)
762 2093 788 2102 -
807 2067 921 2129 munera]
940 2067 1051 2127 Nemee,
1071 2070 1195 2132 utsupra

107 2145 163 2192 inde
188 2143 290 2205 Africae
313 2141 437 2198 nautum
460 2147 585 2204 postrano
608 2145 635 2192 in
671 2142 1195 2204 v.tt.,muuerasuntomniaea,quae

106 2217 257 2280 disparatum
274 2217 404 2279 reparanti
420 2221 442 2267 et
453 2217 487 2266 iti
498 2219 635 2280 aliquando
670 2217 807 2278 praestare
820 2215 902 2264 debet
912 2213 1031 2284 θρῆνος,
1049 2217 1079 2265 ut
1089 2215 1195 2266 laudern

107 2293 204 2354 defecit.
671 2291 821 2350 mereatur,
849 2303 902 2340 non
930 2286 1077 2341 Μουσάων
1101 2287 1194 2360 δῶρα,

140 2364 182 2417 dl.
206 2365 337 2429 Domine]
361 2364 501 2428 adiectis,
519 2367 632 2431 Apulae,
671 2377 722 2414 nec
740 2364 838 2414 Neniae
851 2363 934 2426 dona,
954 2378 1004 2414 nec
1017 2378 1129 2415 munera
1140 2364 1197 2415 hel-

106 2453 156 2504 pre
178 2441 304 2490 Romanis
329 2439 476 2503 (caedibus)
499 2444 633 2494 universe.
671 2438 799 2490 latoribus
821 2440 933 2490 mortuis
955 2440 1067 2504 tribute,
1096 2443 1124 2490 ut
1144 2443 1196 2490 Lu-

107 2517 161 2564 tllr.
172 2513 221 2564 0d.
234 2515 257 2572 l,
268 2515 309 2576 ἢ,
321 2514 361 2565 tl.
376 2516 491 2566 llorrore
500 2519 635 2579 sanguinis
673 2527 730 2563 can.
750 2515 780 2575 8,
801 2514 862 2564 rso:
883 2520 994 2564 astream
1010 2529 1112 2565 munere
1123 2515 1194 2565 mesti.

106 2589 192 2640 civilis
204 2591 258 2638 tarn
269 2588 345 2652 longe
355 2587 461 2653 lateque
471 2594 554 2656 sparsi
564 2592 636 2644 velut
672 2590 754 2638 Nauia
764 2591 856 2638 autern
868 2589 895 2638 h.
910 2589 926 2639 l.
941 2604 993 2640 non
1006 2594 1047 2640 est
1057 2592 1104 2640 dea
1116 2592 1197 2640 Nema

108 2667 211 2729 impetu
228 2661 357 2728 abreptus
374 2664 520 2716 cumulavit
542 2669 635 2732 imagi·
674 2665 742 2714 Festi
760 2668 841 2728 atque
859 2664 967 2715 arnobii
984 2665 1013 2726 l,
1032 2667 1060 2714 7:
1080 2668 1106 2714 in
1120 2667 1197 2718 tutela

107 2741 183 2803 gines
212 2739 335 2802 pernitie,
363 2741 511 2804 fluminum,
539 2744 633 2804 amris,
671 2743 728 2788 aurat
753 2739 860 2798 liertiae,
891 2739 979 2801 quibus
1003 2745 1117 2790 entremu
1141 2747 1197 2790 arnt

107 2827 170 2862 orae
188 2810 232 2862 illo
250 2826 346 2863 cruore
364 2812 488 2877 pollutae.
671 2819 791 2876 ternpore.
829 2813 895 2863 Nihil
928 2815 999 2865 enirn
1032 2817 1196 2865 invenustius

140 2889 181 2938 3'l.
211 2889 290 2946 Quasi
317 2889 395 2938 nimis
420 2889 549 2940 audacter
573 2905 634 2942 sese
672 2891 760 2948 esset,
787 2890 907 2951 quamsi
926 2889 995 2938 duae
1014 2889 1094 2948 deae,
1122 2891 1196 2939 Musa

108 2962 261 3022 extulisset,
283 2961 317 3010 ab
336 2963 438 3026 impetu
456 2966 637 3016 vehementis-
671 2965 700 3013 et
724 2963 819 3022 Nenia,
850 2963 884 3012 ita
911 2963 961 3012 sihi
987 2965 1195 3026 opponerentur.

108 3038 177 3088 sinin
201 3039 311 3100 repente
335 3051 364 3088 se
386 3039 506 3098 revocat,
533 3042 563 3089 ut
585 3040 632 3090 Od.
672 3037 828 3102 (deductura
856 3041 898 3088 est
928 3050 1021 3086 rnunn
1050 3050 1194 3096 renovare,

108 3111 137 3170 3,
161 3111 193 3172 3,
216 3112 257 3160 70.
282 3116 309 3160 et
326 3113 379 3162 iam
402 3113 532 3164 Pindarus
551 3113 589 3164 Ol.
609 3115 633 3176 9,
672 3111 799 3163 imitando
829 3113 979 3176 exprimere
1010 3114 1037 3161 et
1063 3111 1196 3173 quodum-

109 3185 153 3235 35:
179 3180 240 3234 ἀπό
259 3200 312 3250 μοι
329 3181 417 3252 λόγον
433 3183 547 3248 τοῦτον,
565 3185 635 3238 urd-
672 3187 753 3239 modo
771 3188 896 3250 repetere
913 3186 1053 3236 Simonidis
1069 3187 1195 3248 carmina,

108 3275 164 3323 μα,
189 3253 291 3330 ῥῖψον.
312 3289 339 3296 -
354 3261 464 3325 procas]
484 3261 633 3326 «petulans,
671 3263 764 3312 wieder
773 3263 822 3310 urie
833 3259 971 3310 Simonides
980 3265 1081 3310 ertdnan
1089 3261 1195 3310 laeseras

111 3339 262 3398 protervam
282 3333 329 3385 sed
348 3337 446 3387 retinet
462 3339 569 3400 originis
581 3351 597 3388 a
608 3353 633 3387 v.
673 3341 722 3388 Pro
739 3350 845 3386 munera
863 3335 1008 3387 Chahotius
1026 3336 1051 3386 in
1067 3335 1152 3385 Codd.
1166 3349 1195 3386 se

107 3411 231 3470 precandi
249 3411 393 3461 notionem.
673 3413 823 3475 repperisse
841 3413 932 3461 narrat
941 3410 1059 3470 vulnera,
1078 3409 1197 3474 proban-

140 3485 182 3536 38.
196 3486 400 3550 Ceue·-neniaa]
417 3488 470 3536 «Ne
487 3489 515 3536 tn
527 3500 635 3550 quoqne
672 3487 742 3536 tibus
756 3487 805 3536 ΗΡ.
820 3489 848 3537 et
858 3486 988 3546 Bosscha,
1007 3485 1131 3536 videlieet
1141 3487 1195 3536 sic:

110 3573 181 3611 nune
200 3563 298 3610 tractes
316 3561 434 3624 mihique
454 3562 569 3625 inspires
586 3575 636 3612 ne·
672 3562 721 3611 Cat
737 3565 859 3611 retracter
874 3563 979 3610 uolnera
995 3563 1083 3622 emta,
1107 3561 1195 3622 idest,

110 3637 181 3694 nias,
211 3631 355 3705 θρήνους,
385 3639 480 3686 cantus
508 3635 635 3699 lugubres
674 3635 1195 3696 emineas,rescindasnutovidsrist.

110 3711 172 3769 (Cic.
193 3710 227 3760 de
246 3712 367 3774 Leggd,
387 3710 449 3773 ii),
468 3710 561 3774 quales
573 3710 635 3761 olim
672 3711 701 3768 ³.
730 3711 775 3770 tt,
804 3711 845 3761 ts.
882 3711 997 3762 Loehrs:
1028 3711 1071 3773 qut
1094 3713 1199 3762 uolnera

110 3785 261 3850 composuit
287 3785 437 3836 Simonides
464 3787 571 3848 cena»
600 3785 634 3836 de
671 3785 886 3836 audurnraeat.
901 3785 1198 3850 Sedaeqnereiieienda

110 3873 163 3922 quo
181 3859 287 3919 Quintil.
309 3859 354 3920 ⁴0,
375 3861 402 3922 t,
422 3859 465 3910 dl:
492 3859 634 3922 sanantes,
672 3862 715 3909 est
739 3859 806 3909 haee
831 3859 909 3911 lectio
935 3863 1015 3923 atque
1041 3863 1071 3910 N.
1100 3860 1198 3910 Heinsii

107 3937 196 3995 poetae
213 3935 354 3992 tenerrimi,
371 3935 511 3996 praecipua
528 3935 555 3984 in
566 3949 636 3984 emn-
673 3935 740 3984 coni.
757 3934 869 4000 sunau.)

109 4011 232 4058 munaida
247 4009 407 4058 miseratione
422 4010 515 4068 uirtus,
533 4013 561 4059 at
578 4010 636 4070 qai·
706 4009 745 4059 39.
777 4010 890 4060 Dionaeo
918 4009 962 4059 sub
988 4011 1074 4075 anno]
1101 4011 1196 4068 Dione,

110 4084 168 4132 dum
184 4085 211 4132 tn
229 4084 277 4132 tue
294 4097 351 4133 esen
364 4087 440 4145 parte
457 4085 570 4134 muamus
585 4086 638 4134 eius
673 4083 784 4134 Veneris
803 4088 903 4144 mater,
923 4083 995 4134 iliad.
1015 4099 1037 4142 s,
1057 4085 1113 4134 370.
1134 4087 1198 4135 ltine

111 4159 191 4219 operis
207 4159 516 4223 mteribmpraeseruut.
537 4161 567 4208 Et
579 4161 636 4209 iure
674 4159 785 4210 Theocr.
806 4161 852 4220 tlt,
872 4160 932 4209 tou:
952 4156 1044 4230 Κύπρι
1062 4159 1195 4210 Arsarata.

112 4233 234 4295 quidem:
262 4232 335 4284 velut
356 4248 388 4286 ex
410 4231 510 4304 θρήνῳ
531 4235 637 4284 Danaes
674 4235 725 4283 Sed
744 4235 823 4286 etiam
839 4234 911 4297 apud
922 4233 996 4284 ovid.
1017 4237 1084 4286 Fast.
1098 4236 1122 4292 t,
1137 4234 1193 4284 titt.

112 4321 136 4370 p.
156 4309 196 4358 ar.
219 4307 399 4368 Schneiden.‚
427 4310 490 4360 item
515 4321 546 4358 ex
570 4308 637 4360 alius
675 4310 755 4360 Dtune
776 4308 925 4373 appellatur
946 4309 1001 4374 ipsa
1021 4311 1117 4360 Venus.
1154 4309 1198 4358 Est
