2992 4978
507 435 569 488 LlB.
587 440 629 488 lll.
666 441 695 488 C.
715 439 745 488 V.

368 591 548 659 Perniciem
570 594 703 660 veniens
729 596 758 660 in
782 617 911 673 aevum,

285 749 316 812 Si
341 770 404 814 non
428 751 549 837 periret
570 753 806 821 immiserabilis

283 871 415 957 Captiva
437 873 552 960 pubes,
597 876 695 962 Signa
716 897 778 963 ego
800 879 929 945 Punicis

322 991 435 1059 Adlina
456 993 601 1062 delubris
623 1007 655 1064 et
677 1019 766 1064 arma

364 1114 515 1182 Militibus
539 1118 610 1184 sine
634 1119 752 1197 caede,
777 1120 870 1196 dixit,

280 1273 422 1360 Derepta
443 1274 529 1354 vidi;
552 1277 618 1342 vidi
642 1299 704 1366 ego
726 1281 843 1346 civium

280 1395 411 1461 lietorta
432 1404 523 1485 tergo
546 1397 679 1466 brachia
701 1401 805 1471 libero

179 1553 216 1602 tr.
242 1553 356 1616 merit
381 1554 534 1608 Glareanus.
568 1561 676 1622 (periret
699 1575 747 1612 aaa
770 1563 919 1615 miserabilis
945 1565 1108 1631 Paldamus.)
1136 1599 1162 1606 -

149 1627 186 1676 il.
204 1629 311 1691 Dii-epta
326 1628 452 1690 BbSTod,
472 1633 516 1683 CJ.

121 1757 200 1808 lurum
228 1761 375 1823 perniciem
403 1762 442 1811 rei
472 1761 633 1826 publicarem
672 1759 729 1809 sine
752 1759 872 1823 spondeo
894 1761 996 1813 celeres
1020 1764 1130 1815 nimium
1148 1779 1196 1816 vo-

120 1835 144 1880 et
165 1831 282 1885 Glossam
307 1835 372 1885 Cod.
392 1838 445 1886 mei
469 1851 509 1887 c.:
540 1839 634 1902 «quod
670 1830 819 1898 labilesque
840 1837 868 1884 st
887 1837 944 1888 sine
967 1838 1086 1902 pondere
1110 1839 1198 1890 lerun-

119 1907 257 1969 tmheretp
277 1921 360 1972 quam
373 1909 515 1962 lectionem
527 1912 635 1977 praete·
671 1909 740 1957 tur.-
775 1909 891 1960 Bnnranr
907 1910 942 1960 ad
964 1912 1012 1963 Od.
1031 1913 1060 1974 i,
1087 1915 1130 1975 ro,
1155 1916 1194 1965 ru.

119 1984 174 2031 runt
182 1983 339 2046 Bernhardy
351 1987 378 2034 et
389 1985 504 2036 Lubker.
519 1988 634 2038 traiecti
671 1981 764 2033 Obstat
793 1985 898 2048 tamen,
928 2000 981 2036 nou
1009 1987 1094 2039 solum
1124 1989 1196 2054 quod

118 2058 184 2106 esset
206 2057 353 2122 «exemplo
377 2059 452 2110 velut
478 2056 634 2126 contagione
672 2057 795 2108 Horatius
817 2061 925 2110 omnino
948 2061 1064 2112 abstinet
1087 2063 1121 2112 ab
1145 2065 1196 2114 hac

117 2132 225 2194 quadam
242 2134 391 2197 perniciem
403 2138 586 2201 propagauit»,
605 2139 636 2186 ut
672 2133 884 2194 constructione,
903 2135 953 2185 sed
970 2136 1049 2186 etiam
1062 2137 1135 2199 quod
1147 2140 1197 2188 La-

117 2206 211 2256 Gratius
229 2208 298 2270 Cyn.
317 2207 380 2258 lli:
406 2223 438 2258 ae
458 2210 517 2260 dira
532 2211 636 2261 aalma
672 2205 718 2256 tini
735 2207 823 2270 potius
835 2207 1103 2272 dicuntparsacma
1122 2211 1197 2262 tarda

116 2282 226 2344 amaria
248 2283 319 2346 colai
343 2282 444 2348 (volptas
469 2285 580 2348 licius),
607 2289 635 2336 et
670 2285 763 2342 mant,
787 2294 868 2345 quam
884 2283 991 2334 inverso
1008 2284 1102 2335 ordine
1119 2293 1197 2337 ruant

115 2355 238 2406 Ausonius
263 2358 345 2421 Epist,
364 2357 409 2419 et,
434 2361 481 2410 28:
512 2360 554 2410 stc
570 2374 635 2423 pm
670 2355 746 2405 turba
762 2358 814 2406 cet.
849 2357 917 2408 Nam
941 2358 1007 2410 alius
1028 2361 1134 2422 generis
1156 2363 1197 2412 est

115 2441 187 2491 aspra
212 2432 321 2481 nominis
347 2433 425 2484 tratti
452 2436 486 2484 aa
513 2437 634 2499 caumata
671 2431 745 2481 ovid.
766 2432 834 2482 Fast.
854 2432 882 2494 3,
901 2433 965 2484 372:
983 2435 1196 2486 Sabmisereooa-

114 2515 188 2554 atum
204 2507 311 2569 Corpus.
337 2507 446 2558 Facilior
466 2509 575 2572 quidem
592 2512 634 2560 vi·
670 2507 933 2558 promaterterae
943 2523 1010 2572 atos,
1022 2509 1050 2560 id
1062 2513 1104 2562 est
1118 2511 1197 2562 «sub-

114 2575 185 2628 detur
201 2581 271 2632 haec
289 2581 383 2642 lectio,
402 2583 452 2633 sed
469 2583 568 2634 facilior
580 2599 633 2635 non
671 2583 769 2632 misere
787 2582 880 2634 oculos
892 2583 945 2634 dux
957 2585 1104 2646 elturba;»
1123 2589 1195 2636 coria

113 2655 161 2711 est;
187 2668 263 2718 nam,
293 2659 324 2706 ul
344 2659 417 2708 recte
435 2657 514 2720 liegal
532 2659 634 2722 signid—
671 2658 762 2706 contra
788 2655 910 2721 exempla
935 2660 1065 2724 Propertii
1091 2661 1120 2722 3,
1149 2662 1194 2722 tt,

113 2729 189 2790 cavit,
206 2743 249 2780 vv.
276 2731 306 2780 st
322 2746 372 2782 non
385 2733 481 2793 periret
498 2735 549 2782 cet.
570 2747 633 2784 sen·
670 2731 716 2782 28:
742 2733 808 2781 ande
824 2736 894 2781 taam
908 2739 999 2794 potant
1014 2735 1103 2784 Nacta
1122 2735 1196 2785 tarda

114 2801 215 2854 tentiam
233 2819 248 2854 a
267 2805 368 2868 Regulo
390 2808 448 2870 ipso
470 2808 574 2857 senatui
592 2808 633 2858 in·
669 2819 780 2864 mam,
809 2809 837 2856 et
860 2806 932 2870 apud
958 2807 1049 2858 Silium
1074 2809 1102 2867 6,
1130 2811 1193 2860 563:

112 2875 237 2928 calcatam
260 2881 408 2930 continent.
443 2882 523 2931 Certe
540 2882 562 2932 si
580 2895 634 2932 non
670 2881 1065 2946 taem-Disperramvalprm
1085 2883 1111 2933 id
1124 2885 1194 2946 quod

112 2950 203 3014 liegtrlo
213 2955 265 3018 ipsi
278 2967 340 3004 eam
352 2954 490 3016 tribueris,
506 2955 555 3006 sed
567 2958 634 3007 tam-
671 2953 818 3003 notandum
835 2953 965 3006 adversus
983 2956 1145 3008 Huschkium
1161 2959 1194 3008 nd

111 3035 185 3086 quam
208 3027 415 3093 explicationem
435 3029 571 3081 addideris
588 3044 630 3080 vv.
670 3027 762 3078 Tibull.
782 3029 810 3088 2,
835 3028 866 3089 i,
890 3028 930 3080 38.
955 3033 982 3080 et
1003 3029 1033 3090 l,
1056 3030 1085 3092 l,
1104 3033 1145 3081 aa.
1166 3059 1193 3068 —

110 3103 216 3164 compto
243 3103 378 3164 traterdir,
414 3117 467 3155 non
499 3107 632 3169 poeticam
669 3103 860 3167 macodo]
875 3102 1011 3154 «sineulla
1024 3105 1194 3156 miseratione

111 3175 385 3240 orationemhabebis‚
398 3179 630 3244 Horatiodignam,
670 3190 702 3227 ac
719 3177 929 3228 misericordia.»
955 3180 992 3241 (ln
1010 3180 1078 3229 coni.
1091 3193 1140 3231 voe
1149 3182 1197 3230 mi·

110 3248 153 3297 sed
177 3250 212 3300 ad
234 3252 392 3316 pedestrem
415 3253 574 3304 descendes.
602 3281 630 3292 —
668 3251 783 3303 seruitiis
800 3249 888 3312 facile,
913 3265 1009 3316 spero,
1034 3256 1133 3306 senties
1153 3256 1194 3306 in-

109 3325 436 3389 omims18ictucau.7‚
460 3327 522 3379 eet:
547 3342 632 3391 popa-
669 3339 735 3391 gens
752 3327 897 3378 discrimen
914 3327 984 3377 inter
999 3330 1093 3392 poesin
1113 3331 1195 3380 liora·

109 3396 143 3446 los
157 3402 212 3450 aaut
228 3401 359 3451 amantis
669 3403 769 3453 tianam
787 3405 814 3452 et
830 3400 1037 3465 scholasticam.)

139 3473 176 3522 ii.
191 3475 299 3539 patret]
319 3475 463 3526 Glareanus
482 3477 559 3527 metri
581 3476 631 3527 lul·
702 3478 818 3526 itt-aa.
845 3477 926 3542 Styra
942 3477 1002 3542 spo]
1028 3476 1103 3529 Falso
1126 3493 1195 3530 non-

108 3547 189 3598 ciendi
202 3563 284 3602 causa
297 3552 413 3600 correxit
426 3553 549 3614 perirent,
569 3565 631 3603 oum
670 3550 732 3602 nulli
755 3552 853 3615 opinati
877 3554 939 3602 sunt
964 3552 1031 3602 duos
1057 3565 1142 3605 veros.
1162 3569 1194 3604 ex

108 3619 170 3672 haec
186 3637 240 3674 nna
259 3625 382 3688 exceptio
400 3627 434 3676 sit
454 3625 526 3690 apud
547 3628 632 3677 liora-
669 3624 759 3689 Reguli
784 3627 903 3676 oratione
929 3627 956 3676 in
981 3631 1075 3677 senatu
1104 3628 1193 3679 habita

109 3695 169 3746 tium
192 3698 277 3750 thosis
299 3697 389 3750 brevis
413 3701 439 3750 in
462 3701 550 3765 priore
569 3713 632 3750 ver·
669 3713 811 3751 remanere
829 3701 855 3749 in
872 3701 962 3750 Naevii
981 3700 1108 3766 reliquiis.
1138 3703 1192 3754 Cir.

107 3780 150 3819 sus
169 3769 268 3822 Alcaici
296 3773 403 3831 ordine;
433 3775 535 3824 adata»
560 3776 631 3825 enim
669 3777 726 3825 eius
738 3776 870 3837 Fragmm.
884 3774 927 3824 ed.
941 3773 1101 3826 illussmann
1112 3792 1137 3841 p.
1152 3779 1192 3828 62.

108 3857 201 3907 «opera
230 3849 328 3897 Noster
353 3861 369 3897 a
391 3849 520 3906 trochaeo
549 3851 574 3900 in
598 3863 630 3900 eo
671 3877 698 3887 —
725 3850 847 3914 Dcrcpta]
878 3849 1022 3900 «violenter
1047 3855 1074 3901 et
1100 3856 1195 3903 contu-

106 3914 161 3967 looo
174 3919 303 3971 abstinuit
314 3925 368 3972 tem
386 3923 411 3972 in
424 3924 557 3988 Sapphico
568 3937 631 3974 ver·
668 3923 779 3975 meliose
800 3924 946 3974 detracta.»
976 3923 1057 3974 Tacit.
1079 3928 1145 3976 Ann.
1167 3927 1192 3984 i,

106 4004 147 4052 su,
172 4007 256 4058 quam
274 3997 300 4045 in
319 3995 363 4046 illo
374 3996 480 4048 Alcaico
500 3997 631 4062 [imenle-
668 3998 716 4050 tt:
744 3999 831 4061 Spolia
851 4005 874 4049 at
891 3999 940 4049 telo
956 4001 1076 4050 limnaais
1092 4003 1195 4061 darida

106 4078 162 4117 rum
185 4069 339 4133 exemplum
365 4085 417 4122 non
435 4073 573 4136 secutusJ:
593 4073 631 4121 id·
668 4075 695 4122 ia
725 4073 841 4123 mandris
872 4075 1008 4124 matorum
1044 4075 1191 4124 ostentabat.

105 4151 155 4201 quo
167 4144 270 4207 optimo
282 4144 392 4197 consilio
404 4147 630 4210 lactum,nempo
668 4149 738 4210 Virg.
759 4151 824 4198 Aen.
850 4150 892 4208 tl,
916 4149 979 4198 ⁴93:
1009 4150 1194 4212 spoliaveritis

106 4217 133 4261 ut-
150 4229 246 4268 versus
269 4217 302 4268 illi
324 4221 448 4270 tardiores
462 4221 549 4283 paullo
566 4235 630 4284 pra-
668 4223 770 4283 derepta
794 4223 907 4284 Latinis,
938 4221 982 4272 ubi
1010 4222 1051 4272 alii
1077 4224 1192 4284 direpta·

106 4289 232 4354 clarasque
255 4297 366 4346 amirari
392 4299 426 4346 ad
452 4311 541 4356 aura·
568 4310 629 4347 num
667 4297 715 4347 sed
733 4298 794 4348 vide
814 4299 991 4362 Wagnerum,
1011 4300 1073 4348 item
1094 4299 1142 4348 Fea
1158 4299 1193 4348 ed
