2986 4974
554 443 612 492 ua.
633 445 662 493 n.
700 444 728 494 c,
748 444 766 492 ι.
1131 443 1188 508 224

93 604 171 660 sunt,
193 597 267 650 illius
281 601 305 650 in
318 613 361 650 me
374 599 505 650 beneficis
518 602 631 652 notiora.
666 603 758 665 ltaque
771 601 918 654 discrimini
929 607 1020 654 vestro
1032 617 1076 654 me
1089 603 1194 654 subtra-

93 685 158 734 ham
183 688 214 734 et
239 697 287 734 ero
310 684 409 748 praeda
426 685 560 734 victoris.»
598 683 721 747 (veisa,
741 685 791 748 86.)
811 688 831 735 Α
850 685 932 736 rebus
954 685 1075 737 civilibus
1095 688 1192 738 deinde

91 769 241 818 abstinens
259 767 337 818 bouis
355 768 457 818 artibus
474 781 506 818 ac
523 766 668 831 disciplinis
680 781 790 839 operam
806 771 918 818 navavit.
955 771 1041 820 Vitam
1054 771 1192 835 tranquille

91 852 180 902 finiuit
199 854 228 902 in
248 850 308 902 ville
325 850 474 902 Tusculana
492 865 516 900 a.
535 865 561 900 u.
582 865 604 900 c.
625 851 681 900 758.
717 852 813 901 LXXX.
833 853 926 903 aetatis
945 866 1009 903 suae
1027 867 1106 904 anno.
1137 855 1194 904 Vir-

91 935 162 998 gilio,
184 936 236 998 qui
255 936 279 984 ei
297 936 350 984 iem
367 948 390 984 a.
411 935 467 986 tit.
487 933 612 996 Eclogcm
631 935 671 982 lv.
692 936 833 999 inscripsit,
853 938 880 985 et
898 937 1014 998 lloratio,
1034 939 1079 1000 qui
1094 939 1191 1002 scripta

91 1033 140 1068 sua
165 1021 191 1068 ei
213 1019 347 1082 imprimis
370 1018 478 1082 probari
503 1018 628 1082 cupiebat
647 1019 707 1082 (Sat.
728 1021 756 1080 t,
777 1021 822 1080 lc,
842 1020 902 1084 85.),
927 1022 1042 1082 amicus;
1070 1035 1191 1073 summus

91 1104 187 1152 orator
207 1101 326 1165 (Quintil.
347 1103 392 1162 tr,
419 1103 465 1158 tl.
488 1103 549 1163 id),
569 1104 663 1166 po‘eta,
683 1103 881 1166 tragoediarum
907 1106 1067 1167 praesertim
1095 1105 1191 1156 nobilis

90 1188 214 1251 scriptor
234 1187 314 1250 (Virg.
333 1185 387 1236 Ecl.
407 1187 437 1246 8,
457 1187 506 1248 till.
542 1186 685 1236 Historiam
703 1187 783 1236 etiam
800 1185 934 1238 bellorum
946 1175 1060 1238 civilium
1073 1193 1192 1240 conscri-

90 1273 154 1336 psit,
174 1270 260 1320 XVIl.
278 1268 353 1320 libris
372 1270 612 1333 comprehensam,
641 1271 716 1319 cuius
736 1270 911 1321 honorificem
928 1273 1074 1336 scriptores
1091 1275 1191 1338 antiqui

90 1355 267 1404 mentionem
285 1352 392 1404 iaciunt.
428 1354 508 1403 Tacit.
528 1356 595 1403 Ann.
615 1352 642 1414 t,
663 1353 703 1405 dl.
739 1356 846 1404 sueton.
867 1357 943 1406 Caes.
963 1355 1002 1405 30.
1017 1359 1133 1407 Gramm.
1149 1359 1188 1408 to.

90 1437 145 1487 val.
160 1439 236 1489 Man.
252 1437 277 1497 8,
298 1437 338 1496 ⁴3,
357 1449 381 1486 e.
398 1436 426 1488 l:
445 1436 522 1486 Petito
539 1451 589 1486 non
605 1437 712 1486 minima
725 1451 789 1499 pars
805 1439 911 1488 liontoni
929 1439 986 1488 stili.
1006 1438 1088 1490 Simul
1100 1443 1190 1492 tamen

91 1521 176 1572 nimio
195 1523 242 1571 sui
260 1532 353 1570 amore
371 1524 554 1570 transversum
572 1523 663 1581 actus,
683 1521 728 1581 iis,
748 1534 816 1585 quos
833 1519 953 1572 aemulos
972 1522 1118 1582 iudicabat,
1141 1526 1191 1575 de—

89 1606 204 1656 trahere
231 1603 346 1655 solebat.
388 1605 425 1653 lta
443 1603 579 1654 Ciceronis
603 1605 737 1655 orationes
762 1605 792 1653 ut
813 1605 969 1656 tumidiores
994 1607 1062 1670 (Seu.
1082 1610 1188 1658 suasor.

90 1689 137 1752 6.),
156 1688 290 1740 Caesaris
313 1687 521 1738 commentarios
544 1689 656 1752 propter
673 1686 860 1751 negligentiam
878 1692 1010 1742 sermonis
1028 1704 1060 1741 ae
1077 1692 1191 1742 menda-

91 1775 206 1822 citatem
224 1769 391 1834 suggillavit,
416 1769 520 1822 Salustii
543 1772 642 1836 scripta
659 1774 689 1822 ut
705 1773 785 1822 nimia
802 1774 952 1837 priscorum
969 1774 1116 1826 verborum
1128 1776 1191 1826 atie-

4 1897 5 1904 .
91 1857 213 1906 eletione
225 1855 380 1918 inquinata,
400 1856 428 1904 Τ.
444 1856 507 1905 bivii
518 1857 718 1907 Patavinitatem
731 1857 916 1920 reprehendit,
936 1859 1068 1923 cumipse
1081 1873 1189 1924 qnoque

91 1937 327 2006 aposterioribus
348 1939 422 1987 varie
445 1941 596 2000 notaretur,
624 1941 739 1991 maxime
762 1943 874 2005 propter
894 1940 958 1992 illud
981 1944 1068 2007 ipsum
1084 1945 1188 2004 vitium,

91 2023 165 2087 quod
184 2021 303 2072 salustio
321 2022 465 2072 obiecerat.
501 2024 583 2073 Tacit.
603 2023 668 2074 Dial.
687 2025 715 2074 at
730 2039 735 2072 :
753 2025 853 2075 Asinius
867 2027 966 2076 videtur
981 2028 1042 2077 miti
1058 2029 1124 2078 inter
1134 2029 1190 2078 Mc-

90 2111 179 2158 nenios
197 2112 222 2156 ct
239 2105 332 2169 Appios
348 2107 477 2169 studuisse,
495 2108 633 2156 Pacuvium
649 2113 715 2158 certe
731 2114 755 2158 ct
770 2109 873 2159 Accium
888 2125 939 2159 non
952 2111 1032 2160 solum
1043 2112 1187 2174 trapoediis,

90 2191 132 2240 scd
154 2191 239 2240 etiam
262 2189 417 2240 matuatus
438 2192 491 2240 sais
507 2191 643 2254 suppressit·
669 2193 731 2242 adeo
752 2195 830 2242 durau
846 2199 870 2243 et
885 2193 964 2243 sicem
981 2199 1030 2252 est;
1055 2194 1103 2244 sed
1121 2195 1188 2244 baec

92 2276 230 2326 sententia
250 2275 292 2324 est
308 2275 341 2325 Μ.
360 2275 436 2338 Apri,
456 2288 538 2338 quem
556 2275 593 2324 ibi
610 2275 745 2326 dicentem
763 2275 865 2326 inducit
881 2278 1008 2340 scriptor,
1033 2277 1188 2340 neutiquam

90 2359 175 2410 'taciti
195 2357 296 2422 ipsius;
315 2358 414 2408 etenim
432 2357 494 2408 ibid.
514 2372 538 2408 c.
552 2359 592 2408 aa.
612 2371 692 2408 verus
704 2360 802 2410 Tacitei
814 2360 901 2412 iudicii
917 2361 1049 2424 interpres
1061 2360 1186 2426 Messala:

90 2441 371 2493 emendarimus
389 2442 503 2504 (diverse
521 2439 635 2493 laudetis
652 2441 746 2505 Calvo,
766 2444 897 2506 Caesare,
916 2443 1014 2506 Caelio,
1033 2445 1123 2506 Bruto,
1144 2447 1188 2496 Ci-

92 2527 218 2590 ceronel;
243 2539 328 2576 omes
349 2531 432 2575 tomen
452 2526 557 2576 eonmm
572 2527 708 2575 sanitatem
725 2527 878 2589 eloquentiae
894 2529 985 2592 senati.
1016 2528 1116 2578 Verum
1134 2529 1187 2579 iam

92 2612 172 2660 autea
201 2610 305 2660 Seneca
330 2610 395 2672 Epp.
417 2610 456 2658 l6.
476 2608 642 2660 salebrosum
665 2607 788 2661 Pollionis
812 2613 839 2662 et
856 2611 1021 2662 exsilientem
1039 2614 1188 2662 orationem

93 2694 253 2758 exagitaret,
273 2693 349 2742 euius
366 2691 494 2743 iudicium
510 2695 581 2759 Apro
598 2691 690 2744 tribuit
706 2695 820 2745 Tacitus.
857 2695 909 2745 Cir.
929 2693 1086 2746 Tbcrbeclrii
1106 2697 1188 2746 Com·

93 2779 209 2828 mentat.
229 2776 263 2826 de
287 2776 368 2827 Asinii
390 2773 512 2826 Pollionis
533 2779 585 2826 vite
609 2779 636 2827 et
657 2779 770 2842 scriptis.
806 2780 887 2842 Lugd.
906 2781 962 2830 Bet.
983 2780 1055 2830 ⁴820.
1075 2781 1098 2830 8.
1118 2781 1188 2830 Dru—

93 2875 177 2912 mann
196 2861 226 2910 R.
247 2860 277 2910 G.
297 2859 327 2909 ll.
347 2861 372 2908 S.
393 2861 482 2910 t-it.
1036 2882 1044 2892 ·
