3078 4978
621 478 623 484 ¹
694 457 822 508 HOliAl'll
841 457 971 510 EPODON

508 612 636 699 Frangit
657 621 831 678 trementes
853 611 957 689 ilices3

462 735 528 800 Neo
551 732 641 799 sidus
664 742 734 798 atra
755 743 849 798 noete
872 732 1010 798 amioum
1034 742 1203 818 appareat,

507 855 579 934 Qua
600 853 698 919 tristis
720 853 822 920 Orion
845 852 951 930 eadit3
1348 854 1382 918 to

463 974 629 1055 Quietiora
651 993 713 1040 noo
736 973 856 1040 leretur
878 994 1041 1063 aequore,

506 1097 611 1176 Quam
634 1095 729 1161 Graia
751 1095 909 1161 viatorum
932 1116 1062 1170 manus,

464 1220 545 1284 Cum
565 1215 670 1283 Pallas
692 1225 764 1282 usto
787 1216 882 1282 vertit
903 1215 983 1282 iram
1006 1215 1047 1283 ab
1068 1216 1125 1282 llio

515 1341 550 1404 ln
572 1337 702 1425 impiam
724 1335 829 1404 Aiacis
851 1337 969 1403 ratam!

464 1463 493 1528 Ο
515 1469 655 1548 quantus
677 1459 773 1524 instat
793 1458 908 1524 navitis
931 1457 1033 1524 sudor
1054 1459 1119 1525 tuis

507 1580 642 1668 Tibique
664 1578 768 1668 pallor
790 1578 896 1645 luteus

337 1763 341 1772 '
362 1773 386 1822 8.
411 1770 495 1832 Frapit
516 1767 615 1820 Plotius
631 1781 658 1832 p.
678 1765 751 1818 4647.
769 1769 807 1829 P,
836 1767 913 1817 Vertit
932 1765 976 1817 vel
997 1767 1093 1818 Sirmii
1113 1768 1267 1820 dubitanter
1287 1783 1353 1835 pro-

328 1844 418 1911 posuit
428 1841 560 1894 Bentleius
571 1880 576 1902 ,
589 1841 688 1904 Plaapit
699 1843 808 1891 auctore
819 1839 984 1894 Wakefieldo
995 1843 1087 1894 Bothe.
1108 1845 1147 1906 (tlt
1158 1857 1222 1906 noe,
1232 1845 1346 1896 RbSTcd

328 1931 390 1970 aum
407 1917 505 1968 ceteris
523 1915 606 1968 Codd.
625 1915 714 1978 notis.)
733 1939 760 1950 ·
779 1917 827 1966 Vv.
848 1915 888 1967 44.
908 1917 1012 1968 tit-ao.
1031 1919 1058 1968 iu
1074 1919 1094 1970 li
1112 1917 1218 1980 desunt.

328 2087 370 2137 8-
382 2085 421 2135 40.
439 2082 554 2148 Fraapit]
568 2083 635 2133 Cum
647 2084 672 2132 vi
684 2083 783 2146 repetit
792 2095 818 2131 v.
858 2084 964 2148 rapiens
982 2088 1024 2135 eat
1040 2086 1066 2134 ln
1083 2085 1204 2136 Gerbard
1220 2091 1273 2136 aot.
1292 2086 1383 2136 Biiaw.

295 2163 427 2225 fraapero,
459 2158 532 2224 quod
560 2156 638 2221 longe
672 2157 822 2220 significan·
857 2159 886 2207 Τ.
910 2159 1010 2208 llllVll.
1035 2159 1059 2208 4.
1092 2160 1219 2210 Ceterum
1244 2161 1385 2212 manifesto

296 2237 348 2286 tius
366 2237 407 2285 est
426 2231 594 2298 improbabili
612 2230 654 2282 illa
666 2233 820 2282 coniectura
859 2234 992 2282 moreest
1013 2233 1190 2297 comparatio,
1216 2237 1244 2284 et
1263 2237 1387 2298 precario

295 2310 402 2374 PloaJoit.
426 2336 453 2344 -
484 2307 626 2368 ementes]
655 2307 820 2356 «commotae
859 2306 1038 2358 scholasticus
1058 2306 1168 2370 quidam
1179 2320 1266 2372 nuper
1277 2312 1388 2360 conten-

296 2385 331 2435 ab
348 2381 477 2446 Aquilone
498 2383 526 2431 et
546 2383 772 2444 conquassatas.»
793 2407 820 2416 —
859 2380 898 2431 dit
920 2381 1090 2432 testivitatem
1111 2383 1192 2432 totius
1210 2385 1335 2434 carminis
1360 2387 1385 2434 in

296 2460 347 2508 Neo
363 2458 430 2505 eidos
441 2483 456 2492 -
467 2481 482 2490 -
496 2455 613 2518 ammam]
634 2452 775 2514 «salutare,
794 2456 824 2504 ut
860 2469 892 2506 eo
903 2457 1073 2520 potissimum
1085 2456 1227 2518 contineri,
1244 2457 1318 2520 quod
1330 2457 1386 2508 Pal-

297 2533 392 2582 Castor
415 2532 442 2579 et
458 2526 562 2588 Pollux,
590 2541 623 2578 ex
645 2541 676 2578 ea
694 2526 760 2578 caeli
777 2541 823 2578 re·
859 2529 898 2580 las
922 2528 1014 2580 ulcisci
1039 2529 1139 2580 debeat
1163 2533 1310 2592 Maeuium,
1341 2534 1386 2597 qul

297 2606 374 2668 glane
392 2604 417 2653 ei
434 2605 573 2664 appareat,
597 2601 643 2651 ubi
661 2601 758 2651 oceidit
774 2603 824 2651 tri-
859 2600 944 2654 malae
955 2603 981 2652 in
992 2603 1078 2667 ipsam
1087 2617 1184 2656 versus
1192 2607 1384 2669 composuerit.

297 2679 355 2740 ntis,
374 2677 520 2742 perniciem
537 2676 665 2736 ailerens,
684 2677 770 2726 nomia
785 2677 824 2726 io·
892 2678 980 2728 46-48.
998 2678 1086 2740 tutata]
1104 2691 1120 2727 a
1136 2691 1163 2728 v.
1181 2680 1271 2738 tumn,
1290 2678 1384 2740 herba,

296 2755 373 2817 festia
409 2751 465 2816 (Ep.
488 2751 533 2811 45,
557 2750 591 2812 7.)
618 2751 721 2800 Orion.»
749 2751 820 2814 virg.
859 2753 934 2802 auius
960 2763 1042 2802 suooo
1067 2764 1219 2815 pannorum
1240 2752 1384 2804 inlectam

296 2831 362 2879 Aen.
382 2828 409 2888 4,
428 2826 493 2876 bib:
510 2824 637 2876 nimbosae
648 2825 733 2876 Orion.
761 2827 823 2876 Por·
859 2827 977 2875 utuntur.
1005 2825 1109 2888 (Waa,
1127 2825 1313 2891 Gillilrraat.)
1342 2828 1386 2878 Est

297 2900 412 2966 phyrion
423 2899 533 2964 quidem
545 2896 658 2963 explieat
675 2913 726 2961 aaa
736 2904 820 2958 noctu
859 2898 937 2962 igitur
953 2897 1027 2949 color
1043 2912 1168 2958 croceus,
1186 2898 1280 2963 gilvus,
1299 2899 1385 2964 qualia

297 2975 346 3028 sed
363 2977 500 3040 praestare
518 2973 623 3026 videtur
640 2971 722 3024 altera
744 2974 819 3023 ratio.
859 2971 929 3023 solet
945 2985 1006 3024 esse
1018 2975 1200 3036 arquatorum.
1219 2973 1290 3024 Cela.
1304 2975 1332 3034 3,
1343 2975 1384 3026 il.

331 3051 371 3100 43.
394 3049 433 3101 44.
453 3050 515 3101 aaa
533 3050 560 3098 P.
573 3075 612 3086 --
623 3049 691 3097 iram
713 3046 745 3098 ab
763 3046 821 3112 llio]
859 3047 1051 3112 Accipiendum
1067 3051 1157 3099 autem
1175 3047 1209 3098 de
1224 3050 1323 3099 summi
1335 3053 1386 3100 ter·

297 3125 423 3186 Minerva,
434 3123 631 3189 priuaTroianis
642 3123 823 3186 irataproptar
859 3123 927 3172 roris
945 3119 1049 3181 calore,
1072 3133 1125 3172 non
1142 3121 1176 3172 de
1194 3122 1329 3174 morbosis
1346 3125 1385 3174 la-

297 3199 398 3250 Paridie
411 3198 550 3257 iudicium,
567 3195 663 3246 eadem
678 3197 716 3246 ira
727 3209 823 3260 perse-
860 3195 909 3246 olei
922 3193 1047 3254 maculis,
1063 3195 1156 3245 mortis
1168 3195 1294 3248 naturalis
1307 3198 1385 3248 inter·

298 3277 358 3324 outa
377 3275 542 3323 eatGraeaos
559 3272 586 3320 in
603 3270 718 3333 patriam
730 3282 823 3320 rever-
860 3270 924 3321 dum
949 3271 1127 3334 praenuntiis,
1157 3271 1186 3318 ut
1210 3269 1293 3320 voluit
1318 3273 1386 3322 Cru-

297 3351 400 3408 tentes,
416 3349 559 3411 propterea
572 3344 645 3408 quod
658 3345 723 3395 Aiax
736 3344 823 3395 minor
860 3345 948 3410 quius.
984 3345 1022 3394 De
1040 3343 1116 3394 laaiei
1133 3341 1223 3394 colore
1241 3345 1322 3396 etiarn
1342 3347 1385 3396 li-

299 3420 477 3473 Caesandram
488 3419 556 3470 deae
567 3416 716 3483 supplicem
726 3417 752 3466 in
765 3417 822 3467 eius
859 3415 923 3469 buli.
944 3420 970 3478 4,
990 3419 1021 3481 8,
1040 3419 1086 3470 52:
1104 3417 1197 3468 nimiae
1213 3418 1266 3468 tuto
1277 3431 1386 3481 corpora

298 3494 398 3560 templo
415 3493 533 3546 violarat.
561 3492 657 3555 Odysa.
671 3489 687 3542 δ
694 3530 701 3554 ,
719 3493 768 3542 toa
780 3505 821 3555 sq.
859 3493 933 3556 tiapit
955 3505 1036 3542 maor.
1058 3519 1085 3529 -
1104 3491 1156 3556 itta]
1177 3492 1219 3544 tiu
1242 3503 1325 3556 qnam
1347 3495 1383 3552 tu,

297 3571 368 3632 virg.
386 3571 452 3619 Aen.
473 3570 502 3628 4,
521 3568 566 3618 39:
583 3567 699 3618 Pallam
717 3579 824 3618 emerere
860 3566 940 3616 bomo
958 3563 1127 3626 metanoea,
1146 3578 1324 3631 prorumpere
1340 3579 1385 3617 so-

297 3643 400 3692 cia-isam
421 3644 542 3706 Aryium
564 3647 640 3704 atque
659 3643 725 3705 ipsos
741 3641 824 3704 potuit
859 3640 914 3699 les;
933 3639 975 3690 illa
992 3639 1216 3704 impudenda.»
1237 3668 1266 3678 -
1283 3643 1384 3692 nonae

297 3717 455 3780 submergere
475 3723 552 3779 pauo
577 3718 654 3767 llatae
675 3717 705 3768 ab
727 3729 824 3766 noxam
859 3713 1080 3779 rilia]Cic.Tusc.
1094 3713 1211 3778 eati:
1229 3714 1385 3766 lammae

297 3796 322 3841 et
341 3791 424 3854 [roias
443 3791 527 3842 Aiacis
544 3791 624 3843 Oilei?
651 3789 822 3856 Properti,
859 3788 1306 3850 mulieribusquidemoonoeeaaoeat.
1326 3791 1385 3840 For

298 3864 327 3925 7,
346 3863 392 3914 39;
412 3863 485 3912 Saea
496 3865 658 3926 temptato
666 3866 765 3929 [repere
777 3863 825 3915 Ca·
860 3863 906 3916 mt
922 3864 1024 3914 amabo
1040 3863 1122 3913 utitur
1139 3862 1193 3914 inm
1209 3861 1293 3914 Plaut.
1308 3865 1382 3929 capt.

294 3937 394 4001 pliarea
401 3949 509 3999 pappos,
526 3939 664 4002 Naosrapa
680 3951 738 3987 aaa
752 3943 824 3988 oaato
860 3937 889 3999 2,
910 3939 937 3999 4,
956 3938 981 3987 7.
1001 3963 1030 3975 ·-
1043 3936 1167 4001 waraei]
1186 3938 1249 4000 aqui
1265 3951 1282 3988 a
1297 3939 1384 4002 praei-

299 4013 409 4064 Graecia
428 4016 512 4062 tracta
532 4011 586 4060 salo
607 4015 651 4061 eat.
681 4011 720 4060 De
737 4011 823 4063 Aiacis
860 4011 911 4063 bus
932 4023 1011 4062 aurea
1034 4011 1155 4062 avertit.»
1184 4009 1326 4074 Aliquanto
1342 4011 1382 4062 le·

299 4085 415 4137 iocinore
441 4085 513 4136 baud
537 4097 598 4134 rara
621 4083 656 4134 ab
676 4083 823 4136 artificibus
861 4087 920 4137 niue
937 4087 981 4136 eat
996 4098 1079 4149 quam
1090 4085 1217 4136 adirem
1236 4087 1290 4137 Cir.
1302 4087 1384 4137 Inter·

299 4161 415 4224 antiquie
431 4163 458 4210 ln
475 4157 643 4223 anaglyphis,
665 4157 774 4210 vasibus
790 4171 823 4209 ao
859 4162 950 4225 pratos
966 4159 1002 4210 ad
1018 4160 1094 4210 ovid.
1113 4161 1176 4212 liar.
1194 4161 1224 4222 'l,
1242 4160 1268 4212 t.

299 4235 412 4296 gemmis
430 4245 558 4298 expresso
575 4231 622 4283 cir.
641 4231 760 4282 Gerbard
776 4233 824 4282 Va·
893 4234 982 4286 teat.
1004 4235 1089 4286 laniae
1099 4261 1114 4274 -
1125 4262 1140 4273 -
1151 4234 1228 4300 antu]
1245 4237 1275 4286 ut
1291 4234 1338 4286 od.
1352 4235 1380 4290 4.

298 4321 365 4370 ma.
384 4309 426 4358 lli.
445 4321 471 4372 p.
491 4307 548 4359 447.
567 4306 630 4358 Aiax
642 4307 822 4358 Cassandram
860 4307 905 4368 33,
925 4308 970 4358 ta:
989 4308 1110 4360 calabros
1125 4309 1203 4360 aava.
1228 4309 1276 4361 0d.
1289 4309 1317 4370 3,
1334 4309 1380 4368 il.
