2986 4974
506 415 566 464 444,
587 415 616 464 tt.
653 417 681 466 c.
702 415 743 464 111.

366 571 491 637 Divitiis
514 571 655 657 potietur
677 570 781 638 heres.
867 613 869 621 ·

285 731 424 796 Divesne
447 731 555 817 prisco
578 741 671 796 natus
694 729 734 796 ab
758 731 889 807 Inacho,

281 850 329 915 Nil
353 851 497 926 interest,
522 871 562 916 an
584 871 711 939 pauper
733 864 765 918 et
787 851 893 918 infima

323 974 371 1040 De
394 983 488 1060 gente
511 972 670 1039 subdivo
694 974 846 1046 moreris,

366 1095 499 1162 Victima
520 1092 564 1159 nil
587 1094 768 1160 miserantis
791 1096 877 1162 Orci.

282 1257 403 1322 Omnes
427 1252 543 1320 codem
565 1253 728 1342 cogimur,
753 1255 895 1320 omnium

281 1378 434 1442 Versatur
455 1395 537 1441 urna
560 1375 666 1442 sarius
688 1376 780 1442 ocius

323 1497 402 1564 Sors
425 1497 548 1564 exitura
572 1507 603 1564 et
626 1518 685 1563 nos
708 1497 740 1562 in
763 1510 931 1565 aeternum

137 1710 182 1760 22.
202 1707 274 1758 444444
284 1707 312 1756 Τ.
326 1733 352 1743 -
365 1706 406 1756 43.
420 1705 461 1756 dio
472 1707 501 1766 B,
515 1707 555 1756 ct.
568 1733 595 1741 —
609 1706 649 1756 26.
664 1719 730 1756 4444444
741 1711 764 1756 44
774 1707 853 1756 4444444
864 1707 889 1765 S,
904 1705 977 1758 solus
989 1708 1058 1758 inter
1075 1719 1160 1758 meos.

103 1897 216 1959 antiqua
235 1894 320 1945 torma
337 1895 473 1944 444444-
487 1891 569 1942 Villae
587 1905 637 1941 en·
674 1892 717 1942 ts:
733 1886 851 1956 Ἀφνεὸς
868 1890 1003 1965 πενιχρός
1020 1909 1049 1944 aa
1066 1894 1195 1983 04444444

104 1973 158 2020 tem
177 1970 294 2034 propter
304 1967 421 2018 Tiberim
439 1968 504 2018 sitae
517 1966 551 2016 ob
565 1979 637 2018 com·
672 1963 751 2038 πάρα
768 1964 855 2034 &aad
874 1971 996 2020 4444444.

104 2047 214 2095 meatus
232 2043 386 2094 facilitatem
404 2044 493 2107 magni
509 2043 636 2092 aestima·
705 2043 745 2093 03.
781 2044 826 2094 md
857 2045 925 2110 diuo]
959 2046 1005 2095 Est
1032 2046 1196 2096 Graecorum

104 2119 214 2170 bantur.
672 2111 826 2190 ὑπαίθριον
846 2117 983 2170 διατελεῖν
1001 2117 1101 2169 Philon.
1132 2121 1193 2182 Lag.

672 2192 707 2242 ad
729 2194 822 2243 Caium
843 2207 869 2257 p.
890 2195 945 2244 400.
965 2193 1051 2257 Lips.;
1075 2193 1101 2242 in
1122 2205 1193 2257 pros.

671 2269 738 2316 orat.
769 2269 835 2318 «hae
855 2267 915 2318 luce
937 2266 1046 2328 lruaris,
1073 2267 1196 2317 interris

671 2343 844 2393 verseris»-
854 2342 967 2406 utereris]
979 2343 1032 2391 Cic.
1042 2341 1076 2391 de
1084 2341 1194 2391 4444334

671 2415 848 2466 Caumioraudi
864 2422 962 2466 natura
973 2417 1142 2467 deuersorium
1151 2431 1196 2466 ao·

670 2489 719 2552 044,
737 2506 788 2541 aaa
804 2491 932 2542 4440444444
949 2492 1031 2541 locum
1047 2491 1121 2542 dedit.

704 2565 744 2616 it.
763 2567 800 2614 ait
810 2567 959 2630 miserantis]
973 2566 1080 2617 Hesiod.
1094 2567 1192 2630 Theog.

671 2637 860 2692 taedeorco:
882 2639 981 2706 νηλεὲς
989 2631 1061 2712 ἦτορ
1074 2635 1159 2700 ἔχων.

703 2717 744 2766 35.
762 2717 884 2782 commu]
904 2717 1011 2780 «Gregis
1028 2717 1111 2768 instar
1122 2729 1196 2768 coru·

670 2788 805 2853 pellimur,
830 2788 1033 2858 συναγόμεθα,
1052 2805 1133 2841 aurea
1152 2790 1194 2840 illa

669 2865 792 2917 Mercurii
808 2863 1012 2930 ψυχοπομποῦ
1028 2866 1126 2928 virge.»

135 2943 179 2992 at.
199 2939 300 3004 4444444]
319 2940 425 2991 «Utrum
443 2937 485 2989 vel
503 2939 633 3003 antiquis-
702 2942 742 2990 26.
761 2941 802 2990 it.
825 2943 943 2990 Versatur
959 2942 1035 3004 urna]
1049 2939 1192 3003 Cogitmda

104 3019 173 3067 sima
191 3015 274 3078 stirpe
292 3016 366 3064 ortus
384 3015 429 3074 sis,
448 3016 486 3076 ut,
504 3016 578 3079 puta,
597 3013 631 3063 ab
669 3017 820 3066 Necessitas
829 3015 889 3076 dea,
899 3015 1003 3085 Μοῖρα,
1014 3015 1192 3084 Εἱμαρμένη,

104 3091 205 3141 inacho
223 3088 274 3150 illo,
293 3089 381 3153 prisca
399 3089 557 3152 Argivorum
568 3103 632 3153 rege
669 3091 932 3154 quaeurnamteuet,
946 3091 971 3138 in
984 3090 1194 3152 quamomnium

105 3169 175 3216 oet.»
201 3163 270 3226 Virg.
290 3165 355 3213 4444.
375 3163 404 3225 7,
428 3163 491 3213 att:
516 3165 550 3214 Et
569 3165 633 3215 Tur·
669 3165 808 3214 honnnum
836 3166 923 3214 sortes
955 3165 1091 3214 coniectae
1118 3165 1192 3224 sunt,

104 3255 151 3302 aa,
178 3239 202 3288 44
220 3239 308 3302 prima
329 3239 417 3288 (44444444
432 3244 563 3301 repetatur
578 3241 633 3290 444-
670 3238 1074 3302 quamquecontinenteroersat‚
1083 3232 1192 3297 πάλλει,

104 3329 150 3378 ρο,
168 3314 278 3364 laucius
288 3313 552 3377 44444444444444444.
573 3317 632 3365 «Di-
669 3313 761 3376 quatit.
806 3313 862 3386 iarn
896 3312 971 3362 cuius
1004 3325 1103 3362 nomen
1132 3311 1194 3362 inde

103 3403 145 3440 444
161 3391 254 3439 autem
271 3387 313 3438 vel
330 3386 405 3448 ideo,
425 3388 498 3452 quod
515 3403 548 3438 ex
563 3390 633 3440 anti·
668 3389 721 3438 aait
738 3388 798 3452 (hoo
815 3400 840 3436 ν.
860 3390 997 3452 proprium
1014 3387 1048 3438 de
1065 3389 1138 3438 sorte
1161 3400 1193 3437 ex

105 3465 236 3528 quissima
259 3466 287 3514 44
304 3463 467 3516 nobilissima
484 3467 562 3528 gente
583 3465 633 3515 de-
669 3477 736 3514 urna
762 3462 928 3526 exsiliente),
957 3465 1020 3514 huia
1049 3461 1126 3514 letale
1152 3464 1194 3514 est

105 3539 243 3592 scandis.»
278 3541 337 3591 Vim
360 3539 494 3604 poetieam
515 3539 633 3603 introge-
670 3539 747 3588 mori.
777 3537 824 3590 Od.
844 3539 874 3598 3,
894 3539 923 3599 4,
943 3539 988 3588 te:
1014 3538 1092 3588 044444
1107 3551 1194 3600 capua

105 3619 176 3676 runt,
189 3615 235 3678 qui
248 3615 435 3665 coniecenmt:
453 3615 634 3678 0444444444-
669 3619 749 3664 mooet
771 3627 838 3664 urae
860 3627 957 3664 44444444.
993 3614 1094 3664 Seneca
1112 3613 1191 3664 llere.

105 3703 145 3740 444
161 3695 185 3740 et
202 3694 291 3748 444444,
311 3689 376 3739 item
386 3689 518 3750 Bosscha,
536 3702 633 3754 propo-
670 3687 719 3738 tur.
740 3689 801 3739 tit:
821 3689 915 3752 Recipit
927 3688 1033 3752 populos
1049 3687 1194 3738 444444444-

106 3777 188 3816 nens:
222 3765 341 3826 04444444,
372 3765 458 3828 priam
491 3769 566 3814 natur
598 3779 633 3814 aa
669 3771 714 3816 tos.
740 3765 917 3826 statSilui,
938 3766 961 3828 4,
979 3766 1036 3816 ili.
1056 3766 1128 3816 idem
1145 3765 1193 3814 tri-

106 3841 205 3890 4444444.
220 3840 334 3890 inachus
344 3841 435 3890 autem
446 3839 550 3903 priscae
562 3841 632 3890 vitae
669 3841 760 3892 buitur
770 3841 871 3892 Aeaco:
884 3839 974 3890 ibimus
983 3855 1075 3901 44444444,
1087 3839 1193 3890 morus:

106 3913 242 3978 quoddam
252 3915 328 3977 quasi
339 3915 477 3979 specimen
486 3917 544 3964 erat
551 3915 632 3965 etiam
669 3917 795 3966 4444444444
810 3929 903 3966 umam
920 3917 1002 3976 quatit
1012 3916 1108 3965 ,4444444
1117 3916 1191 3966 ulain

107 3990 176 4053 apud
199 3991 324 4040 Graecos.
355 3989 408 4040 Cir.
431 3988 518 4039 Schol.
537 3990 630 4040 Venet.
673 3992 792 4040 -4444444
808 3992 888 4054 444444]
906 3991 979 4041 Ovid.
999 3991 1060 4040 4444.
1081 3990 1127 4051 40,
1146 3989 1191 4040 334

108 4063 423 4127 nutristoptriucttt.
439 4091 466 4100 -
480 4065 631 4130 aapauper]
671 4065 762 4115 Ouinia
793 4065 909 4116 0404444444
936 4065 1005 4114 44044
1029 4063 1194 4126 paulinusque

110 4141 153 4192 lob
175 4141 204 4200 3,
233 4139 278 4189 te:
305 4141 403 4190 Paratus
424 4145 447 4190 et
469 4154 577 4204 4444944444
599 4141 634 4190 404
670 4143 764 4192 morati
780 4141 866 4192 8444444
883 4145 928 4190 aaa
946 4141 1019 4190 4444444
1034 4140 1114 4189 sedem
1128 4151 1193 4200 pro-

110 4216 142 4276 (in
166 4215 243 4278 Orco)
266 4215 385 4276 aequales
405 4221 475 4276 44444,
502 4220 525 4265 et
549 4229 635 4265 44444444
666 4229 789 4281 peamau
815 4215 849 4266 ad
873 4228 965 4275 uaam;
996 4215 1124 4264 Tendimus
1147 4213 1194 4262 4444

108 4289 168 4342 liter
184 4305 202 4340 a
219 4291 319 4340 4444444444
335 4303 387 4340 nto.
424 4290 498 4342 Pind.
518 4291 593 4342 Nem.
608 4292 632 4355 7,
671 4305 762 4344 44444444.
785 4318 811 4326 -
831 4290 934 4341 Recita:
959 4289 1052 4341 aetera'
1067 4287 1190 4339 1444444444.

136 2228 636 2294 49.44444444444-04444444]4444444444444

102 2307 277 2370 argentique,
299 2316 440 2365 vasorum,
462 2303 544 2354 vestis
566 2305 637 2352 stra-

103 2381 182 2446 gulae
202 2383 254 2430 oet.
273 2378 471 2430 accumulatis.»
498 2379 541 2428 Sic
556 2391 636 2441 auge·

103 2463 146 2508 tur
162 2454 307 2520 splendida
325 2467 407 2519 opum
424 2455 526 2517 imogo;
545 2465 634 2516 neque

103 2529 294 2596 accipiendum
305 2530 339 2580 de
355 2531 419 2593 ipsis
430 2527 497 2580 villis
509 2541 541 2578 ac
552 2527 634 2578 domo

103 2607 223 2666 urbana,
241 2617 307 2668 quas
318 2604 447 2654 heredem
459 2615 545 2666 aeque
557 2615 635 2654 secu-

103 2687 144 2733 444
163 2693 228 2732 4444
246 2694 296 2744 per
312 2693 341 2730 se
359 2676 518 2741 intelligitur.
547 2678 634 2728 Etiam

103 2758 157 2806 Sat.
178 2756 211 2816 Ξ,
239 2753 269 2814 3,
296 2754 336 2803 06.
365 2753 429 2804 dixit
453 2753 554 2803 diuitias
572 2766 633 2802 coa-

103 2837 210 2880 struere.
