3014 4978
665 445 791 494 ltttttt'ltt
820 443 988 494 tltnltlbtbt

343 613 348 622 '
454 603 538 683 Quid
562 603 643 667 mori
666 600 801 667 cessas?
824 602 919 666 Potes
942 597 1002 672 bac
1025 596 1066 662 ab
1089 617 1168 661 orno

455 723 635 790 Pendulum
657 743 739 788 zona
760 721 844 787 bene
868 730 898 785 te
921 729 1032 786 secuta

581 843 726 910 laedere
749 842 876 910 collum.

455 1005 528 1072 Sive
551 1014 582 1069 te
604 1023 704 1090 rupes
726 1012 760 1068 et
781 1010 873 1068 acuta
897 999 959 1065 loto

454 1129 537 1193 Saxa
560 1124 735 1198 delectant,
761 1143 821 1208 age
844 1133 874 1188 40
900 1118 1062 1209 procellae

454 1247 558 1314 Crede
581 1245 701 1322 veloci,
726 1244 785 1310 nisi
809 1242 910 1310 herile
933 1243 1034 1308 mavis
1127 1241 1130 1250 '

581 1369 722 1454 Carpere
745 1386 897 1452 pensum,

454 1528 573 1614 Regius
595 1525 741 1613 sanguis,
766 1523 982 1609 dominaeque
1006 1521 1088 1588 tradi
1335 1527 1377 1588 65

453 1648 615 1715 Barbarae
637 1644 752 1734 pellex.
796 1643 915 1711 Aderat
937 1643 1083 1730 querenti

351 1839 391 1888 59.
405 1837 445 1887 66.
470 1841 554 1886 secuta
571 1849 583 1884 0
600 1837 610 1887 l
626 1834 704 1883 ltdere
719 1845 781 1883 cum
794 1831 986 1894 «quibusdumn
1000 1831 1083 1882 codd.
1103 1831 1224 1883 Lambini
1238 1836 1265 1884 et
1283 1835 1343 1884 llu-

319 1915 376 1962 reto
388 1910 472 1963 Bentl.
488 1935 515 1946 —
527 1910 567 1960 64.
581 1910 697 1960 4404404004
708 1909 737 1958 Β.
750 1909 811 1970 (non
823 1905 895 1967 bSc.)
907 1929 933 1941 -
946 1905 987 1956 63.
1000 1906 1061 1956 erile
1071 1907 1099 1956 B.
1113 1932 1140 1942 -
1151 1907 1192 1957 66.
1203 1908 1299 1971 poetar
1310 1910 1340 1958 B.

288 2081 382 2130 «Pater
407 2081 481 2143 ipse,
511 2089 676 2142 quemquam
701 2073 809 2135 absens,
847 2072 1377 2140 deductavolgarisnotionocendt,offen-

286 2155 350 2206 mihi
375 2155 474 2204 instare
495 2153 601 2203 videtur
621 2154 701 2215 atque
723 2151 810 2212 impe·
846 2149 928 2197 dandi.
956 2147 1005 2207 Qui
1022 2147 1177 2212 primariam
1195 2147 1280 2210 illam,
1305 2163 1376 2214 quae

287 2241 361 2288 rare,
400 2230 430 2277 ut
453 2229 569 2277 mortem
602 2237 716 2290 propere
745 2223 810 2272 mibi
847 2220 934 2271 elucet
951 2221 977 2270 in
994 2223 1148 2285 compositis
1165 2223 1282 2284 quidm,
1303 2225 1376 2273 00444-

287 2303 478 2353 consciscam.»
512 2302 597 2351 Patris
619 2311 731 2350 saevum
755 2299 810 2348 ius·
846 2297 916 2356 dere,
934 2295 1036 2357 elidere,
1055 2296 1163 2358 illidere,
1182 2297 1300 2358 064444αο,
1318 2298 1377 2348 aab·

287 2389 364 2436 sum,
393 2374 466 2439 quod
483 2375 534 2425 sibi
551 2375 641 2436 tingit,
668 2385 718 2436 por
735 2364 810 2420 ἀπο-
845 2370 933 2431 446040,
952 2383 1005 2419 non
1017 2367 1211 2432 intelligebant,
1229 2371 1377 2424 substituo·

284 2444 419 2518 στροφὴν
444 2448 479 2498 ad
503 2450 591 2499 semet
614 2448 700 2510 ipsam
723 2446 808 2496 ellert.
846 2445 907 2493 runt
916 2444 1013 2504 elidere,
1024 2444 1096 2507 quod
1107 2445 1280 2508 praelerebat
1293 2447 1377 2498 etiam

285 2523 429 2584 sequentia
438 2523 527 2573 statim
540 2535 620 2571 verae
632 2519 810 2586 μονολογιας
847 2519 969 2568 Heinsius
989 2517 1131 2569 adversar.
1153 2533 1180 2584 p.
1203 2521 1265 2580 448,
1293 2521 1376 2584 idque

285 2594 399 2646 formam
424 2595 550 2656 induunt,
591 2609 642 2646 nee
667 2607 731 2644 vero
757 2593 809 2644 ullo
846 2605 910 2642 sane
928 2593 979 2641 hac
996 2593 1186 2656 significatione
1205 2593 1376 2658 frequentius

284 2669 365 2720 modo
383 2669 496 2732 Agenori
514 2669 593 2719 tribui
612 2671 732 2732 possunt.
766 2670 810 2718 Sie
846 2667 887 2715 est
910 2679 992 2729 quam
1014 2665 1139 2730 simplex,
1166 2671 1280 2734 propter
1306 2671 1376 2720 hanc

284 2745 366 2795 etium
382 2742 501 2794 Neobule
524 2744 571 2794 Od.
592 2743 620 2804 3,
646 2745 685 2793 tu.
716 2757 809 2794 seeum
846 2739 932 2802 ipsam
959 2741 1090 2790 rationem
1118 2740 1145 2790 h.
1172 2740 1188 2791 l.
1213 2742 1374 2806 praeteren-

284 2820 341 2884 lpsa
366 2817 483 2882 loquitur
503 2831 553 2882 per
573 2816 721 2868 secundam
746 2831 810 2883 per·
846 2813 919 2864 dum.
935 2843 963 2850 -
977 2816 1103 2865 Ceterum
1119 2816 1171 2866 hoe
1182 2829 1268 2880 genus
1281 2819 1375 2868 mortis

284 2903 386 2943 sonam.
424 2894 552 2942 Ceterum
569 2891 616 2942 etr.
636 2891 697 2942 lliae
716 2891 809 2944 similis
846 2901 988 2939 commune
1007 2892 1032 2938 in
1050 2890 1181 2951 heminis,
1199 2889 1273 2942 velut
1291 2893 1318 2942 iu
1332 2895 1376 2944 10-

284 2964 387 3029 eulpae·
403 2979 466 3016 reae
492 2965 608 3016 lamenta
634 2965 705 3030 apud
731 2963 806 3017 Ovid.
846 2965 932 3024 casta,
950 2965 1094 3028 Antigona,
1113 2965 1249 3028 Phaedra,
1268 2969 1373 3028 Amata,

284 3043 342 3090 Am.
362 3040 391 3099 3,
410 3040 439 3102 6,
459 3039 504 3090 73:
524 3041 658 3090 (latinam
673 3054 730 3090 mea
747 3041 810 3091 lacto
845 3051 981 3102 saepeque
1000 3041 1072 3102 opud
1092 3041 1274 3091 Parthenium.

282 3115 365 3178 (orent
389 3115 524 3176 patrioque
550 3116 664 3177 sepulcro
691 3116 807 3178 Condita,
878 3113 968 3162 64-66.
984 3113 1147 3178 saltuem]
1163 3115 1374 3180 «Sivemagisto

284 3191 343 3239 dum
356 3194 475 3251 poternort
490 3190 597 3252 oirplnts
613 3203 669 3240 ossa
686 3191 752 3254 topi!
769 3218 783 3228 -
794 3221 809 3232 .
845 3183 962 3236 alliciunt
978 3200 1059 3252 rupes
1078 3190 1105 3238 et
1120 3201 1184 3238 saxa
1202 3190 1244 3251 tax
1262 3191 1374 3254 rupibus

285 3261 602 3327 Ouidmororlendtpr'tis
612 3265 811 3328 deripnoradul·
846 3260 1002 3323 exstantia),
1029 3264 1059 3311 ut
1079 3275 1148 3326 quaa
1171 3264 1250 3312 acuta
1268 3265 1321 3315 siut
1339 3263 1373 3314 ad

284 3343 339 3389 tara
355 3339 430 3402 vulpi.
845 3334 928 3387 letum
954 3334 1073 3387 dandum
1102 3339 1178 3400 (quae
1205 3339 1373 3390 acuminibus

316 3413 405 3464 448-64).
424 3413 457 3464 ab
468 3413 538 3479 orno]
553 3414 698 3465 construe:
713 3415 811 3476 pendu—
845 3411 900 3461 suis
910 3410 1033 3461 celeriter
1041 3415 1156 3462 mortem
1168 3413 1302 3474 afferant),
1315 3427 1373 3479 pro-

284 3487 336 3537 lum
352 3487 385 3538 ab
402 3501 477 3548 orno,
496 3501 562 3550 nou,
581 3487 683 3548 otalii,
702 3501 807 3538 azone.
846 3483 928 3534 cellae
951 3485 1052 3548 impetu
1073 3484 1164 3536 adiuta
1191 3487 1217 3536 in
1240 3501 1373 3553 praeceps

285 3561 327 3609 Sic
352 3560 504 3625 Apollonius
529 3562 646 3613 Rhodius
670 3563 696 3612 in
718 3563 809 3612 Cauno
846 3563 872 3610 te
898 3558 997 3617 dolica,
1027 3559 1092 3610 uisi·
1107 3563 1148 3622 tu,
1180 3563 1256 3624 regia
1286 3565 1371 3626 tingo,

285 3633 356 3697 apud
368 3636 455 3685 Parth.
466 3637 505 3686 tt.
520 3636 553 3686 de
565 3636 691 3700 Byblida:
705 3635 761 3688 4444
772 3631 810 3706 ῥα
846 3649 923 3686 serva
947 3635 1004 3686 lieri
1027 3635 1161 3700 praetera,
1189 3638 1232 3687 cui
1255 3638 1372 3702 quotidie

285 3703 358 3756 κατὰ
377 3707 534 3770 anemalato
551 3708 710 3782 σᾳρωνίδος
728 3705 810 3763 αὐτὶ·
846 3709 880 3759 ab
904 3710 970 3760 bora
992 3711 1143 3774 assignetur
1164 3725 1282 3775 pensum
1306 3715 1373 3776 (oer-

285 3795 324 3831 κα
337 3781 442 3850 ptrpqv
455 3777 619 3848 Ἀψαμένη,
636 3781 733 3854 δειρὴν
749 3785 810 3837 aaa·
846 3787 902 3835 tum
919 3784 1024 3848 pondus
1042 3784 1118 3836 luuaa
1138 3787 1297 3848 cavendae,
1320 3791 1373 3838 tra-

285 3849 408 3922 6ήκατο.
430 3884 456 3892 —
473 3857 668 3922 oenomaum]
684 3871 752 3922 «qua
763 3875 810 3925 op-
847 3857 966 3919 bandua,
991 3860 1111 3920 neudae,
1136 3859 1170 3910 de
1187 3874 1242 3924 quo
1260 3859 1373 3912 molesto

285 3933 411 3994 portuno,
434 3929 506 3980 haud
524 3931 634 3992 trustra,
654 3933 739 3983 cineta
756 3935 810 3986 huo
846 3933 934 3984 0444040
945 3936 1063 3998 Propert.
1077 3935 1102 3994 3,
1116 3936 1145 3996 6,
1165 3937 1208 3986 lb:
1228 3937 1313 3986 utum
1328 3949 1373 3986 aas

285 4004 443 4055 devenisti.»
464 4031 490 4042 -
509 4006 627 4070 laedere]
647 4007 672 4056 h.
690 4005 708 4056 l.
722 4010 808 4072 prima
842 4022 922 4069 pansa
943 4010 1073 4060 ministrae
1098 4009 1276 4072 Carpebant),
1304 4023 1371 4076 quoe

285 4079 486 4144 significatione,
493 4079 662 4142 suscblapan,
670 4083 808 4145 qustscben,
846 4081 951 4134 domina
964 4082 1079 4134 barbara
1093 4085 1119 4134 te
1131 4083 1210 4136 simul
1222 4086 1252 4134 ut
1262 4097 1371 4136 mosam

284 4153 401 4215 lrnt'clrun,
427 4155 458 4203 ut
479 4153 550 4218 apud
571 4155 676 4205 Lucret.
695 4157 724 4218 5,
744 4157 807 4207 999:
846 4159 933 4208 mariti
954 4155 1078 4222 pellicem
1100 4160 1232 4222 perpetuo
1252 4159 1369 4210 cruciatu

284 4227 386 4278 turbido
398 4228 470 4291 ponti
486 4227 603 4290 Aequora
618 4229 748 4282 laedebam
764 4245 810 4280 no·
845 4231 951 4282 afficiet.
971 4260 999 4269 -
1018 4232 1247 4298 now-Savo]
1271 4233 1367 4284 6044004

284 4315 325 4352 oea
341 4304 375 4354 ad
392 4316 458 4354 rnen
473 4303 596 4365 virosae.
617 4305 682 4354 llinc
697 4303 808 4356 demum
847 4307 969 4356 Controv.
992 4307 1018 4364 4,
1043 4307 1066 4356 3.
1090 4320 1117 4370 p.
1136 4305 1176 4358 ot.
1197 4307 1270 4370 Rip:
1295 4305 1367 4358 uota
