2992 4978
521 442 580 492 ΗΒ.
599 443 642 492 lll:
677 443 706 492 C.
726 442 767 491 lV.

341 598 408 664 Seu
433 556 553 664 fidibus
576 595 764 686 citharaque
787 595 918 664 Phoebi.

255 754 399 833 Auditis,
424 777 465 822 an
488 776 540 822 me
562 754 644 823 ludit
665 755 811 823 amabilis

259 877 413 944 Insania?
434 877 555 944 Audire
579 889 612 944 et
633 877 747 944 videor
769 878 840 965 pios

300 1001 416 1066 Errare
439 1019 499 1086 per
520 998 631 1076 lucos,
656 1019 813 1066 amoenae

340 1121 431 1200 Quos
454 1132 486 1188 et
509 1141 615 1210 aquae
638 1120 779 1188 subeunt
800 1132 833 1188 et
855 1142 964 1188 aurae.

259 1281 309 1346 lile
332 1278 499 1347 fabulosae
522 1279 652 1347 Volture
674 1281 706 1345 in
728 1279 831 1367 Apulo

194 1498 219 1549 l.
239 1498 368 1548 οἰϋιανωο
384 1496 486 1557 abste,
505 1497 572 1556 act,
599 1497 665 1546 item
683 1495 786 1559 Beati,
811 1497 860 1548 sed
877 1496 975 1564 probat
991 1497 1139 1558 citharaque
1154 1497 1183 1558 β,
1231 1529 1234 1538 ·

159 1575 189 1624 et
215 1573 255 1623 sio
279 1573 370 1622 noster
394 1569 421 1620 d.
450 1597 477 1607 -
506 1571 531 1619 a.
549 1570 655 1620 Audias
678 1567 695 1619 δ
719 1583 762 1634 ap.
789 1571 896 1623 Kirchn.
923 1583 950 1634 p.
977 1571 1037 1632 56„
1063 1569 1186 1622 ludim?

160 1651 213 1700 Fea
231 1649 300 1699 ooni.
322 1672 349 1683 -
369 1647 394 1696 9.
413 1645 519 1697 Habent
533 1647 613 1710 Apulo
629 1645 756 1707 BbSTed,
775 1645 858 1697 abdito
874 1646 968 1698 Bothe.

128 1845 224 1908 polit:
241 1836 269 1892 ‘A
277 1835 657 1908 uuoanmlqpeaotltyoa
693 1839 838 1892 martia
856 1842 1000 1905 pauorque
1019 1842 1115 1892 rodiam
1130 1844 1217 1892 raaia.

127 1915 241 1989 Σειρήν.
268 1916 362 1968 catull.
381 1917 428 1978 al,
446 1916 495 1967 320
510 1931 516 1966 :
530 1917 658 1967 atatim
693 1917 732 1966 De
739 1915 827 1979 Elysio
837 1929 903 1968 aava
912 1918 1027 1981 accipias
1037 1919 1217 1968 cuonroua.

125 2019 160 2030 -·
170 2005 240 2042 voca.
262 1993 393 2052 «sonora,
405 1989 531 2054 liquida.»
549 1993 611 2042 Aca.
627 2019 654 2028 —
696 2018 724 2027 -
737 1991 828 2056 aptiae]
847 1992 874 2042 h.
888 1990 904 2042 l.
918 1991 1010 2054 rivuli,
1028 1993 1058 2042 ut
1068 1993 1139 2054 virg.
1151 1993 1232 2056 Aea„

124 2066 225 2131 Μίὺω]
244 2067 321 2130 Opto,
339 2068 381 2126 ut,
401 2078 562 2130 quocunque
575 2065 656 2116 modo
694 2066 723 2127 l,
749 2067 811 2116 ⁴67:
839 2079 923 2129 apim
943 2067 1042 2129 daim,
1068 2065 1163 2117 lantes.
1190 2093 1218 2104 -

127 2140 176 2191 tibi
202 2139 305 2205 placet,
336 2151 446 2192 carmen
471 2140 536 2190 mihi
561 2139 656 2190 luudaa
693 2140 732 2190 Ex
748 2152 775 2189 v.
792 2139 907 2202 auaui,
925 2139 998 2204 quod
1015 2141 1123 2205 propria
1141 2140 1175 2190 ad
1192 2154 1217 2189 v.

126 2214 171 2266 val
188 2214 254 2265 tibia
270 2214 314 2266 vel
331 2227 391 2266 assa
405 2227 473 2265 voca
484 2213 527 2264 vel
540 2214 656 2278 denique
694 2225 777 2274 aqam
799 2214 925 2274 refertur,
948 2215 982 2264 ad
1006 2229 1032 2264 v.
1051 2228 1133 2264 aurae
1152 2214 1219 2264 eliae

127 2289 224 2354 lyr-av
243 2301 325 2352 quam
337 2285 658 2360 :campagiorum
689 2289 809 2352 perfluat.
844 2289 886 2339 Sic
904 2302 953 2340 uos
970 2291 999 2340 at
1015 2289 1048 2339 da
1065 2288 1219 2352 aquaatde

126 2364 277 2424 citharaque
292 2363 388 2414 Phoebi.
424 2363 472 2424 Qui
494 2363 657 2413 citiorum
693 2375 757 2413 aura
774 2363 942 2426 iurataioln,
960 2363 1139 2414 awctwallai.

125 2438 220 2502 Μῑὺαε
245 2436 281 2501 (id
307 2440 360 2498 ast,
388 2440 418 2488 ut
440 2436 549 2500 volunt,
590 2435 656 2500 lyra)
727 2439 751 2488 9.
761 2438 898 2502 [aluum]
908 2437 966 2489 Noli
974 2439 1026 2490 hoo
1034 2451 1060 2488 v.
1069 2451 1130 2489 oum
1140 2438 1222 2488 Scho-

127 2511 337 2576 distinguebant,
347 2513 655 2576 scripseruntcitlturooa.
693 2511 776 2564 liastia
797 2513 959 2578 coniungere
981 2527 1043 2564 oum
1066 2527 1091 2562 v.
1110 2512 1219 2572 altricis,

127 2587 183 2638 Sed
202 2585 297 2650 triplex
314 2587 399 2650 optio,
424 2587 454 2635 ut
470 2588 576 2650 opinor,
601 2586 658 2638 sul·
694 2601 757 2638 cum
774 2587 906 2638 referatur
916 2588 952 2638 ad
962 2603 987 2638 v.
996 2587 1128 2651 palmatias
1141 2600 1166 2636 v.
1178 2587 1218 2637 ⁴2.

127 2661 239 2713 liciebat
249 2676 255 2720 ;
273 2661 365 2725 putida
376 2659 470 2712 luisset
481 2659 655 2725 quadruplex.
694 2661 815 2714 ubivide.
825 2691 852 2699 -
863 2663 962 2714 Volture
968 2663 1089 2728 inApalo]
1095 2665 1169 2713 Duae
1177 2674 1221 2712 res

126 2737 201 2800 Virg.
221 2739 287 2785 Aea.
306 2734 337 2797 6,
357 2736 422 2785 tao:
452 2736 565 2786 ltret'oio
579 2736 658 2798 fretas
694 2738 827 2802 permirae
845 2737 888 2787 hio
906 2737 1129 2798 uobisacciduut,
1149 2734 1222 2798 quod

127 2813 231 2862 citam
244 2809 382 2874 flatumque
398 2811 507 2860 canaria.
536 2813 659 2874 Propter-
693 2811 827 2875 aliquisita
841 2811 1031 2873 VoltaraApalo
1043 2815 1133 2862 tamen
1146 2815 1222 2859 aetra

128 2901 163 2938 ea
192 2886 243 2936 atsi
272 2887 364 2935 contra
390 2897 466 2936 meos
490 2885 574 2936 Codd.
601 2896 658 2935 om·
693 2887 812 2950 Apuliam
837 2889 886 2948 sit,
917 2885 1043 2950 quodque
1067 2887 1093 2937 in
1116 2884 1222 2935 duobus

129 2975 180 3012 nes
208 2957 381 3011 scribendum
419 2963 461 3010 asi
494 2960 656 3020 mappa,
694 2961 817 3013 versibus
829 2974 889 3012 sesa
902 2960 1096 3024 excipientibus
1107 2961 1222 3024 primam

130 3049 186 3087 nou
204 3035 341 3084 citharave.
694 3035 826 3099 syllabam
848 3037 876 3085 et
891 3033 1016 3099 produxit
1038 3037 1065 3084 et
1084 3034 1218 3097 corripuit.
1255 3093 1257 3098 Ι

163 3112 188 3160 5.
207 3108 333 3172 Auditiai]
353 3109 484 3158 «etiamne
495 3121 559 3170 vos,
577 3108 659 3160 soda—
695 3112 762 3162 lliuo
779 3108 877 3161 multae
896 3111 974 3158 natae
999 3111 1061 3160 suut
1084 3109 1222 3159 coniectu-

129 3185 179 3246 les‚
192 3197 227 3234 an
239 3197 289 3247 ego
300 3183 407 3234 solusl»
425 3185 482 3234 Hoc
492 3181 570 3246 longe
581 3185 660 3248 sipul-
694 3198 758 3236 rae:
775 3186 803 3234 ia
819 3185 960 3234 arduo-in
975 3183 1059 3233 abdito
1069 3209 1081 3219 ·
1091 3184 1117 3232 ia
1128 3183 1201 3232 arido
1212 3207 1224 3217 -

131 3261 255 3311 ficantius
272 3271 354 3323 quam
378 3259 446 3308 leae
467 3256 530 3308 illud
551 3259 657 3308 audiris.
695 3265 771 3311 extra
787 3259 876 3309 limina
892 3259 997 3321 patriae
1009 3285 1024 3295 -
1040 3263 1117 3307 aetra
1135 3257 1224 3306 liniae

164 3335 188 3386 6.
218 3333 334 3397 imario]
374 3334 483 3395 «gratus
515 3331 557 3382 ille
586 3333 660 3383 iaror
696 3333 1224 3386 sedatae-intralimiaallaoaiae·aatra

132 3409 267 3475 poeticus,
300 3403 547 3472 ἐνθουσιωμός.»
586 3406 659 3457 Plato
696 3411 786 3460 iimina
800 3407 1033 3472 Priliaalvidelioet
1049 3407 1159 3458 nutricis
1172 3409 1224 3458 lio-

131 3483 245 3534 Phaedr.
275 3495 302 3547 p.
329 3481 387 3532 iit.
417 3483 461 3531 a:
492 3477 552 3530 ἀπὸ
578 3482 660 3534 Moo-
697 3485 768 3547 ratii)
786 3511 801 3521 -
819 3485 891 3534 intra
913 3485 989 3533 timeo
1009 3482 1128 3545 Apuliae:
1156 3493 1224 3544 qua-

132 3552 368 3620 σῶν-κατοκωχή
388 3568 420 3604 τε
437 3555 487 3606 καὶ
509 3557 609 3621 μανία.
631 3583 658 3594 -
697 3573 758 3609 rum
784 3561 875 3609 tamen
902 3555 972 3608 nulla
997 3555 1145 3622 probabilis
1173 3559 1222 3607 est.

130 3633 247 3696 pios-per
266 3631 343 3695 laicos]
362 3643 482 3692 «sacros,
510 3645 578 3695 quoa
601 3643 661 3696 per-
699 3632 911 3694 Quideleuduut‚
924 3634 1011 3694 lanus,
1024 3631 1140 3692 Iahnius,
1153 3633 1226 3682 lian-

133 3704 272 3757 ambulant
289 3707 406 3756 Musae.»
433 3706 542 3768 Dionys.
563 3707 659 3769 llymn.
699 3711 760 3758 uer-t
781 3709 885 3771 imitar,
909 3709 933 3757 Ξ.
953 3721 1017 3772 pag.
1037 3707 1077 3758 68.
1098 3706 1150 3757 hoo
1169 3706 1225 3756 lero

134 3781 174 3831 30.
212 3778 347 3844 Calliopen
364 3779 519 3843 alloquens:
539 3774 661 3852 Αὔρηδὲ
699 3783 805 3834 dicunt:
821 3781 929 3834 avoltur
940 3795 1018 3833 mous
1027 3781 1135 3847 Apuliae
1144 3793 1226 3844 supra

135 3853 195 3904 σῶν
226 3847 275 3904 ἀπ’
301 3848 414 3905 ἀλσέων
436 3849 526 3919 ’apag
553 3857 662 3926 φρένας
699 3858 857 3918 Venusiam,
886 3859 962 3909 ouiua
985 3859 1077 3920 iugum
1097 3857 1122 3906 in
1139 3856 1226 3906 Luca-

135 3927 261 3980 ὅονείτω.
304 3927 368 3980 Plat.
395 3930 442 3980 lon
469 3943 495 3994 p.
525 3928 582 3981 tal.
610 3932 658 3980 l.:
700 3933 771 3982 niam
782 3933 934 3996 porrigitur.
964 3933 1052 3992 Quare
1064 3933 1138 3981 recte
1149 3942 1225 3980 mons

135 4001 262 4055 Μουσῶν
278 4000 377 4054 νάπαι.
397 4007 517 4068 Propert.
531 4005 560 4066 3,
580 4006 610 4067 l,
630 4008 640 4054 4
654 4021 659 4054 :
697 4006 793 4068 Apatna
809 4005 916 4067 dicitur,
939 4007 965 4055 in
983 4017 1037 4069 quo
1054 4005 1178 4056 Horatius
1189 4003 1226 4052 ui-

135 4080 281 4130 callimachi
297 4093 384 4132 mortes
407 4085 430 4129 at
449 4079 492 4129 Coi
509 4092 586 4130 saara
603 4081 662 4131 Pti-
700 4081 752 4132 mis
768 4093 928 4146 progressus
946 4081 1013 4131 lines
1031 4078 1140 4144 Apuliae
1153 4079 1225 4127 arira

136 4159 212 4214 lotoe,
230 4155 258 4203 la
274 4159 398 4216 iraatram,
418 4167 523 4215 quaeso,
541 4156 664 4205 masinile
699 4157 793 4220 potuit.
825 4156 889 4207 lude
907 4159 983 4206 extro
999 4155 1082 4204 lilaea.
1112 4153 1224 4204 Metram

137 4228 282 4278 trauainai.
318 4229 399 4279 Tacit.
418 4228 483 4280 Dial.
502 4231 547 4279 ⁴2:
566 4230 663 4280 Soeaiit
701 4231 789 4280 autem
808 4234 904 4294 poetae
926 4229 1009 4280 Latini
1030 4229 1056 4278 in
1074 4225 1226 4278 nourinibus

135 4303 235 4354 animus
253 4303 365 4367 (poetae)
389 4304 414 4353 ir
431 4303 487 4353 lora
500 4316 571 4366 paro
588 4309 664 4364 moue
699 4304 815 4369 propriis
842 4306 869 4355 at
892 4305 1038 4368 peregrinio
1067 4301 1139 4352 haud
1164 4313 1225 4352 raro
